4038 6146
373 276 510 342 1135

1608 279 2128 341 AMBIGUORUM
2171 285 2420 350 LIBER.

3487 293 3622 359 1186

369 390 654 458 ἐνέργειαν
700 388 1100 459 ἀπερίγραφον,
1156 386 1250 440 καὶ
1286 371 1535 458 ’ἄναρχον
1580 389 1806 451 ἀνωθεν,
1849 390 1926 443 κα¹

2047 394 2289 450 cundum
2320 413 2538 453 omnem
2572 411 2680 456 tam
2726 405 2995 460 rationem
3046 414 3209 475 Quam
3252 408 3474 462 modum
3531 410 3618 464 in-

369 479 734 548 ἀτελεύτητον
779 478 1024 532 κάτωθέν
1053 479 1170 529 ἐστι
1212 475 1274 528 τὸ
1310 475 1561 543 ἄπειρον,
1612 480 1707 532 καὶ
1751 479 1941 542 ἁπλῶς

370 572 550 624 εἰπεῖν
571 569 958 640 ἀληθέστερον,
1005 566 1150 621 κατά
1178 567 1354 620 πάντα
1383 567 1654 637 ἀόριστον,
1686 569 1761 633 ὡς
1790 569 1943 622 οὐδε-

370 662 456 725 νὸς
482 661 546 714 τὺ
573 660 839 730 παράπαν
866 660 990 713 καθ’
1021 659 1124 713 ἕνα·
1160 658 1269 712 τῶν
1307 659 1783 729 ἀπηριθμημένων
1813 662 1941 731 τρόο

370 770 488 807 πων
515 752 695 821 (171
717 750 791 822 b.)
811 748 1268 821 συνεπινοηθῆναι
1291 749 1439 819 αὐτῷ
1455 751 1783 820 δυναμένου.
1803 753 1942 805 Καθ’

366 842 429 897 ὃν
446 843 556 915 γὰρ
580 842 646 896 ἂν
679 843 932 912 εἴποιμεν
960 842 1116 910 λόγον
1140 841 1391 912 ῆτρόπον
1418 841 1674 895 δύνασθαί
1688 860 1739 895 τι
1758 842 1945 915 ἕτερον

366 933 516 1003 αὐτῷ
544 931 660 986 κατ’
693 932 879 985 οὐσίαν
917 933 1172 1003 διάφορον
1203 931 1669 999 παραϐάλλεσθαι,
1699 933 1792 987 τὸν
1819 933 1941 987 ὅλον

366 1020 465 1089 τῆς
498 1019 626 1086 ὅλης
654 1019 910 1086 ἀπειρίας
949 1018 1098 1087 αὐτῷ
1130 1019 1611 1090 συναφαιρούμεθα
1653 1021 1830 1091 λόγον.
1877 1025 1938 1077 Et

365 1109 422 1163 δὲ
446 1108 671 1182 ἄπειρόν
700 1126 755 1161 τι
780 1105 918 1163 εἶναι
959 1110 1018 1162 οὐ
1046 1109 1270 1163 δύναται
1299 1104 1343 1178 ᾧ
1370 1110 1430 1175 ἐξ
1458 1112 1628 1165 ἀϊδίου
1661 1114 1939 1184 συνυπάρ-

363 1217 446 1277 χει
499 1199 683 1270 ἔτερόν
727 1217 780 1253 τι
825 1200 946 1253 κατ’
988 1199 1181 1255 οὐσίαν
1237 1200 1514 1273 διάφορον,
1540 1201 1766 1273 ἄπειρον
1800 1201 1938 1258 εἶναι

361 1289 612 1359 οὐδαμῶς
642 1288 917 1358 ἐνδέχεται
947 1288 1138 1344 δυάδα.
1170 1290 1236 1344 Δί
1271 1291 1379 1361 γάρ
1414 1290 1533 1345 κατ’
1568 1292 1740 1364 αὐτὴν
1771 1294 1939 1364 μονά-

357 1379 447 1442 δες
484 1379 742 1449 ἀλλήλαις
773 1381 918 1432 κατὰ
951 1379 1253 1451 παράθεσιν
1290 1376 1730 1454 συνυπάρχουσαι
1773 1386 1938 1458 ἀλλή-

358 1464 458 1528 λας
498 1464 799 1536 ὁρίζουσιν,
827 1468 1119 1540 οὐδετέρας
1154 1471 1253 1541 τὴν
1280 1471 1472 1542 ἑτέραν
1507 1474 1776 1544 ἀορίστως
1806 1477 1936 1546 δρᾶ-

359 1552 485 1608 σθαι
519 1555 933 1627 συγχωρούσης,
952 1560 1389 1630 παρακειμένην,
1409 1561 1523 1614 ἀλλ’
1542 1564 1639 1633 οὐχ
1668 1564 1935 1633 ὑπερϐαί-

356 1662 554 1700 νουσαν
576 1646 827 1719 ἐχούσης,
847 1649 1049 1703 καὶτὸν
1066 1651 1166 1717 τῆς
1182 1652 1437 1722 ἀπειρίας
1452 1654 1675 1717 εἰκότως
1692 1654 1934 1726 ἀλλήλων

2046 485 2261 540 ﬁnitum
2314 498 2418 553 est,
2453 493 2756 547 secundum
2802 497 3123 552 essentiam.
3174 498 3477 551 secundum
3516 514 3619 569 po-

2043 581 2320 643 testatem,
2343 584 2646 637 secundum
2667 585 2965 651 actionem,
2998 587 3301 642 secundum
3321 597 3618 658 utrumque

2043 662 2366 738 términum,
2423 662 2807 744 superiorem,
2861 678 3107 748 inquam,
3164 689 3221 733 et
3276 679 3615 743 inferiorem,

2041 757 2148 813 hoc
2178 771 2264 816 est
2292 766 2597 820 secundum
2628 768 2849 822 initium
2871 779 2928 825 et
2956 770 3142 825 ﬁnem.
3173 771 3617 841 lmperceptibite

2041 855 2190 908 enim
2223 859 2528 914 secundum
2585 862 2882 917 essentiam
2920 871 2977 919 et
3026 859 3359 935 cogitatione
3390 866 3618 919 lmcom-

2041 945 2418 1012 prehensihile
2469 951 2773 1023 secundum
2817 962 3149 1022 potestatem
3197 963 3254 1009 et
3311 954 3614 1009 secundum

2039 1034 2312 1088 actionem
2341 1036 2909 1109 incircumscriptum,
2963 1050 3021 1096 et
3049 1042 3168 1097 sine
3225 1042 3499 1112 principio
3523 1058 3618 1097 su-

2040 1136 2158 1191 pra,
2213 1133 2268 1179 et
2302 1125 2422 1182 sine
2453 1128 2561 1182 fine
2611 1129 2754 1184 infra
2810 1140 2897 1185 est
2956 1131 3233 1186 inﬁnitum
3268 1133 3427 1198 illud,
3465 1140 3524 1188 et
3556 1142 3622 1189 ut

2039 1211 2365 1285 simpliciter
2392 1217 2583 1272 verius
2613 1218 2815 1282 dicam,
2850 1237 2919 1274 ex
2942 1221 3202 1275 omnibus
3231 1223 3483 1291 partibus
3527 1223 3617 1278 in-

2038 1299 2414 1367 terminatum,
2447 1320 2575 1358 cum
2608 1305 2746 1361 nihil
2802 1309 3030 1363 omnino
3088 1311 3392 1365 secundum
3443 1328 3617 1368 unum

2035 1405 2227 1445 eorum
2261 1408 2403 1462 quos
2440 1397 2694 1450 recensui
2722 1398 3010 1453 modorum
3042 1416 3150 1454 una
3183 1417 3309 1456 cum
3366 1418 3436 1458 eo
3464 1403 3617 1474 cogi-

2038 1484 2142 1537 tari
2174 1486 2368 1554 possit.
2398 1486 2736 1558 Quacunque
2769 1490 2919 1544 enim
2952 1493 3164 1546 ratione
3194 1493 3279 1547 vel
3316 1495 3481 1549 modo
3536 1496 3618 1551 al-

2037 1582 2218 1628 terum
2274 1577 2407 1645 quid
2461 1580 2702 1634 essentia
2759 1596 2857 1635 sua
2911 1582 3193 1637 diversum
3240 1583 3292 1637 ei
3349 1585 3615 1654 applicari

2035 1679 2197 1734 posse
2252 1672 2632 1732 statuerimus,
2690 1681 2803 1725 tota
2837 1673 3006 1727 totius
3061 1673 3356 1730 inﬁnitatis
3400 1675 3614 1730 ratione

357 1739 816 1807 συναφαιροῦνται
855 1740 1116 1809 λόγον.Εί
1156 1742 1214 1795 δὲ
1258 1742 1507 1814 ἄπειρον,
1547 1745 1621 1809 ὡς
1636 1746 1926 1812 δέδεικται,

2043 1755 2222 1826 ipsum
2258 1760 2619 1829 privabimus.
2648 1761 2807 1828 Quod
2836 1763 2880 1818 si
2918 1763 3197 1819 inﬁnitum
3226 1764 3437 1835 aliquid
3491 1780 3617 1825 esse

358 1825 432 1898 μὴ
452 1828 727 1899 ἐνδέχεται
745 1827 888 1884 εἶναι
902 1830 1090 1899 δυάδα,
1108 1831 1231 1886 οὔτε
1247 1832 1480 1905 ἄναρχον
1509 1834 1773 1905 δηλονότι,
1788 1840 1931 1910 ἀρχὴ

353 1920 465 1988 γὰρ
497 1919 676 1991 πάσης
701 1920 892 1984 δυάδος
935 1923 1102 1993 μονάς
1132 1940 1148 1956 ο
1204 1927 1254 1978 εί
1301 1926 1359 1979 δὲ
1405 1930 1480 1998 μὴ
1513 1927 1746 1999 ἄναρχον
1810 1930 1931 1985 οὐδὲ

353 2008 634 2078 ἀκίνητον,
679 2011 917 2062 κινεῖται
963 2012 1073 2082 γὰρ
1097 2010 1175 2081 τῷ
1197 2012 1417 2083 ἀριθμῷ
1448 2015 1514 2066 ἐκ
1543 2015 1784 2085 μονάδων
1812 2015 1930 2069 κατ’

353 2099 567 2161 ἕνωσιν,
590 2102 683 2152 καὶ⁸
706 2100 786 2162 εἰς
812 2099 954 2153 αὐτὰ
981 2100 1123 2153 κατὰ
1156 2101 1425 2172 διαίρεσιν
1456 2103 1517 2157 τὸ
1550 2098 1689 2158 εἶναι
1713 2104 1931 2175 λαμϐά-

353 2205 520 2242 νουσα
552 2204 568 2219 ·
592 2190 641 2242 εί
668 2189 724 2242 δὲ
753 2190 826 2259 μὴ
853 2189 1130 2260 ἀκίνητον,
1179 2191 1300 2244 οὐδὲ
1342 2192 1504 2246 ἄλλου
1554 2193 1701 2257 τινὸς
1751 2194 1928 2267 ἀρχὴν

353 2274 512 2332 εἶναι.
536 2277 610 2330 Τὸ
642 2277 749 2349 γὰρ
785 2279 1104 2349 κινούμενον
1135 2281 1235 2334 οὐκ
1272 2282 1438 2352 ἀρχὴ,
1474 2281 1592 2336 ἀλλ’
1626 2283 1686 2350 ὲξ
1727 2285 1925 2355 ἀρχῆς,

351 2367 549 2438 δηλαδὴ
578 2368 673 2422 τοῦ
709 2368 1001 2433 κινοῦντος.
1039 2371 1222 2434 Μονὰς
1248 2371 1305 2425 δὲ
1338 2373 1476 2445 μόνη
1499 2374 1704 2444 κυρίως
1731 2376 1923 2444 ἀκίνη-

350 2474 461 2521 τος,
493 2460 575 2512 ὅτι
609 2460 746 2529 μήτε
772 2459 1000 2530 ἀριθμός
1024 2463 1163 2526 ἐστι,
1199 2462 1337 2532 μήτε
1371 2463 1675 2533 ἀριθμητὸν
1707 2464 1739 2535 ἢ
1765 2465 1924 2536 ἀριθ-

352 2549 623 2620 μούμενον
684 2549 827 2619 (οὔτε
856 2553 965 2622 γὰρ
1001 2552 1165 2623 μέρος
1192 2552 1225 2622 ἢ
1255 2551 1378 2606 ὅλον
1418 2552 1451 2622 ἢ
1498 2553 1680 2624 σχέσις
1710 2556 1857 2608 ἐστὶν
1888 2556 1923 2625 ἡ

353 2639 563 2707 μονὰς),
595 2640 689 2694 καὶ
723 2640 928 2712 κυρίως
956 2641 1190 2712 ἄναρχος
1220 2643 1261 2707 ⁸,
1289 2643 1373 2696 ὅτι
1398 2643 1696 2715 μηδέτερον
1725 2645 1924 2714 ἑαυτῆς

348 2728 463 2799 ἔχει
515 2729 908 2800 πρεσϐύτερον,
939 2729 999 2794 ἐξ
1034 2725 1095 2784 οὗ
1123 2732 1417 2801 κινουμένη
1448 2732 1664 2801 δέχεται
1692 2731 1754 2786 τδ
1782 2728 1922 2786 εἶναι

351 2819 539 2889 μονὰς,
566 2819 660 2872 καὶ
685 2819 910 2892 ἄπειρον
936 2821 1162 2891 κυρίως,
1195 2822 1275 2875 ὃτι
1306 2821 1470 2892 μηδὲν
1499 2821 1614 2891 ἔχει
1645 2825 1922 2895 συνυπάρ-

348 2925 441 2979 χον
487 2909 520 2979 ἦ
554 2910 1077 2981 συναριθμούμενον,
1106 2913 1200 2964 καὶ
1237 2911 1382 2983 ἀρχὴ
1412 2912 1639 2983 κυρίως,
1670 2914 1751 2967 ὅτι
1784 2932 1921 2968 παν-

346 2997 436 3062 τὸς
460 3001 554 3053 καὶ
585 3000 822 3071 ἀριθμοῦ
851 3003 947 3055 καὶ
1002 3001 1411 3073 ἀριθμουμένου
1463 3006 1557 3058 καὶ
1611 3004 1920 3077 ἀριθμητοῦ

346 3092 496 3145 αἰτία
564 3096 853 3164 τυγχάνει,
906 3095 982 3158 ὡς
1046 3096 1228 3166 πάσης
1268 3096 1505 3167 σχέσεως
1569 3100 1662 3151 καὶ
1723 3100 1923 3164 παντὸς
1952 3077 1997 3137 C

351 3184 548 3254 μέρους
572 3186 663 3239 καὶ
688 3185 810 3239 ὅλου
833 3186 1168 3259 ἐξῃρημένη.
1194 3190 1290 3242 καὶ
1319 3189 1523 3259 κυρίως
1553 3189 1647 3242 καὶ
1673 3189 1912 3262 ἀληθῶς,

345 3273 530 3344 (172
558 3277 613 3345 a)
654 3277 887 3347 πρώτως
911 3277 933 3308 ⁸
970 3293 1031 3330 τε
1075 3279 1170 3331 καὶ
1200 3279 1376 3348 μόνως
1406 3279 1501 3333 καὶ
1541 3279 1748 3344 ἁπλῶς,
1796 3281 1914 3334 ἀλλ’

343 3367 549 3430 οὔπως,
584 3366 776 3439 πρώτη
806 3386 868 3422 τε
917 3369 1085 3439 μονὰς
1121 3370 1443 3441 ὑπάρχουσα
1482 3371 1576 3424 καὶ
1621 3372 1778 3444 μόνη.
1811 3374 1923 3427 Καὶ

344 3456 501 3510 τοῦτο
550 3457 800 3528 λέγοντες
840 3460 942 3514 οὐκ
980 3461 1148 3532 αὐτὴν
1175 3461 1251 3525 ὡς
1288 3462 1404 3515 ἐστι
1442 3461 1781 3534 σημαίνομεν
1824 3464 1921 3536 τὴν

346 3552 887 3624 μακιρίανΙθεότητα,
912 3555 1157 3626 ἀπείρως
1173 3556 1317 3609 κατά
1336 3556 1510 3622 πάντα
1533 3557 1629 3611 καὶ
1647 3556 1806 3626 λόγον
1828 3558 1921 3613 καὶ

342 3638 542 3707 τρόπον
568 3642 662 3694 καὶ
684 3640 758 3711 νῷ
788 3644 882 3695 καὶ⁸
915 3642 1058 3714 λόγῳ
1093 3644 1260 3698 παντὶ
1287 3645 1384 3699 καὶ
1425 3647 1649 3716 ὀνόματι
1692 3649 1921 3719 ἀπρόσι-

342 3744 434 3781 τον
466 3729 632 3783 οὖσαν
662 3732 942 3797 παντελῶς
976 3735 1072 3788 καὶ
1114 3736 1592 3804 ἀπροσπέλαστον,
1634 3739 1748 3792 ἀλλ’
1791 3741 1920 3793 ἐαυ-

341 3822 450 3882 τοῖς
478 3820 603 3890 ὅρον
635 3821 735 3889 τῆς
760 3823 841 3886 είς
870 3823 1041 3895 αὐτὴν
1068 3825 1311 3889 πίστεως
1336 3827 1655 3898 παρέχομεν
1687 3829 1919 3902 βάσιμον

344 3912 439 3964 καὶ
473 3912 603 3982 ἡμῖν
631 3914 852 3984 ἐφικτόν
883 3933 944 3971 τε
973 3917 1068 3970 καὶ
1087 3918 1421 3989 πρόσφορον.
1456 3920 1532 3974 Οὐ
1564 3920 1674 3998 γάρ
1704 3921 1780 3984 ὡς
1810 3940 1917 3976 πα-

344 4001 668 4069 ραστατικὸν
696 4003 912 4068 πάντως
936 4004 1117 4070 τοῦτο,
1140 4006 1287 4076 φημὶ
1330 4007 1388 4060 δὲ
1434 4006 1497 4060 τὸ
1539 4009 1640 4079 τῆς
1692 4011 1918 4079 μονάδος

340 4087 531 4160 ὄνομα,
564 4090 665 4160 τῆς
697 4091 848 4156 θείας
876 4095 970 4147 καὶ
1007 4097 1278 4166 μακαρίας
1301 4097 1539 4162 οὐσίαςό
1561 4098 1703 4163 θεῖος
1733 4100 1918 4170 διαγο-

344 4181 491 4249 ρεύει
525 4181 702 4251 λόγος,
738 4185 854 4238 ἀλλ’
885 4186 960 4249 ὡς
988 4187 1318 4242 ἐνδεικτικὸν
1347 4189 1447 4259 τῆς
1489 4192 1788 4257 παντελοῦς
1817 4194 1915 4247 αὐ-

340 4271 440 4340 τῆς
472 4273 775 4347 ἁπλότητος
803 4276 904 4347 τῆς
953 4278 1212 4333 ἐπέκεινα
1267 4279 1450 4352 πάσης
1507 4283 1803 4353 ποσότητός
1854 4302 1914 4338 τε

344 4363 435 4416 καὶ
493 4368 800 4437 ποιότητος,
849 4369 942 4422 καὶ
997 4370 1097 4440 τῆς
1147 4372 1470 4443 οἱασδήποτε
1526 4375 1782 4445 σχέσεως,
1827 4377 1915 4432 ἵνα

341 4454 556 4526 γνῶμεν
607 4459 689 4514 ὅτι
741 4461 816 4532 μὴ
871 4462 992 4516 ὅλον
1018 4462 1021 4467 ⁷
1046 4463 1101 4516 τί
1148 4465 1297 4517 ἐστιν
1324 4464 1398 4527 ὡς
1419 4467 1482 4518 ἐκ
1518 4467 1702 4538 μερῶν
1731 4485 1915 4534 τινων,

343 4549 478 4619 μηδέ
494 4567 547 4603 τι
573 4551 739 4622 μέρος
757 4553 906 4607 ἐστὶν
928 4556 986 4620 ἐξ
1008 4556 1129 4609 ὅλου
1149 4557 1317 4620 τινός.
1353 4557 1483 4610 ’Υπε
1495 4558 1640 4628 ράνω
1669 4559 1775 4630 γὰρ
1812 4563 1917 4615 πά-

341 4655 438 4708 σης
458 4640 776 4712 διαιρέσεως
790 4660 848 4696 τε
867 4645 962 4698 καὶ
983 4646 1284 4709 συνθέσεως
1303 4648 1398 4700 καὶ
1411 4648 1610 4722 μέρους
1630 4649 1724 4703 καὶ
1739 4651 1859 4704 ὅλου
1879 4653 1911 4723 ἡ

355 4730 570 4800 θεότης,
588 4733 913 4801 ὄτιᾶποσον,
932 4737 1025 4790 καὶ
1043 4726 1224 4807 πάσης
1253 4738 1352 4807 τῆς
1381 4740 1522 4792 κατά
1553 4739 1703 4793 θέσιν
1738 4742 1915 4812 ὑπάρ-

339 4820 472 4886 ξεως
494 4826 697 4895 καὶτῆς
712 4825 830 4901 πῶς
844 4822 983 4882 εἶναι
1001 4830 1170 4901 αὐτὴν
1185 4829 1509 4901 ὁριζομένης
1527 4832 1734 4895 ἐννοίας
1756 4834 1914 4903 ἀπῳά

340 4913 596 4984 κισμένη,
611 4915 694 4968 ὅτι
711 4916 923 4984 ἄποιον,
940 4919 1036 4973 καὶ
1055 4921 1154 4989 τῆς
1172 4904 1307 4991 πρὸς
1326 4920 1453 4973 ἄλλο
1472 4923 1577 4974 πᾶν
1594 4923 1772 4992 πάσης
1788 4941 1914 4977 συν-

339 5005 532 5071 αφείας
552 5022 612 5058 τε
627 5008 724 5060 καὶ
741 4996 1073 5080 οἰκειότητος
1090 5011 1351 5083 ἐλευθέρα
1380 5016 1473 5065 καὶ
1504 5014 1724 5083 ἄφετος,
1756 5015 1913 5086 ἄσχε-

336 5111 428 5147 τον
447 5095 652 5167 γάρ,τὸ
673 5099 778 5170 πρὸ
801 5100 972 5170 αὐτῆς
989 5102 1022 5171 ἢ
1038 5104 1154 5172 μετ’
1174 5102 1390 5175 αὐτῆςῆ
1415 5104 1533 5174 μετ’
1552 5105 1721 5174 αὐτὴν
1743 5107 1843 5160 οὐκ
1869 5106 1917 5158 ἕ-

336 5188 625 5257 χουσα,ὼς
660 5190 880 5245 πάντων
902 5194 921 5224 ⁷
956 5193 1238 5261 ἐπέκεινα,
1270 5195 1365 5248 καὶ
1393 5196 1583 5266 μηδενὶ
1607 5197 1716 5250 τῶν
1748 5198 1917 5251 ὄντων

2037 1864 2148 1904 non
2179 1861 2360 1920 potest
2389 1867 2513 1906 cum
2542 1869 2654 1922 quo
2694 1870 2758 1909 ex
2782 1864 2990 1909 aeterno
3015 1853 3252 1910 alterum
3279 1855 3412 1925 quid
3448 1842 3615 1915 simul

2037 1949 2219 1997 exstet
2276 1944 2522 1998 essentia
2558 1945 2862 2011 diversum,
2907 1945 3193 2000 binitatem
3246 1961 3369 2002 esse
3426 1949 3616 2004 inﬁni-

2039 2041 2146 2087 tam
2183 2034 2610 2104 haudquaquam
2638 2037 2805 2106 capit.
2834 2036 3003 2109 Cujus
3048 2037 3316 2095 monades
3362 2038 3598 2096 invicem

2035 2122 2140 2177 sibi
2194 2125 2464 2194 appositae
2509 2141 2635 2181 cum
2691 2126 2855 2180 simul
2900 2134 3138 2191 exstent,
3194 2126 3432 2183 invicem
3490 2144 3612 2187 sese

2035 2212 2433 2277 determinant,
2473 2225 2530 2270 et
2561 2217 2732 2272 altera
2762 2217 2992 2271 alteram
3024 2217 3376 2272 interminate
3430 2219 3611 2276 videri

2032 2305 2308 2373 prohibet,
2341 2307 2648 2376 appositam
2705 2306 2930 2376 quidem
2981 2306 3110 2372 sibi,
3161 2306 3258 2361 sed
3307 2321 3419 2379 non
3448 2322 3613 2378 supe-

2032 2405 2242 2451 rantem
2272 2398 2503 2466 habens,
2534 2398 2783 2468 adeoque
2813 2397 3077 2453 videlicet
3132 2397 3428 2455 inﬁnitatis
3483 2416 3608 2458 sese

2030 2488 2266 2544 invicem
2297 2491 2510 2545 ratione
2540 2491 2801 2560 spoliant.
2825 2489 2945 2546 Jam
2975 2490 3044 2555 si,
3089 2499 3153 2543 ut
3205 2484 3607 2559 demonstravi,

2031 2577 2299 2634 inﬁnitam
2330 2596 2452 2635 esse
2475 2581 2766 2636 binitatem
2797 2581 2942 2636 haud
2972 2583 3138 2652 capit,
3179 2599 3282 2639 nec
3325 2583 3485 2640 initio
3513 2601 3608 2641 ea-

2031 2685 2154 2725 rere
2191 2672 2358 2740 capit,
2382 2686 2505 2726 cum
2538 2673 2756 2727 initium
2786 2674 2967 2728 omnis
2996 2675 3249 2730 binitatis
3277 2676 3350 2730 sit
3378 2691 3603 2745 manas;

2029 2759 2076 2814 si
2107 2777 2241 2816 vero
2273 2763 2433 2818 initio
2480 2780 2590 2818 non
2642 2772 2816 2831 caret,
2872 2780 2976 2819 nec
3001 2765 3246 2820 motione
3277 2776 3449 2833 caret,
3479 2784 3605 2823 cum

2028 2867 2262 2907 numero
2295 2864 2583 2908 moveatur
2604 2869 2673 2908 ex
2696 2855 3027 2910 monadibus
3052 2870 3150 2925 per
3182 2857 3603 2923 adunationem,

2027 2951 2085 2997 et
2130 2944 2185 2997 in
2234 2959 2328 2998 eas
2379 2947 2686 3002 secundum
2744 2948 3175 3019 disjunctionem
3225 2950 3604 3005 cxsistentiam

2029 3035 2381 3102 transducat;
2440 3038 2488 3091 si
2519 3054 2654 3095 vero
2696 3054 2807 3094 non
2838 3039 3082 3094 motione
3114 3048 3285 3103 caret,
3336 3056 3441 3095 nec
3468 3042 3608 3096 alte-

2030 3125 2149 3198 rius
2177 3126 2411 3199 alicujus
2435 3129 2655 3185 initium
2687 3145 2810 3187 esse
2841 3140 3042 3200 potest.
3100 3131 3255 3197 Quod
3286 3131 3436 3185 enim
3486 3148 3606 3190 mo-

2029 3226 2192 3272 vetur
2220 3219 2440 3275 initium
2461 3238 2572 3277 non
2599 3231 2704 3287 est,
2729 3224 2826 3278 sed
2857 3238 2927 3277 ex
2951 3223 3132 3286 initio,
3166 3224 3429 3278 videlicet
3483 3226 3606 3295 ejus

2030 3308 2178 3377 quod
2209 3320 2415 3365 movet.
2447 3311 2635 3367 Monas
2662 3321 2846 3367 autem
2878 3314 2994 3367 sola
3034 3312 3337 3365 immobilis
3361 3320 3445 3366 est
3477 3329 3605 3381 pro-

2029 3401 2169 3469 prie,
2190 3401 2316 3470 quia
2347 3418 2525 3472 neque
2556 3420 2822 3459 numerus
2849 3412 2934 3458 est
2957 3443 2973 3465 .
3004 3417 3186 3472 neque
3215 3403 3600 3465 numerabilis.

2028 3505 2209 3559 neque
2264 3501 2552 3547 numerata
2606 3494 2808 3565 (neque
2839 3493 2985 3547 enim
3015 3507 3143 3562 pars
3171 3501 3266 3547 aut
3290 3500 3474 3547 totum
3505 3504 3603 3549 aut

2028 3581 2226 3636 relatio
2254 3592 2340 3638 est
2378 3584 2615 3656 monas),
2675 3594 2731 3641 et
2759 3584 2983 3654 proprie
3027 3583 3189 3638 initio
3226 3599 3440 3651 carens,
3471 3588 3602 3656 quia

2029 3670 2267 3725 alterum
2322 3688 2381 3728 se
2408 3674 2694 3743 antiquius
2741 3690 2853 3728 non
2880 3672 3068 3737 habet,
3092 3673 3239 3728 unde
3263 3690 3456 3729 monas
3478 3691 3606 3734 esse

2029 3762 2284 3832 accipiat,
2317 3771 2374 3818 et
2397 3763 2611 3819 inﬁnita
2640 3765 2886 3834 proprie,
2917 3762 3056 3818 nihil
3085 3764 3297 3820 habens
3325 3764 3472 3835 quod
3514 3780 3603 3820 se-

2026 3869 2151 3909 cum
2202 3853 2365 3909 simul
2417 3865 2595 3911 exstet
2622 3855 2710 3911 vel
2742 3855 2907 3910 simul
2959 3863 3275 3921 censeatur,
3293 3863 3351 3911 et
3380 3856 3592 3912 initium

2024 3945 2270 4016 proprie,
2299 3947 2430 4018 quia
2456 3948 2638 4003 omnis
2667 3955 2777 4003 tam
2806 3947 3205 4020 numeriquam
3236 3955 3600 4011 numerabilis

2023 4043 2080 4089 et
2123 4039 2400 4093 numerati
2444 4054 2612 4094 causa
2652 4048 2756 4103 est,
2805 4047 2870 4094 ut
2906 4056 3028 4109 quae
3056 4043 3208 4096 omni
3244 4045 3514 4101 relatione
3540 4056 3600 4102 et

2022 4125 2172 4206 omni
2202 4134 2359 4197 parte
2392 4136 2450 4183 et
2481 4135 2596 4183 tcto
2618 4129 2832 4199 privata
2857 4138 2961 4194 est,
2985 4138 3042 4185 et
3088 4133 3314 4201 proprie
3345 4149 3410 4189 ac
3437 4151 3593 4194 vere.

2022 4219 2284 4288 primorie
2311 4226 2474 4290 atque
2497 4221 2673 4275 solum
2703 4221 3120 4291 etsimpliciter,
3151 4224 3247 4278 sed
3267 4226 3417 4280 nullo
3430 4227 3598 4282 modo

2020 4308 2240 4372 affecta,
2259 4309 2432 4378 prima
2461 4317 2518 4364 et
2545 4310 2662 4365 sola
2692 4320 2871 4366 exstat
2898 4320 2956 4367 et
2984 4327 3196 4368 monas.
3220 4314 3376 4381 Quod
3406 4317 3592 4372 dicen-

1952 4426 1992 4480 ι)
2023 4408 2105 4455 tes
2134 4416 2247 4456 non
2276 4415 2397 4455 eam
2428 4408 2488 4455 ut
2516 4410 2603 4456 est
2635 4401 3007 4472 signiﬁcamus
3035 4403 3251 4460 beatam
3307 4407 3591 4477 deitatem,

2024 4491 2239 4545 inﬁnite
2261 4491 2562 4547 secundum
2588 4508 2808 4548 omnem
2857 4503 2912 4549 et
2945 4496 3215 4551 rationem
3262 4506 3319 4553 et
3365 4500 3591 4556 modum

2025 4590 2132 4636 tam
2157 4583 2327 4636 menti
2390 4598 2555 4652 quam
2599 4585 2798 4639 rationi
2855 4586 3006 4640 omni
3035 4598 3091 4641 et
3119 4588 3387 4645 vocabulo
3430 4591 3594 4660 plane

2014 4672 2289 4728 difﬁcilem
2318 4684 2485 4744 atque
2534 4676 2996 4740 inaccessibilem,
3031 4679 3125 4733 sed
3157 4680 3437 4737 nobismet
3460 4683 3597 4753 ipsis

2015 4765 2249 4820 limitem
2282 4765 2406 4821 ﬁdei
2439 4769 2493 4822 in
2527 4783 2648 4822 eam
2674 4769 2952 4834 stabilem,
2987 4771 3256 4841 nobisque
3290 4783 3478 4843 aptum
3511 4784 3596 4829 at-

2015 4869 2122 4924 que
2180 4855 2439 4910 idoneum
2496 4868 2842 4927 priestamus.
2889 4860 3079 4931 Neque
3102 4862 3257 4920 cnim
3305 4872 3365 4917 ut
3392 4880 3594 4934 repra-

2018 4948 2351 5002 sentativum
2377 4951 2502 5015 hoc,
2537 4953 2810 5017 monadis,
2844 4954 3092 5024 inquam,
3122 4973 3346 5023 nomen,
3393 4958 3596 5014 divina:

2016 5046 2073 5091 et
2093 5038 2267 5092 beatae
2292 5041 2549 5097 essentia;
2578 5042 2801 5098 divinus
2824 5056 3222 5102 commemorat
3261 5064 3463 5115 sermo,
3492 5049 3591 5105 sed

2016 5128 2083 5182 ad
2106 5129 2518 5192 monstrandam
2550 5132 2846 5201 perfectam
2869 5136 2989 5205 ejus
3019 5137 3449 5207 simplicitatem,
3472 5154 3595 5208 quae

2019 5235 2238 5274 omnem
2289 5223 2656 5291 quantitatem
2708 5233 2764 5279 et
2794 5227 3114 5295 qualitatem
3152 5236 3210 5282 et
3268 5230 3593 5285 relationem

1635 5355 1873 5410 VARUE
1917 5356 2316 5413 LECTIONES.

410 5467 437 5539 ξ
462 5465 698 5539 ἄναρχον
725 5467 849 5539 cod.
874 5468 1015 5524 Gud.
1046 5486 1123 5524 m.
1149 5487 1235 5539 pr.

1334 5472 1354 5502 ⁸
1384 5470 1516 5547 Inde
1540 5470 1610 5523 ab
1650 5471 1754 5547 hoc
1796 5473 1932 5547 folio!
1971 5489 2145 5544 usque
2197 5475 2263 5529 ad
2298 5450 2392 5530 fol.
2442 5476 2568 5542 228,
2601 5477 2654 5531 in
2690 5478 2814 5534 eod.
2846 5479 2987 5536 Gud.
3024 5488 3238 5535 exstant
3271 5483 3593 5547 scholia,alv

336 5535 667 5619 eadem,_uti
699 5535 1502 5619 videtur,_rnanu'in_margine
1537 5541 1794 5619 ascripta.
1838 5544 2007 5598 Doleo
2042 5535 2128 5598 me
2153 5561 2218 5619 eo
2264 5561 2384 5619 quo
2418 5535 2787 5619 libri:copiam
2823 5535 3091 5608 habebam
3122 5535 3369 5619 tempore
3397 5535 3588 5608 oeulo-

340 5620 464 5687 rum
492 5606 811 5687 valct_udine
843 5609 1181 5687 prohibitum
1217 5606 1714 5687 fuisse'quominus
1742 5629 1804 5667 ea
1841 5629 2082 5683 quoque,
2114 5606 2483 5673 minutissimo
2522 5606 2839 5674 charactere
2874 5606 3121 5687 exarata,
3151 5606 3283 5676 mihi
3322 5606 3583 5679 transeri‘

340 5672 548 5729 berem.
631 5676 650 5706 ⁷
668 5672 886 5741 πάντως
916 5678 1078 5732 habet
1106 5672 1499 5748 apographum.
