4038 6146
506 269 642 336 1187

1675 273 1736 331 S.
1776 269 2064 329 MAXIMI
2105 266 2615 330 CONFESSORIS

3629 277 3773 345 1188

500 382 738 447 excedit,
764 389 822 435 ut
854 396 1032 450 neque
1071 389 1244 434 totum
1279 377 1490 447 aliquid
1521 378 1675 432 velut
1700 392 1766 430 ex
1819 377 2073 444 partibus

2179 377 2296 429 κατ’
2332 377 2520 430 οὐδένα
2559 377 2715 445 λόγον
2736 377 2768 446 ἦ
2790 378 2989 448 τρόπον
3023 384 3446 454 συντεταγμένη.
3477 388 3591 440 Καὶ
3611 389 3773 442 τοῦτο

502 472 781 542 aliquibus
802 486 981 540 neque
1015 477 1225 540 partem
1243 471 1483 540 aliquam
1520 485 1587 524 ex
1607 477 1722 523 toto
1754 470 1940 536 aliquo
1959 482 2080 521 esse

499 576 621 614 eam
645 560 1165 614 animadvertamus.
1193 559 1289 612 Est
1309 558 1456 612 enim
1471 557 1649 611 deitas
1660 555 1914 624 superior
1931 555 2080 607 omni

501 653 869 723 disjunctione
888 659 945 704 et
971 649 1360 720 conjunctione
1394 656 1449 702 et
1468 653 1622 716 parte
1639 655 1695 700 et
1722 653 1858 710 toto,
1893 653 2081 713 utpote

501 759 623 813 quae
635 749 786 796 extra
799 741 1163 810 quantitatem
1185 753 1405 793 omnem
1423 745 1529 801 est,
1547 747 1602 790 et
1619 735 1808 805 procul
1833 736 1902 788 ab
1927 736 2080 790 omni

499 834 736 904 positiva
753 832 1018 887 exstantia
1046 839 1102 885 et
1126 831 1408 884 intellectu
1428 843 1548 882 eam
1572 829 1759 896 aliquo
1779 827 1942 880 modo
1960 841 2080 880 esse

500 924 824 986 definiente,
859 932 1047 990 utpote
1072 936 1194 990 quae
1218 921 1335 974 sine
1363 920 1629 988 qualitate
1659 928 1764 982 est,
1819 927 1876 972 et
1927 919 2080 973 omni

501 1017 569 1072 ad
610 1015 846 1085 quodvis
876 1016 1111 1068 alterum
1143 1029 1358 1068 anncxu
1383 1012 1555 1066 libera
1580 1021 1745 1081 atque
1776 1012 2081 1074 soluta,est

502 1110 652 1163 enim
678 1107 798 1161 sine
831 1105 1123 1168 relatione,
1155 1121 1276 1174 qua:
1333 1114 1458 1158 ante
1516 1118 1574 1157 se
1626 1104 1950 1172 quidquam,
1986 1111 2081 1158 aut

504 1213 630 1253 cum
659 1212 716 1251 se
746 1205 842 1250 aut
865 1203 988 1264 post
1021 1211 1080 1249 se
1108 1211 1220 1248 non
1249 1193 1470 1257 habeat,
1515 1203 1575 1248 ut
1623 1195 1870 1247 onmium
1927 1205 2081 1261 supe-

505 1288 642 1350 rior,
671 1300 848 1354 neque
871 1299 997 1338 cum
1020 1283 1131 1336 ullo
1159 1298 1351 1336 eorum
1377 1297 1498 1350 qua:
1548 1289 1678 1335 sunt
1712 1281 1823 1333 ulla
1865 1279 2079 1333 ratione

504 1387 601 1432 aut
627 1377 790 1431 modo
823 1375 1148 1444 composita.
1182 1373 1337 1438 Quod
1370 1373 1817 1426 animadvertens
1846 1371 2079 1425 fortasse

505 1485 735 1540 magnus
763 1477 820 1522 et
848 1468 1069 1521 divinus
1107 1467 1426 1537 Dionysius,
1458 1484 1476 1515 ‹
1521 1464 1814 1530 Quocirca,
1877 1463 2077 1532 inquit,

503 1575 698 1614 monas
725 1573 945 1628 quoque
984 1557 1263 1611 celebrata
1285 1564 1340 1609 et
1375 1555 1530 1617 trias,
1589 1554 1850 1608 divinitas
1894 1555 2079 1608 omnia

503 1667 792 1722 superans,
826 1665 936 1703 non
963 1663 1152 1702 monas
1178 1657 1284 1706 est,
1315 1661 1494 1714 neque
1523 1646 1679 1708 trias,
1702 1646 1818 1699 sive
1854 1660 1882 1698 a
1920 1645 2081 1699 nobis

503 1748 620 1802 sive
653 1746 720 1800 ab
759 1746 866 1799 alio
895 1743 1154 1813 quopiam
1203 1743 1405 1810 agnita,
1437 1738 1532 1794 sed
1573 1747 1635 1792 ut
1675 1737 1821 1807 quod
1855 1738 1910 1791 in
1965 1737 2080 1806 ipsa

503 1847 590 1894 est
617 1853 780 1907 supra
815 1851 980 1905 quam
1021 1835 1074 1887 in
1107 1848 1276 1886 unum
1307 1831 1622 1900 copulatum
1673 1838 1729 1882 et
1759 1829 1853 1883 Dei
1888 1829 2080 1883 fecun-

503 1929 636 1982 dum
660 1942 786 1981 vere
818 1925 1204 1995 praedicamus,
1231 1922 1438 1975 trinum
1469 1928 1525 1974 et
1551 1933 1722 1973 unum
1774 1919 1947 1972 Deum
1978 1933 2079 1971 no-

504 2022 781 2074 minamus
802 2017 954 2070 illum
986 2015 1078 2084 qui
1129 2029 1292 2082 supra
1316 2026 1478 2065 omne
1516 2025 1715 2063 nomen
1763 2017 1869 2072 est,
1902 2017 1958 2063 et
1991 2023 2079 2063 re-

504 2111 609 2165 bus
639 2110 722 2163 vel
777 2105 1064 2162 vocabulis
1117 2103 1327 2158 utimur
1359 2101 1434 2155 'in
1491 2099 1830 2170 designando
1873 2113 1940 2152 eo
1983 2098 2078 2168 qui

408 2217 418 2226 ‘
503 2203 654 2257 omni
679 2200 914 2255 essentia
945 2207 1030 2253 est
1059 2197 1331 2266 superior.
1367 2213 1385 2244 ›
1427 2194 1599 2248 Nemo
1631 2193 1820 2263 igitur,
1851 2191 1947 2261 qui
1990 2207 2080 2247 re-

503 2293 694 2362 ligiose
717 2307 814 2359 per
847 2289 1134 2343 veritatem
1151 2284 1371 2340 vivendi
1401 2284 1682 2340 studiosus
1709 2282 1938 2354 dyadem
1981 2288 2077 2335 aut

505 2397 800 2436 numerum
833 2379 1104 2448 principio
1134 2385 1416 2432 carentem
1471 2384 1568 2429 aut
1593 2375 1925 2445 principium
1964 2387 2081 2426 om-

504 2472 639 2525 nino
669 2469 975 2539 cujuspiam
1005 2482 1128 2521 esse
1159 2466 1348 2521 dicere
1383 2465 1698 2520 conabitur.
1753 2464 1906 2520 Unus
1929 2462 2078 2516 enim

505 2577 604 2631 per
638 2561 955 2614 universam
974 2566 1081 2612 tam
1111 2558 1439 2612 rationalem
1462 2572 1625 2626 quam
1651 2555 2078 2610 intellectualem

505 2650 986 2720 contemplativam
1020 2656 1348 2718 potestatem
1376 2655 1432 2702 et
1493 2647 1782 2702 scientiam
1809 2645 1887 2699 illi
1933 2644 2080 2698 Deus

507 2739 814 2810 apparebit,
845 2738 1028 2792 omnis
1061 2737 1352 2790 inﬁnitatis
1395 2737 1646 2798 ulterior,
1692 2749 1796 2789 nec
1818 2734 2077 2803 cuiquam

505 2832 734 2884 omnino
768 2845 963 2884 eorum
1004 2842 1125 2897 qua:
1158 2836 1289 2882 sunt
1320 2842 1388 2880 ex
1406 2827 1518 2879 ulla
1546 2834 1722 2894 parte,
1759 2832 1960 2894 prmter
1993 2839 2080 2877 so-

506 2924 614 2977 lam
629 2935 729 2988 per
746 2919 911 2973 ﬁdem
934 2917 1328 2987 cognitionem,
1357 2924 1414 2969 et
1433 2916 1538 2970 hoc
1563 2931 1630 2968 ex
1654 2915 1919 2984 Operibus
1934 2915 2073 2984 ejus,
2120 2939 2125 2944 ν

507 3010 656 3080 quod
692 3017 797 3072 est,
839 3023 949 3061 non
973 3005 1117 3075 quod
1145 3005 1441 3074 aliquando
1464 3014 1569 3068 est,
1596 3013 1886 3074 perceptus
1911 3012 2076 3072 atque

508 3099 754 3170 agnitus,
782 3103 840 3152 et
867 3096 1048 3151 omnis
1070 3094 1170 3150 ιινί
1206 3110 1270 3148 ac
1305 3094 1568 3163 temporis
1597 3102 1653 3147 et
1676 3091 1924 3147 omnium
1957 3108 2076 3161 quae

514 3192 570 3245 in
599 3204 717 3245 aevo
745 3196 874 3244 sunt
903 3203 967 3242 ac
998 3196 1245 3256 tempore
1277 3185 1453 3240 factor
1474 3195 1638 3255 atque
1673 3183 1895 3249 artifex,
1934 3183 2071 3237 nihil

513 3296 743 3352 prorsus
778 3293 1110 3349 quocunque
1128 3284 1214 3332 est
1239 3275 1403 3330 modo
1431 3277 1486 3330 ei
1512 3277 1742 3331 alterum
1775 3273 1842 3330 de
1868 3281 2076 3328 aeterno

511 3372 734 3443 aﬂigens
768 3371 1101 3441 cogitatione
1121 3409 1135 3434 ,
1178 3384 1391 3423 memor
1418 3368 1564 3437 quod
1596 3377 1853 3423 neutrum
1882 3380 2075 3421 eorum

2181 469 2339 538 τυχὸν
2365 471 2623 540 ἐννοήσας
2649 471 2676 521 ό
2703 472 2874 539 μέγας
2895 472 2990 524 καὶ
3005 471 3146 532 θεῖος
3181 475 3460 535 Διονύσιός
3491 495 3629 546 φησι
3665 481 3766 549 (1)-

2188 578 2206 609 ι
2240 561 2330 613 Διὸ
2358 562 2451 614 καὶ
2473 561 2640 630 μονὰς
2672 563 2984 632 ὑμνουμένη
3021 564 3115 616 καὶ
3140 565 3315 634 τριὰς,
3345 569 3378 636 ἡ
3407 569 3552 640 ὑπὲρ
3589 571 3772 624 πάντα

2182 651 2393 721 θεότης,
2432 653 2531 704 οὐκ
2566 652 2712 706 ἔστιν
2743 653 2866 706 οὔτε
2899 655 3088 723 μονὰς,
3130 653 3254 708 οὗτε
3299 658 3480 727 τριὰς,
3537 660 3570 731 ἢ
3632 666 3774 731 πρὸς

2182 745 2340 816 ἡμῶν
2388 745 2422 812 ἢ
2473 744 2632 797 ἄλλου
2678 746 2822 808 τινὸς
2874 745 3268 818 διεγνωσμένη,
3310 749 3428 801 ἀλλ’
3459 751 3548 804 ἴνα
3575 753 3678 804 καὶ
3712 753 3774 806 τὸ

2182 837 2604 906 ὑπερηνωμένον
2641 836 2664 866 ⁸
2708 835 2881 905 αὐτῆς
2912 837 3005 888 καί
3035 835 3097 888 τὸ
3130 837 3378 906 θεογόνον
3403 840 3627 910 άληθῶς
3667 844 3772 913 ὐμ-

2180 928 2454 997 νήσωμεν,
2484 926 2666 996 (172
2699 927 2749 996 b)
2784 930 2847 996 τῇ
2878 927 3129 998 τριαδικῇ
3169 929 3263 982 καὶ
3321 931 3501 1002 ὲνιαίᾳ
3562 932 3772 985 θεωνυ-

2186 1017 2286 1086 μίᾳ
2320 1016 2417 1086 τὴν
2449 1015 2808 1087 ὑπερὼνυμον
2841 1016 3228 1086 ὠνομάσαμεν,
3257 1020 3483 1085 καὶτοῖς
3517 1018 3642 1075 οὖσι
3671 1021 3771 1092 sip?

2181 1105 2526 1174 ὑπερούσιον.
2566 1123 2584 1155 ι
2641 1106 2909 1174 Οὐδαμῶς
2964 1102 3058 1159 οὖν
3100 1123 3186 1167 τις
3241 1110 3413 1163 δυάδα
3471 1110 3504 1180 ἦ
3559 1112 3770 1180 πλῆθος

2180 1194 2438 1265 ἄναρχον,
2463 1194 2493 1263 ἢ
2521 1194 2696 1264 ἀρχὴν
2726 1195 2788 1246 τὸ
2821 1195 3040 1248 σύνολόν
3071 1213 3216 1260 τινος
3247 1193 3384 1252 εἶναι
3434 1200 3622 1267 λέγειν
3671 1203 3768 1254 δυ·-

2181 1287 2428 1356 νήσεται,
2467 1285 2568 1354 ζῇν
2601 1285 2845 1347 εὐσεϐῶς
2894 1286 2962 1338 δι’
3021 1287 3281 1356 ἀληθείας
3339 1288 3764 1361 βεϐουλημένος.

2183 1373 2276 1439 Εἷς
2300 1375 2409 1444 γὰρ
2433 1374 2523 1428 διὰ
2558 1375 2737 1446 πάσης
2760 1375 2861 1444 τῆς
2886 1374 3029 1428 κατὰ
3061 1376 3218 1445 λόγον
3251 1378 3348 1430 καὶ
3380 1378 3505 1431 νοῦν
3549 1380 3768 1451 θεωρη-

2182 1467 2337 1535 τικῆς
2366 1465 2648 1534 δυνάμεως
2675 1465 2770 1516 καὶ
2792 1466 2986 1536 ὲπιστή
2998 1482 3104 1536 μης
3132 1467 3281 1538 αὐτῷ
3311 1468 3443 1532 Θεὸς
3471 1471 3766 1540 ἀναφανή-

2184 1574 2355 1618 σεται,
2390 1557 2572 1625 πάσης
2603 1555 2860 1626 ἀπειρίας
2904 1558 3168 1627 ὑπάρχων
3197 1560 3477 1626 ἐπέκεινα,
3523 1563 3626 1614 καὶ
3663 1581 3767 1632 μη-

2182 1647 2294 1700 δενὶ
2323 1646 2553 1699 καθόλου
2586 1645 2696 1697 τῶν
2729 1646 2900 1699 ὄντων
2938 1647 3062 1700 καθ’
3102 1648 3306 1714 ὁτιοῦν,
3346 1651 3485 1721 πλὴν
3523 1651 3624 1704 τοῦ
3679 1653 3769 1706 διὰ

2184 1739 2418 1800 πίστεως
2456 1737 2615 1806 μόνον
2637 1736 3025 1805 γινώσκεσθαι,
3056 1741 3150 1792 καὶ
3174 1739 3336 1793 τοῦτο
3369 1742 3434 1792 ὲκ
3453 1742 3563 1794 τῶν
3591 1743 3767 1796 αὐτοῦ

2181 1829 2504 1899 ποιημάτων
2541 1829 2626 1881 ὅτι
2666 1830 2839 1892 ἐστὶν,
2873 1830 2971 1900 οὐχ
3012 1831 3096 1883 ὅτι
3129 1832 3259 1883 ποτέ
3281 1833 3396 1884 ἐστι
3429 1831 3768 1904 διεγνωσμέ-

2181 1940 2292 1986 νος.
2322 1923 2417 1975 καὶ
2442 1920 2643 1984 παντὸς
2674 1921 2872 1986 αἰῶνος
2903 1923 3000 1976 καὶ
3036 1923 3230 1993 χρόνου
3263 1924 3360 1976 καὶ¹
3395 1925 3614 1978 πάντων
3652 1926 3764 1977 τῶν

2179 2016 2236 2068 ὲν
2265 2015 2423 2067 αἰῶνι
2443 2015 2535 2066 καὶ
2557 2014 2732 2083 χρόνῳ
2759 2017 2996 2086 ποιητής
3019 2032 3078 2067 τε
3100 2015 3196 2069 καὶ
3219 2015 3282 2087 δη
3293 2017 3572 2086 μιουργὸς,
3603 2017 3765 2069 οὐδὲν

2178 2104 2238 2156 τὸ
2280 2105 2542 2175 παράπαν
2590 2103 2650 2168 ἐξ
2683 2104 2854 2157 ἀῖδὶου
2900 2104 3022 2158 καθ’
3057 2104 3331 2158 ὁντιναοῦν
3359 2106 3556 2176 τρόπον
3608 2107 3767 2175 αὐτῷ

2181 2194 2537 2258 συνεπινοῶν,
2567 2194 2722 2257 εἰδὼς
2748 2196 2829 2248 δτι
2867 2195 3161 2266 μηδέτερον
3195 2196 3303 2248 τῶν
3325 2196 3442 2266 ἅμα
3471 2198 3615 2251 κατὰ
3650 2197 3764 2268 τὴν

2181 2286 2415 2356 ὕπαρξιν
2447 2285 2700 2356 ἀλλήλοις
2737 2285 2797 2349 ἐξ
2825 2285 2995 2338 ἀϊδίου
3030 2286 3299 2340 συνόντων
3339 2283 3480 2340 εἶναι
3530 2286 3764 2342 δύναται

2162 2377 2271 2432 ’τοῦ
2305 2379 2495 2448 ἐτέρου
2521 2377 2824 2447 ποιητικόν.
2868 2377 3286 2444 Ἀσυλλόγιστον
3317 2378 3423 2450 γὰρ
3448 2379 3603 2431 τοῦτο
3627 2395 3765 2431 παν-

2180 2469 2384 2523 τάπασι
2411 2469 2506 2521 καὶ
2533 2468 2870 2532 ἀνένδεκτόν,
2899 2470 2992 2521 καὶ
3016 2471 3128 2531 τοῖς
3159 2467 3284 2522 νοῦν
3308 2471 3490 2538 έχουσι
3515 2470 3758 2535 καταγέ-

2178 2563 2378 2616 λαστον
2407 2561 2499 2613 ἐπὶ
2518 2559 2626 2612 τῶν
2660 2559 2894 2630 ἑχόντων
2918 2559 3035 2629 ἅμα
3064 2559 3124 2612 τὸ
3154 2554 3294 2613 εἶναι
3329 2560 3600 2614 ποιεῖσθαι
3625 2561 3762 2614 ἄλλο

2179 2651 2340 2707 ἄλλου
2368 2651 2674 2722 ποιητικόν.
2719 2651 2862 2704 Ἀλλ’
2910 2653 2974 2704 ὲκ
3022 2649 3157 2703 Θεοῦ
3205 2651 3298 2704 τοῦ
3351 2652 3441 2706 ἀεὶ
3490 2652 3642 2715 ὄντος
3691 2654 3758 2706 τὰ

2179 2740 2356 2792 πάντα
2393 2740 2456 2791 ἐκ
2482 2739 2572 2790 τοῦ
2609 2737 2685 2809 μὴ
2706 2738 2859 2801 ὄντος
2907 2739 3166 2807 γενέσθαι
3228 2740 3511 2805 παντελῶς
3553 2757 3610 2794 τε
3669 2743 3760 2794 καὶ

2177 2828 2394 2893 ὑλικῶς,
2430 2827 2546 2882 ἀλλ’
2581 2829 2641 2880 οὺ
2674 2827 2916 2898 μερικῶς
2937 2845 2996 2880 τε
3020 2829 3116 2882 καὶ
3137 2825 3365 2892 ἀτελῶς,
3398 2830 3475 2893 ὡς
3497 2830 3558 2893 ἐξ
3577 2832 3759 2894 αἰτίας

2177 2918 2616 2988 ἀπειρογνώστου
2658 2920 2752 2971 καὶ¹
2799 2918 3242 2989 ἁπειροδυνᾶμου
3295 2919 3474 2987 cra-96»;
3531 2936 3756 2991 παρηγ-

2181 3009 2337 3080 μένα,
2368 3009 2617 3079 δέξηται,
2648 3009 2744 3063 καὶ
2766 3009 2825 3062 ὲν
2844 3009 2993 3080 αὐτῷ
3017 3011 3405 3080 συνεστηκέναι
3428 3012 3449 3042 ⁸
3471 3012 3538 3065 τὰ
3555 3013 3753 3075 πάντα,

2181 3101 2260 3164 ὡς
2296 3101 2354 3153 ὲν
2390 3101 2874 3172 παντοκρατορικῷ
2898 3101 3135 3172 πυθμένι
3163 3102 3553 3173 φρουρούμενά
3579 3120 3638 3154 τε
3664 3105 3757 3155 καὶ

2181 3189 2639 3262 διακρατούμενα,
2687 3192 2784 3244 καὶ
2815 3193 2894 3254 εἰς
2922 3191 3086 3244 αὐτὸν
3112 3191 3180 3245 τὰ
3214 3192 3396 3247 πάντα
3427 3195 3755 3264 ἐπιστρέφε-

2185 3278 2331 3343 σθαι,
2366 3277 2620 3348 καθάπερ
2649 3279 2728 3341 εἰς
2777 3280 2978 3332 οἰκεῖον
3041 3280 3251 3334 ἕκαστα
3300 3281 3493 3351 πέρας,
3540 3285 3617 3346 ῶς
3652 3281 3750 3333 πού

2183 3384 2348 3437 φησιν
2380 3369 2408 3420 ὁ
2439 3370 2610 3439 μέγας
2643 3371 3038 3443 Ἀρεοπαγίτης
3071 3373 3342 3436 Διονύσιος
3373 3373 3474 3444 (2).

505 3480 627 3533 qua:
655 3463 1108 3518 exsistentialiter
1123 3462 1192 3517 de
1213 3469 1421 3516 aeterno
1450 3461 1611 3515 simul
1627 3469 1757 3514 sunt
1774 3469 2032 3514 neutrum
2044 3458 2259 3516 efficere
2285 3462 2478 3531 possit.
2500 3463 2690 3532 Neque
2703 3465 2853 3519 enim
2879 3466 3350 3534 cogitaripmnino
3367 3465 3420 3519 id
3445 3473 3645 3534 potest,
3658 3475 3750 3516 ne-

504 3569 611 3623 que
630 3554 770 3616 fieri,
787 3555 978 3624 eisque
1003 3554 1097 3622 qui
1114 3560 1296 3607 mente
1311 3560 1546 3608 utuntur
1566 3551 1860 3607 ridiculum
1882 3561 1989 3618 est,
2008 3567 2193 3608 rerum
2210 3553 2443 3607 duarum
2465 3569 2586 3623 quae
2603 3554 2764 3609 simul
2783 3555 3055 3610 exsistunt
3069 3556 3295 3610 alteram
3316 3555 3547 3622 alterius
3575 3553 3750 3607 facere

503 3647 854 3702 crcatricem.
889 3645 996 3701 Sed
1024 3661 1092 3700 ex
1139 3646 1250 3700 Deo
1287 3654 1496 3700 aeterno
1547 3645 1962 3700 universitatem
1988 3660 2058 3699 ex
2089 3644 2270 3699 nihilo
2297 3646 2494 3700 factam
2517 3647 2716 3702 essein
2743 3654 2920 3701 totum
2949 3662 3014 3701 ac
3037 3647 3222 3716 plene,
3247 3656 3304 3701 at
3323 3662 3433 3701 non
3454 3646 3746 3716 particula-

508 3740 680 3794 timet
711 3736 1056 3806 imperfecte,
1083 3745 1224 3792 utex
1276 3752 1441 3793 causa
1481 3736 1711 3791 infinita:
1749 3744 1806 3791 et
1835 3735 2165 3806 cognitionis
2222 3745 2281 3791 et
2311 3738 2608 3807 potestatis
2634 3738 2917 3808 sapienter
2942 3737 3260 3802 deductam,
3289 3738 3744 3808 approbationem

507 3829 698 3893 habet,
725 3827 891 3896 inque
921 3842 988 3881 eo
1007 3826 1264 3882 universa
1281 3837 1537 3882 constare
1553 3836 1614 3880 ut
1632 3827 1686 3881 in
1713 3825 2091 3896 omnipotente
2107 3826 2289 3881 radice
2311 3827 2586 3882 custodita
2618 3838 2783 3898 atque
2819 3837 3164 3893 conservata,
3180 3835 3236 3882 et
3258 3828 3313 3881 in
3338 3827 3598 3882 eumdem
3627 3827 3746 3881 uni-

508 3936 669 3977 versa
703 3920 884 3975 redire
909 3920 1062 3975 velut
1091 3920 1147 3973 in
1165 3919 1450 3989 proprium
1472 3933 1630 3973 suum
1647 3917 1906 3989 quodque
1929 3918 2249 3983 terminum,
2313 3918 2394 3972 uti
2414 3919 2620 3973 alicubi
2638 3919 2774 3974 dicit
2821 3933 3049 3990 magnus
3073 3918 3366 3990 Dionysius
3395 3913 3740 3990 AreOpagita.

506 4097 891 4168 Contemplatio
937 4115 1043 4170 qua
1092 4098 1492 4154 demonstratur
1540 4099 1636 4154 Dei
1689 4102 2074 4171 providentiam

2179 4104 2358 4177 (173
2402 4102 2455 4174 a)
2519 4105 2736 4170 Θεωρία
2779 4101 3165 4169 ἀποδεικτικὴ
3221 4099 3330 4154 τοῦ
3387 4096 3544 4154 εἶναι
3600 4099 3745 4153 κατὰ

661 4189 948 4260 secundum
979 4201 1233 4244 naturam
1262 4207 1418 4244 suam
1447 4191 1624 4245 omnia
1657 4196 1924 4262 prosequi.

576 4299 754 4355 Etiam
781 4299 1125 4368 provisorem
1160 4315 1344 4354 rerum
1377 4308 1588 4354 natura:
1616 4315 1739 4356 esse
1776 4307 2076 4372 persuade-

2279 4195 2469 4263 φύσιν
2495 4193 2597 4246 ἐπὶ
2619 4191 2861 4246 πάντων
2881 4192 2997 4261 τὴν
3025 4193 3130 4248 τοῦ
3149 4193 3298 4246 Θεοῦ
3326 4194 3637 4262 πρόνοιαν.

2243 4304 2355 4359 Καὶ
2391 4303 2695 4374 προνοητὴν
2738 4304 2901 4357 αὐτὸν
2943 4299 3086 4357 εἶναι
3131 4303 3497 4374 πεισθήσεται
3524 4307 3634 4359 τῶν
3661 4309 3740 4362 δν-

507 4390 659 4444 bitur
681 4391 756 4455 ei,
783 4404 882 4459 per
904 4403 1042 4457 quas
1075 4396 1132 4441 et
1169 4388 1340 4442 Deum
1373 4403 1496 4444 esse
1525 4389 1742 4453 didicit,
1769 4393 1978 4461 justum
2010 4411 2076 4450 ac

2179 4411 2308 4458 των,
2343 4395 2412 4448 δι’
2446 4389 2520 4448 ὢν
2546 4396 2627 4448 ὅτι
2660 4395 2754 4448 καὶ
2781 4395 2914 4457 Θεός
2943 4396 3090 4448 ἐστιν
3117 4395 3393 4465 ἐδιδάχθη,
3429 4396 3638 4453 δίκαιον
3665 4395 3738 4453 εἴ·

507 4479 705 4534 rationi
739 4486 1170 4533 consentaneum
1197 4493 1318 4534 esse
1350 4493 1535 4533 rerum
1562 4481 1847 4537 custodem
1909 4491 2076 4554 atque

507 4578 820 4625 curatorem
845 4585 1008 4640 quam
1067 4568 1246 4638 ipsum
1298 4585 1483 4624 rerum
1526 4570 1896 4628 conditorem.
1955 4574 2074 4644 lpsa

505 4661 652 4714 enim
686 4675 869 4714 rerum
908 4659 1226 4728 perennitas
1250 4668 1306 4714 et
1326 4659 1462 4715 ordo
1492 4671 1549 4715 et
1573 4662 1777 4731 positio
1801 4672 1858 4718 et
1903 4666 2075 4719 motio

503 4759 561 4804 et
596 4759 783 4804 mutua
811 4765 908 4818 per
943 4749 1156 4804 medias
1193 4759 1378 4819 partes
1423 4753 1698 4807 connexio
1751 4756 2075 4810 extremita-

505 4849 644 4902 tum,
675 4839 814 4892 nihil
843 4854 962 4893 sese
995 4839 1232 4894 invicem
1262 4856 1576 4910 quanquam
1621 4846 1915 4900 contrariae
1942 4839 2072 4901 sunt

505 4931 906 4991 infestantium,
925 4940 982 4984 et
1009 4932 1247 5000 partium
1268 4932 1324 4985 in
1347 4941 1522 4987 totum
1536 4935 1966 5004 conspiratio,et
1987 4946 2071 4991 to-

505 5029 687 5073 torum
719 5022 1003 5090 aequabilis
1048 5038 1112 5077 ac
1174 5023 1333 5092 plena
1388 5039 1487 5093 per
1532 5033 1717 5095 partes
1774 5043 2068 5098 coagmen-

505 5112 661 5175 tatio,
686 5123 742 5166 et
767 5113 1010 5181 ipsarum
1036 5103 1274 5183 partium
1303 5117 1446 5171 inter
1464 5131 1522 5172 se
1561 5127 1822 5172 constans
1863 5119 2070 5176 discre-

2174 4502 2262 4539 ναι
2295 4485 2502 4556 κρίνων
2539 4486 2632 4538 καὶ
2671 4484 2913 4554 εῦλογον,
2945 4485 3020 4556 μὴ
3049 4486 3210 4540 ἄλλον
3244 4483 3386 4540 εἶναι
3415 4489 3634 4556 φύλακα
3654 4493 3740 4545 καὶ

2173 4576 2510 4648 ἐπιμελητὴν
2539 4577 2647 4629 τῶν
2675 4577 2901 4648 ὃντωνῆ
2941 4579 3100 4648 μόνον
3137 4580 3230 4632 τὸν
3277 4578 3389 4631 τῶν
3430 4580 3601 4635 ὄντων
3652 4583 3738 4651 δη-

2177 4668 2458 4739 μιουργόν.
2492 4670 2636 4740 Αὐτὴ
2666 4669 2774 4740 γὰρ
2799 4670 2832 4739 ὴ
2865 4669 2972 4722 τῶν
2995 4669 3165 4723 ὄντων
3195 4669 3427 4743 διαμονή
3451 4673 3548 4726 καὶ
3581 4676 3615 4744 ἡ
3645 4674 3737 4727 τά·

2175 4761 2257 4827 ξις
2273 4762 2367 4813 καὶ
2389 4761 2421 4824 ἡ
2454 4759 2604 4824 θέσις
2631 4761 2725 4814 καὶ
2759 4763 2792 4831 ἡ
2820 4760 3055 4832 κίνησις,
3083 4762 3178 4814 καὶ
3207 4764 3240 4831 ὴ
3272 4765 3330 4816 ὲν
3359 4764 3614 4834 ἀλλήλοις
3639 4766 3739 4820 τῶν

2177 4852 2363 4923 ἄκρων
2391 4851 2482 4905 διὰ
2509 4853 2616 4904 τῶν
2642 4851 2824 4922 μέσων
2852 4852 3072 4922 συνοχὴ,
3095 4853 3260 4923 μηδὲν
3294 4854 3436 4908 κατὰ
3463 4857 3563 4926 τὴν
3594 4860 3740 4911 ὲναν·

2177 4944 2399 5011 τιότητα
2425 4943 2836 5013 λυμαινομένων
2874 4943 3142 5013 ἀλλήλοις,
3194 4944 3231 5010 ἧ
3281 4962 3340 4997 τε
3400 4945 3512 4998 τῶν
3565 4947 3740 5019 μερῶν

2178 5033 2313 5102 πρὸς
2336 5035 2403 5086 τὰ
2430 5033 2528 5086 ὅλα
2555 5033 2862 5096 σύννευσις,
2895 5033 2989 5086 καὶ
3014 5033 3122 5085 τῶν
3153 5033 3290 5087 ὅλων
3321 5036 3457 5105 πρὸς
3488 5037 3559 5089 ’τέι
3601 5037 3739 5109 ’μέρει

2174 5124 2240 5176 δι’
2268 5123 2389 5177 ὅλου
2413 5125 2627 5191 ἓνωσις,
2653 5125 2745 5179 καὶ
2767 5125 2946 5178 αὐτῶν
2976 5124 3112 5200 πρὸς
3154 5125 3362 5196 ἄλληλα
3405 5127 3518 5183 τῶν
3562 5129 3740 5200 μερῶν

1796 5251 2031 5308 VARUS
2071 5255 2361 5311 LECTION
2368 5256 2476 5312 ES.

575 5334 598 5367 ⁸
628 5337 1028 5408 ὑπερηνομένον
1059 5341 1182 5395 eod.
1210 5341 1350 5397 Gud.

1445 5344 1467 5375 ⁹
1503 5344 1887 5398 συνεστακέναι
1926 5346 2049 5401 cod.
2076 5345 2220 5402 Gud.

2001 5455 2232 5512 ΝΟΤᾸΕ.

507 5534 902 5661 ωᾶϋξᾘοηὲἓ.
949 5540 1216 5612 AreOpag.
1254 5543 1329 5597 De
1362 5546 1548 5602 divinis
1601 5563 1743 5603 nam.
1801 5565 1922 5621 cap.
1979 5549 2065 5617 l5,

605 5625 640 5658 ι.
700 5643 714 5661 .
740 5621 795 5661 ι).
891 5608 944 5661 5.
973 5609 1110 5661 ΟΜ).
1141 5614 1233 5661 ed-
1267 5615 1405 5661 Ven-

605 5618 640 5658 ι.
673 5608 714 5666 ι,
740 5621 795 5674 p.
821 5608 944 5662 535.
973 5608 1112 5680 Opp:
1141 5608 1233 5668 ed.
1267 5615 1405 5670 Ven.

2247 5548 2437 5626 φοι.
2469 5552 2704 5626 Diopys.
2746 5551 3012 5626 Areopag.
3048 5552 3122 5608 De
3153 5553 3319 5609 divin.
3361 5571 3508 5610 nom.
3539 5569 3658 5626 cap.
3682 5552 3734 5621 ι,

2168 5635 2224 5691 p.
2251 5613 2374 5689 397,
2401 5631 2534 5676 tom.
2571 5613 2727 5687 l,'ed.
2759 5613 2954 5680 Venet.
