  <div class='ocr_page' id='page_1' title='image "/cluster/home/n/w/nwhite01/storage/ocr_20150623/91/mdp.39015022223195/594.png"; bbox 0 0 4038 6146; ppageno 0'>
   <div class='ocr_carea' id='block_1_1' title="bbox 338 251 482 356">
    <p class='ocr_par' dir='ltr' id='par_1_1' title="bbox 338 251 482 356">
     <span class='ocr_line' id='line_1_1' title="bbox 338 251 482 356; baseline -0.028 0"><span class='ocrx_word' id='word_1_1' title='bbox 338 251 482 356; x_wconf 71' lang='lat' dir='ltr'><strong>i189</strong></span> 
     </span>
    </p>
   </div>
   <div class='ocr_carea' id='block_1_2' title="bbox 1586 276 2402 344">
    <p class='ocr_par' dir='ltr' id='par_1_2' title="bbox 1586 276 2402 344">
     <span class='ocr_line' id='line_1_2' title="bbox 1586 276 2402 344; baseline 0 -5"><span class='ocrx_word' id='word_1_2' title='bbox 1586 276 2110 344; x_wconf 78' lang='lat' dir='ltr'><strong>AMBIGUORUM</strong></span> <span class='ocrx_word' id='word_1_3' title='bbox 2151 279 2402 340; x_wconf 81' lang='lat' dir='ltr'><strong>LIBER.</strong></span> 
     </span>
    </p>
   </div>
   <div class='ocr_carea' id='block_1_3' title="bbox 3471 283 3604 349">
    <p class='ocr_par' dir='ltr' id='par_1_3' title="bbox 3471 283 3604 349">
     <span class='ocr_line' id='line_1_3' title="bbox 3471 283 3604 349; baseline 0.03 -4"><span class='ocrx_word' id='word_1_4' title='bbox 3471 283 3604 349; x_wconf 74' lang='grc'><strong>1190</strong></span> 
     </span>
    </p>
   </div>
   <div class='ocr_carea' id='block_1_4' title="bbox 342 390 1936 475">
    <p class='ocr_par' dir='ltr' id='par_1_4' title="bbox 342 390 1925 475">
     <span class='ocr_line' id='line_1_4' title="bbox 342 390 1925 475; baseline -0.01 -19"><span class='ocrx_word' id='word_1_5' title='bbox 342 403 635 475; x_wconf 72' lang='grc' dir='ltr'><strong>ηἰμικτος</strong></span> <span class='ocrx_word' id='word_1_6' title='bbox 668 397 945 464; x_wconf 86' lang='grc' dir='ltr'><strong>διάκρισις</strong></span> <span class='ocrx_word' id='word_1_7' title='bbox 992 391 1134 446; x_wconf 85' lang='grc' dir='ltr'><strong>κατὰ</strong></span> <span class='ocrx_word' id='word_1_8' title='bbox 1181 390 1282 460; x_wconf 84' lang='grc' dir='ltr'><strong>τὴν</strong></span> <span class='ocrx_word' id='word_1_9' title='bbox 1331 391 1642 454; x_wconf 72' lang='grc' dir='ltr'><strong>ἰδιάζουσαν</strong></span> <span class='ocrx_word' id='word_1_10' title='bbox 1692 393 1925 445; x_wconf 79' lang='grc' dir='ltr'><strong>ἑκάστου</strong></span> 
     </span>
    </p>
   </div>
   <div class='ocr_carea' id='block_1_5' title="bbox 2038 390 3599 475">
    <p class='ocr_par' dir='ltr' id='par_1_5' title="bbox 2038 391 3599 464">
     <span class='ocr_line' id='line_1_5' title="bbox 2038 391 3599 464; baseline 0.002 -19"><span class='ocrx_word' id='word_1_11' title='bbox 2038 391 2132 455; x_wconf 87' lang='lat' dir='ltr'><strong>tio,</strong></span> <span class='ocrx_word' id='word_1_12' title='bbox 2176 391 2484 446; x_wconf 90' lang='lat' dir='ltr'><strong>secundum</strong></span> <span class='ocrx_word' id='word_1_13' title='bbox 2546 407 2700 446; x_wconf 89' lang='lat' dir='ltr'><strong>suam</strong></span> <span class='ocrx_word' id='word_1_14' title='bbox 2727 393 3164 464; x_wconf 80' lang='lat' dir='ltr'><strong>uniuscujusque</strong></span> <span class='ocrx_word' id='word_1_15' title='bbox 3208 393 3599 463; x_wconf 77' lang='lat' dir='ltr'><strong>diﬂ&#39;erentiam,</strong></span> 
     </span>
    </p>
   </div>
   <div class='ocr_carea' id='block_1_6' title="bbox 341 480 1926 562">
    <p class='ocr_par' dir='ltr' id='par_1_6' title="bbox 341 480 1926 562">
     <span class='ocr_line' id='line_1_6' title="bbox 341 480 1926 562; baseline -0.009 -16"><span class='ocrx_word' id='word_1_16' title='bbox 341 489 628 562; x_wconf 85' lang='grc' dir='ltr'><strong>διαφοράν,</strong></span> <span class='ocrx_word' id='word_1_17' title='bbox 657 487 754 542; x_wconf 77' lang='grc' dir='ltr'><strong>καὶ</strong></span> <span class='ocrx_word' id='word_1_18' title='bbox 780 486 1094 554; x_wconf 83' lang='grc' dir='ltr'><strong>ἀσὺγχυτος</strong></span> <span class='ocrx_word' id='word_1_19' title='bbox 1123 482 1319 544; x_wconf 75' lang='grc' dir='ltr'><strong>ἓνωσις</strong></span> <span class='ocrx_word' id='word_1_20' title='bbox 1343 485 1487 534; x_wconf 80' lang='grc' dir='ltr'><strong>κατὰ</strong></span> <span class='ocrx_word' id='word_1_21' title='bbox 1529 480 1630 550; x_wconf 81' lang='grc' dir='ltr'><strong>τὴν</strong></span> <span class='ocrx_word' id='word_1_22' title='bbox 1679 480 1926 551; x_wconf 84' lang='grc' dir='ltr'><strong>ἀπαράλ-</strong></span> 
     </span>
    </p>
   </div>
   <div class='ocr_carea' id='block_1_7' title="bbox 343 573 1928 646">
    <p class='ocr_par' dir='ltr' id='par_1_7' title="bbox 343 573 1928 646">
     <span class='ocr_line' id='line_1_7' title="bbox 343 573 1928 646; baseline -0.008 -9"><span class='ocrx_word' id='word_1_23' title='bbox 343 585 542 637; x_wconf 84' lang='grc' dir='ltr'><strong>λακτον</strong></span> <span class='ocrx_word' id='word_1_24' title='bbox 573 584 631 634; x_wconf 83' lang='grc' dir='ltr'><strong>ὲν</strong></span> <span class='ocrx_word' id='word_1_25' title='bbox 689 580 834 641; x_wconf 84' lang='grc' dir='ltr'>ὅλοις</span> <span class='ocrx_word' id='word_1_26' title='bbox 895 576 1228 646; x_wconf 84' lang='grc' dir='ltr'><strong>ταυτότητα,</strong></span> <span class='ocrx_word' id='word_1_27' title='bbox 1287 573 1384 627; x_wconf 80' lang='grc' dir='ltr'><strong>καὶ</strong></span> <span class='ocrx_word' id='word_1_28' title='bbox 1431 575 1466 643; x_wconf 86' lang='grc' dir='ltr'><strong>ἡ</strong></span> <span class='ocrx_word' id='word_1_29' title='bbox 1518 573 1736 627; x_wconf 87' lang='grc' dir='ltr'><strong>πάντων</strong></span> <span class='ocrx_word' id='word_1_30' title='bbox 1790 575 1928 643; x_wconf 77' lang='grc' dir='ltr'><strong>πρὸς</strong></span> 
     </span>
    </p>
   </div>
   <div class='ocr_carea' id='block_1_8' title="bbox 345 663 1925 740">
    <p class='ocr_par' dir='ltr' id='par_1_8' title="bbox 345 663 1925 740">
     <span class='ocr_line' id='line_1_8' title="bbox 345 663 1925 740; baseline -0.008 -12"><span class='ocrx_word' id='word_1_31' title='bbox 345 676 547 737; x_wconf 78' lang='grc' dir='ltr'><strong>πάντα,</strong></span> <span class='ocrx_word' id='word_1_32' title='bbox 578 671 665 725; x_wconf 82' lang='grc' dir='ltr'><strong>ἵνα</strong></span> <span class='ocrx_word' id='word_1_33' title='bbox 695 669 772 740; x_wconf 84' lang='grc' dir='ltr'><strong>μὴ</strong></span> <span class='ocrx_word' id='word_1_34' title='bbox 795 667 866 721; x_wconf 83' lang='grc' dir='ltr'><strong>τὰ</strong></span> <span class='ocrx_word' id='word_1_35' title='bbox 913 665 1038 720; x_wconf 83' lang='grc' dir='ltr'><strong>καθ’</strong></span> <span class='ocrx_word' id='word_1_36' title='bbox 1073 666 1305 718; x_wconf 71' lang='grc' dir='ltr'><strong>ἕκαστον</strong></span> <span class='ocrx_word' id='word_1_37' title='bbox 1333 663 1502 732; x_wconf 86' lang='grc' dir='ltr'><strong>λέγω,</strong></span> <span class='ocrx_word' id='word_1_38' title='bbox 1540 663 1828 735; x_wconf 86' lang='grc' dir='ltr'><strong>σὺγκρισίς</strong></span> <span class='ocrx_word' id='word_1_39' title='bbox 1868 681 1925 716; x_wconf 88' lang='grc' dir='ltr'><strong>τε</strong></span> 
     </span>
    </p>
   </div>
   <div class='ocr_carea' id='block_1_9' title="bbox 346 742 1929 833">
    <p class='ocr_par' dir='ltr' id='par_1_9' title="bbox 346 742 1929 833">
     <span class='ocr_line' id='line_1_9' title="bbox 346 742 1929 833; baseline -0.008 -13"><span class='ocrx_word' id='word_1_40' title='bbox 346 765 441 820; x_wconf 75' lang='grc' dir='ltr'><strong>καὶ</strong></span> <span class='ocrx_word' id='word_1_41' title='bbox 467 764 764 833; x_wconf 76' lang='grc' dir='ltr'><strong>διάκρισις,</strong></span> <span class='ocrx_word' id='word_1_42' title='bbox 795 759 890 813; x_wconf 73' lang='grc' dir='ltr'><strong>καὶ</strong></span> <span class='ocrx_word' id='word_1_43' title='bbox 918 760 950 828; x_wconf 83' lang='grc' dir='ltr'>ἡ</span> <span class='ocrx_word' id='word_1_44' title='bbox 989 742 1208 810; x_wconf 80' lang='grc' dir='ltr'><strong>πάντων</strong></span> <span class='ocrx_word' id='word_1_45' title='bbox 1255 756 1352 808; x_wconf 79' lang='grc' dir='ltr'><strong>καὶ</strong></span> <span class='ocrx_word' id='word_1_46' title='bbox 1379 756 1611 810; x_wconf 78' lang='grc' dir='ltr'><strong>ἑκάστου</strong></span> <span class='ocrx_word' id='word_1_47' title='bbox 1643 756 1765 810; x_wconf 82' lang='grc' dir='ltr'><strong>κατ’</strong></span> <span class='ocrx_word' id='word_1_48' title='bbox 1791 751 1929 817; x_wconf 80' lang='grc' dir='ltr'><strong>εἶδος</strong></span> 
     </span>
    </p>
   </div>
   <div class='ocr_carea' id='block_1_10' title="bbox 347 847 1928 924">
    <p class='ocr_par' dir='ltr' id='par_1_10' title="bbox 347 847 1928 924">
     <span class='ocr_line' id='line_1_10' title="bbox 347 847 1928 924; baseline -0.006 -15"><span class='ocrx_word' id='word_1_49' title='bbox 347 856 566 924; x_wconf 82' lang='grc' dir='ltr'><strong>διαδοχὴ</strong></span> <span class='ocrx_word' id='word_1_50' title='bbox 616 851 704 906; x_wconf 81' lang='grc' dir='ltr'><strong>ἀεὶ</strong></span> <span class='ocrx_word' id='word_1_51' title='bbox 758 847 1164 920; x_wconf 83' lang='grc' dir='ltr'><strong>φυλαττομένη,</strong></span> <span class='ocrx_word' id='word_1_52' title='bbox 1198 848 1431 918; x_wconf 82' lang='grc' dir='ltr'><strong>μηδενὸς</strong></span> <span class='ocrx_word' id='word_1_53' title='bbox 1451 847 1512 900; x_wconf 83' lang='grc' dir='ltr'><strong>τὸ</strong></span> <span class='ocrx_word' id='word_1_54' title='bbox 1538 848 1802 918; x_wconf 86' lang='grc' dir='ltr'><strong>παράπαν</strong></span> <span class='ocrx_word' id='word_1_55' title='bbox 1830 847 1928 900; x_wconf 80' lang='grc' dir='ltr'><strong>τοῦ</strong></span> 
     </span>
    </p>
   </div>
   <div class='ocr_carea' id='block_1_11' title="bbox 346 935 1930 1011">
    <p class='ocr_par' dir='ltr' id='par_1_11' title="bbox 346 935 1930 1011">
     <span class='ocr_line' id='line_1_11' title="bbox 346 935 1930 1011; baseline -0.008 -12"><span class='ocrx_word' id='word_1_56' title='bbox 346 944 551 999; x_wconf 78' lang='grc' dir='ltr'><strong>οἰκείου</strong></span> <span class='ocrx_word' id='word_1_57' title='bbox 567 942 668 1011; x_wconf 84' lang='grc' dir='ltr'><strong>τῆς</strong></span> <span class='ocrx_word' id='word_1_58' title='bbox 688 939 905 1011; x_wconf 81' lang='grc' dir='ltr'><strong>φύσεως</strong></span> <span class='ocrx_word' id='word_1_59' title='bbox 927 937 1089 1006; x_wconf 88' lang='grc' dir='ltr'><strong>λόγου</strong></span> <span class='ocrx_word' id='word_1_60' title='bbox 1121 935 1642 1008; x_wconf 86' lang='grc' dir='ltr'><strong>παραφθειρομένου</strong></span> <span class='ocrx_word' id='word_1_61' title='bbox 1673 938 1769 990; x_wconf 77' lang='grc' dir='ltr'><strong>καὶ</strong></span> <span class='ocrx_word' id='word_1_62' title='bbox 1793 935 1930 1006; x_wconf 85' lang='grc' dir='ltr'><strong>πρὸς</strong></span> 
     </span>
    </p>
   </div>
   <div class='ocr_carea' id='block_1_12' title="bbox 349 1027 1929 1106">
    <p class='ocr_par' dir='ltr' id='par_1_12' title="bbox 349 1027 1929 1106">
     <span class='ocr_line' id='line_1_12' title="bbox 349 1027 1929 1106; baseline -0.006 -16"><span class='ocrx_word' id='word_1_63' title='bbox 349 1038 477 1091; x_wconf 69' lang='grc' dir='ltr'><strong>ἄλλο</strong></span> <span class='ocrx_word' id='word_1_64' title='bbox 498 1034 860 1106; x_wconf 82' lang='grc' dir='ltr'><strong>συγχεομένου</strong></span> <span class='ocrx_word' id='word_1_65' title='bbox 881 1049 940 1084; x_wconf 81' lang='grc' dir='ltr'><strong>τε</strong></span> <span class='ocrx_word' id='word_1_66' title='bbox 964 1031 1058 1084; x_wconf 76' lang='grc' dir='ltr'><strong>καὶ</strong></span> <span class='ocrx_word' id='word_1_67' title='bbox 1091 1029 1441 1100; x_wconf 83' lang='grc' dir='ltr'><strong>συγχέοντος,</strong></span> <span class='ocrx_word' id='word_1_68' title='bbox 1475 1029 1717 1083; x_wconf 85' lang='grc' dir='ltr'><strong>δείκνυσι</strong></span> <span class='ocrx_word' id='word_1_69' title='bbox 1744 1027 1929 1096; x_wconf 82' lang='grc' dir='ltr'>σαφῶς</span> 
     </span>
    </p>
   </div>
   <div class='ocr_carea' id='block_1_13' title="bbox 347 1119 1929 1196">
    <p class='ocr_par' dir='ltr' id='par_1_13' title="bbox 347 1119 1929 1196">
     <span class='ocr_line' id='line_1_13' title="bbox 347 1119 1929 1196; baseline -0.008 -12"><span class='ocrx_word' id='word_1_70' title='bbox 347 1130 417 1184; x_wconf 85' lang='grc' dir='ltr'><strong>τὰ</strong></span> <span class='ocrx_word' id='word_1_71' title='bbox 447 1129 626 1182; x_wconf 90' lang='grc' dir='ltr'><strong>πάντα</strong></span> <span class='ocrx_word' id='word_1_72' title='bbox 659 1128 724 1196; x_wconf 81' lang='grc' dir='ltr'><strong>τῇ</strong></span> <span class='ocrx_word' id='word_1_73' title='bbox 779 1122 1009 1194; x_wconf 77' lang='grc' dir='ltr'><strong>προνοίᾳ</strong></span> <span class='ocrx_word' id='word_1_74' title='bbox 1051 1120 1372 1189; x_wconf 81' lang='grc' dir='ltr'><strong>συνέχεσθαι</strong></span> <span class='ocrx_word' id='word_1_75' title='bbox 1417 1121 1512 1173; x_wconf 82' lang='grc' dir='ltr'><strong>τοῦ</strong></span> <span class='ocrx_word' id='word_1_76' title='bbox 1569 1119 1929 1188; x_wconf 83' lang='grc' dir='ltr'><strong>πεποιηκότος</strong></span> 
     </span>
    </p>
   </div>
   <div class='ocr_carea' id='block_1_14' title="bbox 349 1209 1928 1286">
    <p class='ocr_par' dir='ltr' id='par_1_14' title="bbox 349 1209 1928 1286">
     <span class='ocr_line' id='line_1_14' title="bbox 349 1209 1928 1286; baseline -0.009 -11"><span class='ocrx_word' id='word_1_77' title='bbox 349 1219 507 1275; x_wconf 74' lang='grc' dir='ltr'><strong>Θεοῦ.</strong></span> <span class='ocrx_word' id='word_1_78' title='bbox 538 1218 613 1271; x_wconf 87' lang='grc' dir='ltr'><strong>Οὑ</strong></span> <span class='ocrx_word' id='word_1_79' title='bbox 639 1219 747 1286; x_wconf 83' lang='grc' dir='ltr'><strong>γὰρ</strong></span> <span class='ocrx_word' id='word_1_80' title='bbox 771 1209 882 1268; x_wconf 75' lang='grc' dir='ltr'><strong>οἷόν</strong></span> <span class='ocrx_word' id='word_1_81' title='bbox 912 1213 970 1266; x_wconf 87' lang='grc' dir='ltr'><strong>τέ</strong></span> <span class='ocrx_word' id='word_1_82' title='bbox 1002 1214 1153 1265; x_wconf 80' lang='grc' dir='ltr'><strong>ἐστιν</strong></span> <span class='ocrx_word' id='word_1_83' title='bbox 1195 1211 1400 1279; x_wconf 81' lang='grc' dir='ltr'><strong>ἀγαθὸν</strong></span> <span class='ocrx_word' id='word_1_84' title='bbox 1420 1211 1551 1264; x_wconf 81' lang='grc' dir='ltr'><strong>ὅντα</strong></span> <span class='ocrx_word' id='word_1_85' title='bbox 1574 1211 1666 1263; x_wconf 83' lang='grc' dir='ltr'><strong>τὸν</strong></span> <span class='ocrx_word' id='word_1_86' title='bbox 1689 1210 1822 1262; x_wconf 74' lang='grc' dir='ltr'><strong>Θεὸν</strong></span> <span class='ocrx_word' id='word_1_87' title='bbox 1853 1211 1928 1280; x_wconf 84' lang='grc' dir='ltr'><strong>μὴ</strong></span> 
     </span>
    </p>
   </div>
   <div class='ocr_carea' id='block_1_15' title="bbox 349 1297 1930 1378">
    <p class='ocr_par' dir='ltr' id='par_1_15' title="bbox 349 1297 1930 1378">
     <span class='ocr_line' id='line_1_15' title="bbox 349 1297 1930 1378; baseline -0.008 -15"><span class='ocrx_word' id='word_1_88' title='bbox 349 1309 444 1364; x_wconf 78' lang='grc' dir='ltr'><strong>καὶ</strong></span> <span class='ocrx_word' id='word_1_89' title='bbox 469 1305 814 1378; x_wconf 74' lang='grc' dir='ltr'><strong>εὐεργετικὸν</strong></span> <span class='ocrx_word' id='word_1_90' title='bbox 837 1303 1055 1365; x_wconf 87' lang='grc' dir='ltr'><strong>πάντως</strong></span> <span class='ocrx_word' id='word_1_91' title='bbox 1082 1297 1248 1366; x_wconf 83' lang='grc' dir='ltr'><strong>εἶναι,</strong></span> <span class='ocrx_word' id='word_1_92' title='bbox 1271 1302 1406 1372; x_wconf 87' lang='grc' dir='ltr'><strong>μηδὲ</strong></span> <span class='ocrx_word' id='word_1_93' title='bbox 1429 1301 1778 1372; x_wconf 77' lang='grc' dir='ltr'><strong>εὐεργετικὸν</strong></span> <span class='ocrx_word' id='word_1_94' title='bbox 1800 1300 1930 1352; x_wconf 74' lang='grc' dir='ltr'><strong>ὄντα</strong></span> 
     </span>
    </p>
   </div>
   <div class='ocr_carea' id='block_1_16' title="bbox 353 1388 1930 1470">
    <p class='ocr_par' dir='ltr' id='par_1_16' title="bbox 353 1388 1930 1470">
     <span class='ocr_line' id='line_1_16' title="bbox 353 1388 1930 1470; baseline -0.007 -18"><span class='ocrx_word' id='word_1_95' title='bbox 353 1401 432 1470; x_wconf 77' lang='grc' dir='ltr'><strong>μὴ</strong></span> <span class='ocrx_word' id='word_1_96' title='bbox 461 1397 556 1452; x_wconf 78' lang='grc' dir='ltr'><strong>καὶ</strong></span> <span class='ocrx_word' id='word_1_97' title='bbox 585 1393 944 1469; x_wconf 84' lang='grc' dir='ltr'><strong>προνοητικὸν</strong></span> <span class='ocrx_word' id='word_1_98' title='bbox 963 1393 1187 1456; x_wconf 82' lang='grc' dir='ltr'><strong>πάντως</strong></span> <span class='ocrx_word' id='word_1_99' title='bbox 1213 1388 1374 1457; x_wconf 74' lang='grc' dir='ltr'><strong>εἶναι,</strong></span> <span class='ocrx_word' id='word_1_100' title='bbox 1405 1393 1497 1444; x_wconf 72' lang='grc' dir='ltr'><strong>καὶ</strong></span> <span class='ocrx_word' id='word_1_101' title='bbox 1525 1392 1613 1445; x_wconf 78' lang='grc' dir='ltr'><strong>διὰ</strong></span> <span class='ocrx_word' id='word_1_102' title='bbox 1635 1390 1794 1443; x_wconf 79' lang='grc' dir='ltr'><strong>τοῦτο</strong></span> <span class='ocrx_word' id='word_1_103' title='bbox 1822 1390 1930 1442; x_wconf 83' lang='grc' dir='ltr'><strong>τῶν</strong></span> 
     </span>
    </p>
   </div>
   <div class='ocr_carea' id='block_1_17' title="bbox 355 1480 1931 1557">
    <p class='ocr_par' dir='ltr' id='par_1_17' title="bbox 355 1480 1931 1557">
     <span class='ocr_line' id='line_1_17' title="bbox 355 1480 1931 1557; baseline -0.008 -13"><span class='ocrx_word' id='word_1_104' title='bbox 355 1492 525 1544; x_wconf 76' lang='grc' dir='ltr'><strong>ὅντων</strong></span> <span class='ocrx_word' id='word_1_105' title='bbox 559 1484 881 1557; x_wconf 84' lang='grc' dir='ltr'><strong>θεοπρεπῶς</strong></span> <span class='ocrx_word' id='word_1_106' title='bbox 940 1482 1374 1553; x_wconf 76' lang='grc' dir='ltr'><strong>ἐπιμελούμενον</strong></span> <span class='ocrx_word' id='word_1_107' title='bbox 1425 1480 1604 1550; x_wconf 84' lang='grc' dir='ltr'><strong>σοφῶς</strong></span> <span class='ocrx_word' id='word_1_108' title='bbox 1651 1481 1692 1511; x_wconf 84' lang='grc'><strong>¹⁰</strong></span> <span class='ocrx_word' id='word_1_109' title='bbox 1747 1481 1931 1543; x_wconf 82' lang='grc' dir='ltr'><strong>αὑτοῖς</strong></span> 
     </span>
    </p>
   </div>
   <div class='ocr_carea' id='block_1_18' title="bbox 352 1571 1928 1651">
    <p class='ocr_par' dir='ltr' id='par_1_18' title="bbox 352 1571 1928 1651">
     <span class='ocr_line' id='line_1_18' title="bbox 352 1571 1928 1651; baseline -0.007 -16"><span class='ocrx_word' id='word_1_110' title='bbox 352 1581 540 1651; x_wconf 82' lang='grc' dir='ltr'><strong>ὥσπερ</strong></span> <span class='ocrx_word' id='word_1_111' title='bbox 590 1579 652 1632; x_wconf 83' lang='grc' dir='ltr'><strong>τὸ</strong></span> <span class='ocrx_word' id='word_1_112' title='bbox 706 1575 844 1630; x_wconf 78' lang='grc' dir='ltr'><strong>εἶναι</strong></span> <span class='ocrx_word' id='word_1_113' title='bbox 893 1575 989 1628; x_wconf 71' lang='grc' dir='ltr'><strong>καὶ</strong></span> <span class='ocrx_word' id='word_1_114' title='bbox 1058 1575 1158 1643; x_wconf 81' lang='grc' dir='ltr'><strong>τὴν</strong></span> <span class='ocrx_word' id='word_1_115' title='bbox 1208 1573 1532 1644; x_wconf 75' lang='grc' dir='ltr'><strong>κηδεμονίαν</strong></span> <span class='ocrx_word' id='word_1_116' title='bbox 1584 1571 1928 1642; x_wconf 79' lang='grc' dir='ltr'><strong>χαρίζεσθαι.</strong></span> 
     </span>
    </p>
   </div>
   <div class='ocr_carea' id='block_1_19' title="bbox 353 1663 1929 1742">
    <p class='ocr_par' dir='ltr' id='par_1_19' title="bbox 353 1663 1929 1742">
     <span class='ocr_line' id='line_1_19' title="bbox 353 1663 1929 1742; baseline -0.006 -16"><span class='ocrx_word' id='word_1_117' title='bbox 353 1670 590 1742; x_wconf 87' lang='grc' dir='ltr'><strong>Πρόνοια</strong></span> <span class='ocrx_word' id='word_1_118' title='bbox 643 1667 752 1739; x_wconf 87' lang='grc' dir='ltr'><strong>γάρ</strong></span> <span class='ocrx_word' id='word_1_119' title='bbox 797 1668 911 1720; x_wconf 82' lang='grc' dir='ltr'><strong>ἐστι</strong></span> <span class='ocrx_word' id='word_1_120' title='bbox 954 1665 1094 1719; x_wconf 77' lang='grc' dir='ltr'><strong>κατὰ</strong></span> <span class='ocrx_word' id='word_1_121' title='bbox 1140 1665 1268 1726; x_wconf 81' lang='grc' dir='ltr'><strong>τοὺς</strong></span> <span class='ocrx_word' id='word_1_122' title='bbox 1291 1663 1584 1734; x_wconf 71' lang='grc' dir='ltr'><strong>θεοφόρους</strong></span> <span class='ocrx_word' id='word_1_123' title='bbox 1613 1663 1929 1734; x_wconf 84' lang='grc' dir='ltr'><strong>Πατέρσςή</strong></span> 
     </span>
    </p>
   </div>
   <div class='ocr_carea' id='block_1_20' title="bbox 355 1754 1927 1826">
    <p class='ocr_par' dir='ltr' id='par_1_20' title="bbox 355 1754 1927 1826">
     <span class='ocr_line' id='line_1_20' title="bbox 355 1754 1927 1826; baseline -0.006 -10"><span class='ocrx_word' id='word_1_124' title='bbox 355 1763 422 1817; x_wconf 81' lang='grc' dir='ltr'><strong>ὲκ</strong></span> <span class='ocrx_word' id='word_1_125' title='bbox 439 1759 576 1816; x_wconf 78' lang='grc' dir='ltr'><strong>Θεοῦ</strong></span> <span class='ocrx_word' id='word_1_126' title='bbox 615 1761 694 1823; x_wconf 84' lang='grc' dir='ltr'><strong>είς</strong></span> <span class='ocrx_word' id='word_1_127' title='bbox 727 1761 795 1813; x_wconf 83' lang='grc' dir='ltr'><strong>τὰ</strong></span> <span class='ocrx_word' id='word_1_128' title='bbox 825 1759 952 1812; x_wconf 78' lang='grc' dir='ltr'><strong>ὅντα</strong></span> <span class='ocrx_word' id='word_1_129' title='bbox 979 1756 1247 1826; x_wconf 77' lang='grc' dir='ltr'><strong>γινομένη</strong></span> <span class='ocrx_word' id='word_1_130' title='bbox 1272 1754 1583 1824; x_wconf 78' lang='grc' dir='ltr'><strong>ἐπιμέλεια.</strong></span> <span class='ocrx_word' id='word_1_131' title='bbox 1625 1754 1927 1825; x_wconf 84' lang='grc' dir='ltr'><strong>Ὀρίζονται</strong></span> 
     </span>
    </p>
   </div>
   <div class='ocr_carea' id='block_1_21' title="bbox 354 1845 1927 1924">
    <p class='ocr_par' dir='ltr' id='par_1_21' title="bbox 354 1845 1927 1924">
     <span class='ocr_line' id='line_1_21' title="bbox 354 1845 1927 1924; baseline -0.006 -15"><span class='ocrx_word' id='word_1_132' title='bbox 354 1855 414 1908; x_wconf 78' lang='grc' dir='ltr'><strong>δὲ</strong></span> <span class='ocrx_word' id='word_1_133' title='bbox 441 1853 610 1924; x_wconf 82' lang='grc' dir='ltr'><strong>αὐτὴν</strong></span> <span class='ocrx_word' id='word_1_134' title='bbox 637 1851 732 1906; x_wconf 79' lang='grc' dir='ltr'><strong>καὶ</strong></span> <span class='ocrx_word' id='word_1_135' title='bbox 780 1849 976 1913; x_wconf 85' lang='grc' dir='ltr'><strong>οὑτως,</strong></span> <span class='ocrx_word' id='word_1_136' title='bbox 1039 1847 1274 1920; x_wconf 85' lang='grc' dir='ltr'><strong>Πρόνοιά</strong></span> <span class='ocrx_word' id='word_1_137' title='bbox 1323 1848 1440 1900; x_wconf 80' lang='grc' dir='ltr'><strong>ἐστι</strong></span> <span class='ocrx_word' id='word_1_138' title='bbox 1497 1845 1750 1916; x_wconf 85' lang='grc' dir='ltr'><strong>βούλησις</strong></span> <span class='ocrx_word' id='word_1_139' title='bbox 1791 1845 1927 1900; x_wconf 82' lang='grc' dir='ltr'><strong>Θεοῦ</strong></span> 
     </span>
    </p>
   </div>
   <div class='ocr_carea' id='block_1_22' title="bbox 355 1929 1932 2015">
    <p class='ocr_par' dir='ltr' id='par_1_22' title="bbox 355 1929 1932 2015">
     <span class='ocr_line' id='line_1_22' title="bbox 355 1929 1932 2015; baseline -0.01 -16"><span class='ocrx_word' id='word_1_140' title='bbox 355 1946 425 2000; x_wconf 82' lang='grc' dir='ltr'><strong>δι’</strong></span> <span class='ocrx_word' id='word_1_141' title='bbox 455 1946 523 2015; x_wconf 83' lang='grc' dir='ltr'><strong>ἢν</strong></span> <span class='ocrx_word' id='word_1_142' title='bbox 548 1945 726 1998; x_wconf 87' lang='grc' dir='ltr'><strong>πάντα</strong></span> <span class='ocrx_word' id='word_1_143' title='bbox 755 1941 824 1994; x_wconf 83' lang='grc' dir='ltr'><strong>τά</strong></span> <span class='ocrx_word' id='word_1_144' title='bbox 853 1940 982 1993; x_wconf 77' lang='grc' dir='ltr'><strong>ὄντα</strong></span> <span class='ocrx_word' id='word_1_145' title='bbox 1008 1937 1106 2009; x_wconf 78' lang='grc' dir='ltr'><strong>τὴν</strong></span> <span class='ocrx_word' id='word_1_146' title='bbox 1139 1929 1322 2008; x_wconf 75' lang='lat'><strong>(173</strong></span> <span class='ocrx_word' id='word_1_147' title='bbox 1346 1936 1396 2005; x_wconf 93' lang='lat' dir='ltr'><strong>b)</strong></span> <span class='ocrx_word' id='word_1_148' title='bbox 1425 1937 1735 2008; x_wconf 81' lang='grc' dir='ltr'><strong>πρόσφορον</strong></span> <span class='ocrx_word' id='word_1_149' title='bbox 1754 1936 1932 2002; x_wconf 76' lang='grc' dir='ltr'><strong>διεξα-</strong></span> 
     </span>
    </p>
   </div>
   <div class='ocr_carea' id='block_1_23' title="bbox 357 2027 1931 2107">
    <p class='ocr_par' dir='ltr' id='par_1_23' title="bbox 357 2027 1931 2107">
     <span class='ocr_line' id='line_1_23' title="bbox 357 2027 1931 2107; baseline -0.006 -17"><span class='ocrx_word' id='word_1_150' title='bbox 357 2038 545 2107; x_wconf 81' lang='grc' dir='ltr'><strong>γωγὴν</strong></span> <span class='ocrx_word' id='word_1_151' title='bbox 576 2033 867 2104; x_wconf 88' lang='grc' dir='ltr'><strong>λαμϐάνει.</strong></span> <span class='ocrx_word' id='word_1_152' title='bbox 902 2032 964 2084; x_wconf 81' lang='lat' dir='ltr'><strong>Ei</strong></span> <span class='ocrx_word' id='word_1_153' title='bbox 1006 2029 1062 2083; x_wconf 86' lang='grc' dir='ltr'><strong>δὲ</strong></span> <span class='ocrx_word' id='word_1_154' title='bbox 1111 2029 1248 2082; x_wconf 87' lang='grc' dir='ltr'><strong>Θεοῦ</strong></span> <span class='ocrx_word' id='word_1_155' title='bbox 1305 2027 1558 2098; x_wconf 82' lang='grc' dir='ltr'><strong>βούλησίς</strong></span> <span class='ocrx_word' id='word_1_156' title='bbox 1618 2029 1787 2092; x_wconf 78' lang='grc' dir='ltr'><strong>ἐστιν,</strong></span> <span class='ocrx_word' id='word_1_157' title='bbox 1845 2029 1931 2080; x_wconf 74' lang='grc' dir='ltr'><strong>ἵνα</strong></span> 
     </span>
    </p>
   </div>
   <div class='ocr_carea' id='block_1_24' title="bbox 356 2118 1930 2190">
    <p class='ocr_par' dir='ltr' id='par_1_24' title="bbox 356 2118 1930 2190">
     <span class='ocr_line' id='line_1_24' title="bbox 356 2118 1930 2190; baseline -0.008 -7"><span class='ocrx_word' id='word_1_158' title='bbox 356 2129 543 2190; x_wconf 81' lang='grc' dir='ltr'><strong>αὑτοῖς</strong></span> <span class='ocrx_word' id='word_1_159' title='bbox 569 2127 678 2179; x_wconf 87' lang='grc' dir='ltr'><strong>τῶν</strong></span> <span class='ocrx_word' id='word_1_160' title='bbox 705 2121 1045 2177; x_wconf 79' lang='grc' dir='ltr'><strong>διδασκάλων</strong></span> <span class='ocrx_word' id='word_1_161' title='bbox 1072 2119 1368 2189; x_wconf 84' lang='grc' dir='ltr'><strong>χρήσωμαι</strong></span> <span class='ocrx_word' id='word_1_162' title='bbox 1405 2121 1518 2182; x_wconf 90' lang='grc' dir='ltr'><strong>τοῖς</strong></span> <span class='ocrx_word' id='word_1_163' title='bbox 1550 2118 1751 2186; x_wconf 84' lang='grc' dir='ltr'><strong>λόγοις,</strong></span> <span class='ocrx_word' id='word_1_164' title='bbox 1779 2120 1930 2172; x_wconf 86' lang='grc' dir='ltr'><strong>πᾶσα</strong></span> 
     </span>
    </p>
   </div>
   <div class='ocr_carea' id='block_1_25' title="bbox 255 2212 1928 2288">
    <p class='ocr_par' dir='ltr' id='par_1_25' title="bbox 255 2212 1928 2288">
     <span class='ocr_line' id='line_1_25' title="bbox 255 2212 1928 2288; baseline -0.006 -11"><span class='ocrx_word' id='word_1_165' title='bbox 255 2219 266 2229; x_wconf 66' lang='grc'><em>“</em></span> <span class='ocrx_word' id='word_1_166' title='bbox 358 2221 573 2288; x_wconf 80' lang='grc' dir='ltr'><strong>ἀνάγκη</strong></span> <span class='ocrx_word' id='word_1_167' title='bbox 599 2216 741 2271; x_wconf 83' lang='grc' dir='ltr'><strong>κατὰ</strong></span> <span class='ocrx_word' id='word_1_168' title='bbox 766 2216 856 2270; x_wconf 76' lang='grc' dir='ltr'><strong>τὸν</strong></span> <span class='ocrx_word' id='word_1_169' title='bbox 890 2215 1052 2285; x_wconf 80' lang='grc' dir='ltr'><strong>ὀρθὸν</strong></span> <span class='ocrx_word' id='word_1_170' title='bbox 1088 2213 1248 2282; x_wconf 83' lang='grc' dir='ltr'><strong>λόγον</strong></span> <span class='ocrx_word' id='word_1_171' title='bbox 1276 2213 1526 2281; x_wconf 86' lang='grc' dir='ltr'><strong>γίνεσθαι</strong></span> <span class='ocrx_word' id='word_1_172' title='bbox 1550 2212 1619 2266; x_wconf 84' lang='grc' dir='ltr'><strong>τὰ</strong></span> <span class='ocrx_word' id='word_1_173' title='bbox 1647 2214 1928 2283; x_wconf 89' lang='grc' dir='ltr'><strong>γινόμενα,</strong></span> 
     </span>
    </p>
   </div>
   <div class='ocr_carea' id='block_1_26' title="bbox 359 2300 1930 2383">
    <p class='ocr_par' dir='ltr' id='par_1_26' title="bbox 359 2300 1930 2383">
     <span class='ocr_line' id='line_1_26' title="bbox 359 2300 1930 2383; baseline -0.004 -18"><span class='ocrx_word' id='word_1_174' title='bbox 359 2313 458 2383; x_wconf 70' lang='grc' dir='ltr'><strong>τὴν</strong></span> <span class='ocrx_word' id='word_1_175' title='bbox 491 2310 726 2380; x_wconf 81' lang='grc' dir='ltr'><strong>κρείττω</strong></span> <span class='ocrx_word' id='word_1_176' title='bbox 757 2308 834 2377; x_wconf 85' lang='grc' dir='ltr'><strong>μὴ</strong></span> <span class='ocrx_word' id='word_1_177' title='bbox 876 2306 1242 2376; x_wconf 79' lang='grc' dir='ltr'><strong>ὲπιδεχόμενα</strong></span> <span class='ocrx_word' id='word_1_178' title='bbox 1275 2303 1446 2369; x_wconf 79' lang='grc' dir='ltr'><strong>τάξιν,</strong></span> <span class='ocrx_word' id='word_1_179' title='bbox 1477 2305 1641 2358; x_wconf 82' lang='grc' dir='ltr'><strong>αὑτὸν</strong></span> <span class='ocrx_word' id='word_1_180' title='bbox 1671 2300 1764 2359; x_wconf 80' lang='grc' dir='ltr'><strong>οὖν</strong></span> <span class='ocrx_word' id='word_1_181' title='bbox 1793 2301 1930 2359; x_wconf 78' lang='grc' dir='ltr'><strong>εἶναι</strong></span> 
     </span>
    </p>
   </div>
   <div class='ocr_carea' id='block_1_27' title="bbox 361 2396 1931 2473">
    <p class='ocr_par' dir='ltr' id='par_1_27' title="bbox 361 2396 1931 2473">
     <span class='ocr_line' id='line_1_27' title="bbox 361 2396 1931 2473; baseline -0.004 -17"><span class='ocrx_word' id='word_1_182' title='bbox 361 2402 668 2473; x_wconf 75' lang='grc' dir='ltr'><strong>προνοητὴν</strong></span> <span class='ocrx_word' id='word_1_183' title='bbox 721 2401 784 2452; x_wconf 79' lang='grc' dir='ltr'><strong>ὲκ</strong></span> <span class='ocrx_word' id='word_1_184' title='bbox 822 2397 1020 2460; x_wconf 80' lang='grc' dir='ltr'><strong>παντὸς</strong></span> <span class='ocrx_word' id='word_1_185' title='bbox 1063 2396 1470 2467; x_wconf 84' lang='grc' dir='ltr'><strong>τρόπουείπεῖν</strong></span> <span class='ocrx_word' id='word_1_186' title='bbox 1511 2396 1872 2466; x_wconf 82' lang='grc' dir='ltr'><strong>ὲναχθὴσεται</strong></span> <span class='ocrx_word' id='word_1_187' title='bbox 1903 2397 1931 2450; x_wconf 89' lang='grc' dir='ltr'><strong>ό</strong></span> 
     </span>
    </p>
   </div>
   <div class='ocr_carea' id='block_1_28' title="bbox 359 2487 1932 2564">
    <p class='ocr_par' dir='ltr' id='par_1_28' title="bbox 359 2487 1932 2564">
     <span class='ocr_line' id='line_1_28' title="bbox 359 2487 1932 2564; baseline -0.002 -18"><span class='ocrx_word' id='word_1_188' title='bbox 359 2493 460 2564; x_wconf 82' lang='grc' dir='ltr'><strong>τὴν</strong></span> <span class='ocrx_word' id='word_1_189' title='bbox 500 2491 761 2562; x_wconf 81' lang='grc' dir='ltr'><strong>ἀλήθειαν</strong></span> <span class='ocrx_word' id='word_1_190' title='bbox 791 2489 985 2558; x_wconf 77' lang='grc' dir='ltr'><strong>ὁδηγὸν</strong></span> <span class='ocrx_word' id='word_1_191' title='bbox 1019 2488 1164 2558; x_wconf 83' lang='grc' dir='ltr'><strong>ἔχειν</strong></span> <span class='ocrx_word' id='word_1_192' title='bbox 1189 2487 1467 2558; x_wconf 70' lang='grc' dir='ltr'><strong>ἑλόμενος,</strong></span> <span class='ocrx_word' id='word_1_193' title='bbox 1493 2488 1553 2541; x_wconf 84' lang='grc' dir='ltr'><strong>ὃν</strong></span> <span class='ocrx_word' id='word_1_194' title='bbox 1579 2491 1675 2543; x_wconf 76' lang='grc' dir='ltr'><strong>καὶ</strong></span> <span class='ocrx_word' id='word_1_195' title='bbox 1702 2490 1932 2561; x_wconf 81' lang='grc' dir='ltr'><strong>ποιητὴν</strong></span> 
     </span>
    </p>
   </div>
   <div class='ocr_carea' id='block_1_29' title="bbox 360 2579 1929 2651">
    <p class='ocr_par' dir='ltr' id='par_1_29' title="bbox 360 2579 1929 2651">
     <span class='ocr_line' id='line_1_29' title="bbox 360 2579 1929 2651; baseline -0.001 -15"><span class='ocrx_word' id='word_1_196' title='bbox 360 2584 501 2651; x_wconf 75' lang='grc' dir='ltr'><strong>ἔγνω</strong></span> <span class='ocrx_word' id='word_1_197' title='bbox 535 2582 641 2635; x_wconf 86' lang='grc' dir='ltr'><strong>τῶν</strong></span> <span class='ocrx_word' id='word_1_198' title='bbox 666 2581 836 2634; x_wconf 76' lang='grc' dir='ltr'><strong>ὄντων</strong></span> <span class='ocrx_word' id='word_1_199' title='bbox 872 2579 1111 2648; x_wconf 85' lang='grc' dir='ltr'><strong>άληθῶς,</strong></span> <span class='ocrx_word' id='word_1_200' title='bbox 1133 2579 1166 2650; x_wconf 81' lang='grc' dir='ltr'><strong>ἢ</strong></span> <span class='ocrx_word' id='word_1_201' title='bbox 1186 2579 1282 2632; x_wconf 76' lang='grc' dir='ltr'><strong>τοῦ</strong></span> <span class='ocrx_word' id='word_1_202' title='bbox 1309 2580 1670 2650; x_wconf 85' lang='grc' dir='ltr'><strong>πεποιηκότος</strong></span> <span class='ocrx_word' id='word_1_203' title='bbox 1693 2582 1760 2635; x_wconf 81' lang='grc' dir='ltr'><strong>τὰ</strong></span> <span class='ocrx_word' id='word_1_204' title='bbox 1781 2581 1929 2646; x_wconf 76' lang='grc' dir='ltr'><strong>ὂντα,</strong></span> 
     </span>
    </p>
   </div>
   <div class='ocr_carea' id='block_1_30' title="bbox 359 2670 1932 2744">
    <p class='ocr_par' dir='ltr' id='par_1_30' title="bbox 359 2670 1932 2744">
     <span class='ocr_line' id='line_1_30' title="bbox 359 2670 1932 2744; baseline -0.002 -15"><span class='ocrx_word' id='word_1_205' title='bbox 359 2674 519 2744; x_wconf 74' lang='grc' dir='ltr'><strong>εἴπερ</strong></span> <span class='ocrx_word' id='word_1_206' title='bbox 544 2673 648 2727; x_wconf 84' lang='grc' dir='ltr'><strong>κάν</strong></span> <span class='ocrx_word' id='word_1_207' title='bbox 677 2677 788 2736; x_wconf 84' lang='grc' dir='ltr'><strong>τοῖς</strong></span> <span class='ocrx_word' id='word_1_208' title='bbox 816 2671 994 2737; x_wconf 84' lang='grc' dir='ltr'><strong>ζώοις,</strong></span> <span class='ocrx_word' id='word_1_209' title='bbox 1025 2672 1154 2724; x_wconf 83' lang='grc' dir='ltr'><strong>ὅταν</strong></span> <span class='ocrx_word' id='word_1_210' title='bbox 1189 2674 1308 2733; x_wconf 86' lang='grc' dir='ltr'><strong>ταῖς</strong></span> <span class='ocrx_word' id='word_1_211' title='bbox 1341 2670 1484 2724; x_wconf 81' lang='grc' dir='ltr'><strong>κατὰ</strong></span> <span class='ocrx_word' id='word_1_212' title='bbox 1533 2671 1690 2740; x_wconf 90' lang='grc' dir='ltr'><strong>λόγον</strong></span> <span class='ocrx_word' id='word_1_213' title='bbox 1721 2673 1932 2742; x_wconf 78' lang='grc' dir='ltr'><strong>ἐφόδοις</strong></span> 
     </span>
    </p>
   </div>
   <div class='ocr_carea' id='block_1_31' title="bbox 360 2761 1954 2835">
    <p class='ocr_par' dir='ltr' id='par_1_31' title="bbox 360 2761 1954 2835">
     <span class='ocr_line' id='line_1_31' title="bbox 360 2761 1954 2835; baseline 0.001 -17"><span class='ocrx_word' id='word_1_214' title='bbox 360 2769 476 2830; x_wconf 83' lang='grc' dir='ltr'><strong>τοῖς</strong></span> <span class='ocrx_word' id='word_1_215' title='bbox 502 2763 654 2819; x_wconf 84' lang='grc' dir='ltr'><strong>οὖσιν</strong></span> <span class='ocrx_word' id='word_1_216' title='bbox 700 2763 1031 2834; x_wconf 76' lang='grc' dir='ltr'><strong>ἐμϐαλόντες</strong></span> <span class='ocrx_word' id='word_1_217' title='bbox 1075 2761 1233 2832; x_wconf 79' lang='grc' dir='ltr'><strong>ἡμῶν</strong></span> <span class='ocrx_word' id='word_1_218' title='bbox 1283 2762 1344 2814; x_wconf 86' lang='grc' dir='ltr'><strong>τὸ</strong></span> <span class='ocrx_word' id='word_1_219' title='bbox 1381 2761 1569 2831; x_wconf 80' lang='grc' dir='ltr'><strong>νοερὸν</strong></span> <span class='ocrx_word' id='word_1_220' title='bbox 1604 2763 1954 2835; x_wconf 84' lang='grc' dir='ltr'><strong>εὑρίσκωμεν</strong></span> 
     </span>
    </p>
   </div>
   <div class='ocr_carea' id='block_1_32' title="bbox 361 2852 1931 2928">
    <p class='ocr_par' dir='ltr' id='par_1_32' title="bbox 361 2852 1931 2928">
     <span class='ocr_line' id='line_1_32' title="bbox 361 2852 1931 2928; baseline -0.004 -15"><span class='ocrx_word' id='word_1_221' title='bbox 361 2858 619 2928; x_wconf 65' lang='grc' dir='ltr'><strong>ἔμφασιν,</strong></span> <span class='ocrx_word' id='word_1_222' title='bbox 676 2857 776 2909; x_wconf 86' lang='grc' dir='ltr'><strong>οὑκ</strong></span> <span class='ocrx_word' id='word_1_223' title='bbox 814 2855 1026 2923; x_wconf 85' lang='grc' dir='ltr'><strong>άγενῶς</strong></span> <span class='ocrx_word' id='word_1_224' title='bbox 1076 2852 1148 2905; x_wconf 88' lang='grc' dir='ltr'><strong>τὰ</strong></span> <span class='ocrx_word' id='word_1_225' title='bbox 1199 2854 1338 2923; x_wconf 88' lang='grc' dir='ltr'><strong>ὑπὲρ</strong></span> <span class='ocrx_word' id='word_1_226' title='bbox 1391 2852 1549 2921; x_wconf 85' lang='grc' dir='ltr'><strong>λόγον</strong></span> <span class='ocrx_word' id='word_1_227' title='bbox 1587 2855 1931 2918; x_wconf 78' lang='grc' dir='ltr'><strong>είκάζουσαν.</strong></span> 
     </span>
    </p>
   </div>
   <div class='ocr_carea' id='block_1_33' title="bbox 375 2942 1932 3014">
    <p class='ocr_par' dir='ltr' id='par_1_33' title="bbox 375 2942 1932 3014">
     <span class='ocr_line' id='line_1_33' title="bbox 375 2942 1932 3014; baseline -0.003 -14"><span class='ocrx_word' id='word_1_228' title='bbox 375 2947 588 3000; x_wconf 84' lang='grc' dir='ltr'><strong>Ἐκεῖνά</strong></span> <span class='ocrx_word' id='word_1_229' title='bbox 609 2962 668 2998; x_wconf 86' lang='grc' dir='ltr'><strong>τε</strong></span> <span class='ocrx_word' id='word_1_230' title='bbox 701 2944 810 3014; x_wconf 85' lang='grc' dir='ltr'><strong>γὰρ</strong></span> <span class='ocrx_word' id='word_1_231' title='bbox 844 2943 1079 3014; x_wconf 87' lang='grc' dir='ltr'><strong>ὁρῶντες</strong></span> <span class='ocrx_word' id='word_1_232' title='bbox 1107 2942 1253 2995; x_wconf 71' lang='grc' dir='ltr'><strong>κατὰ</strong></span> <span class='ocrx_word' id='word_1_233' title='bbox 1285 2942 1443 3011; x_wconf 87' lang='grc' dir='ltr'><strong>γένος</strong></span> <span class='ocrx_word' id='word_1_234' title='bbox 1483 2942 1591 2995; x_wconf 87' lang='grc' dir='ltr'><strong>τῶν</strong></span> <span class='ocrx_word' id='word_1_235' title='bbox 1648 2942 1708 3006; x_wconf 80' lang='grc' dir='ltr'><strong>ἐξ</strong></span> <span class='ocrx_word' id='word_1_236' title='bbox 1753 2942 1932 2996; x_wconf 85' lang='grc' dir='ltr'><strong>αὑτῶν</strong></span> 
     </span>
    </p>
   </div>
   <div class='ocr_carea' id='block_1_34' title="bbox 363 3030 1932 3104">
    <p class='ocr_par' dir='ltr' id='par_1_34' title="bbox 363 3030 1932 3104">
     <span class='ocr_line' id='line_1_34' title="bbox 363 3030 1932 3104; baseline -0.001 -16"><span class='ocrx_word' id='word_1_237' title='bbox 363 3035 608 3103; x_wconf 79' lang='grc' dir='ltr'><strong>φυσικῶς</strong></span> <span class='ocrx_word' id='word_1_238' title='bbox 659 3031 1090 3104; x_wconf 82' lang='grc' dir='ltr'><strong>ὲπιμελοὺμενα,</strong></span> <span class='ocrx_word' id='word_1_239' title='bbox 1153 3030 1482 3103; x_wconf 73' lang='grc' dir='ltr'><strong>θαρροῦντες</strong></span> <span class='ocrx_word' id='word_1_240' title='bbox 1526 3033 1622 3085; x_wconf 81' lang='grc' dir='ltr'><strong>καὶ</strong></span> <span class='ocrx_word' id='word_1_241' title='bbox 1655 3034 1817 3103; x_wconf 84' lang='grc' dir='ltr'><strong>ἡμεῖς</strong></span> <span class='ocrx_word' id='word_1_242' title='bbox 1841 3033 1932 3087; x_wconf 79' lang='grc' dir='ltr'><strong>τὸν</strong></span> 
     </span>
    </p>
   </div>
   <div class='ocr_carea' id='block_1_35' title="bbox 364 3120 1936 3199">
    <p class='ocr_par' dir='ltr' id='par_1_35' title="bbox 364 3120 1936 3199">
     <span class='ocr_line' id='line_1_35' title="bbox 364 3120 1936 3199; baseline 0 -19"><span class='ocrx_word' id='word_1_243' title='bbox 364 3129 494 3199; x_wconf 71' lang='grc' dir='ltr'><strong>περὶ</strong></span> <span class='ocrx_word' id='word_1_244' title='bbox 522 3125 616 3180; x_wconf 82' lang='grc' dir='ltr'><strong>τοῦ</strong></span> <span class='ocrx_word' id='word_1_245' title='bbox 662 3124 971 3196; x_wconf 85' lang='grc' dir='ltr'><strong>προνοητὴν</strong></span> <span class='ocrx_word' id='word_1_246' title='bbox 1003 3122 1316 3193; x_wconf 83' lang='grc' dir='ltr'><strong>μονώτατον</strong></span> <span class='ocrx_word' id='word_1_247' title='bbox 1349 3120 1487 3176; x_wconf 80' lang='grc' dir='ltr'><strong>εἶναι</strong></span> <span class='ocrx_word' id='word_1_248' title='bbox 1513 3124 1604 3177; x_wconf 85' lang='grc' dir='ltr'><strong>τὸν</strong></span> <span class='ocrx_word' id='word_1_249' title='bbox 1633 3124 1768 3177; x_wconf 86' lang='grc' dir='ltr'><strong>Θεὸν</strong></span> <span class='ocrx_word' id='word_1_250' title='bbox 1799 3127 1936 3180; x_wconf 86' lang='grc' dir='ltr'><strong>πάν-</strong></span> 
     </span>
    </p>
   </div>
   <div class='ocr_carea' id='block_1_36' title="bbox 365 3214 1938 3288">
    <p class='ocr_par' dir='ltr' id='par_1_36' title="bbox 365 3214 1938 3288">
     <span class='ocr_line' id='line_1_36' title="bbox 365 3214 1938 3288; baseline -0.001 -15"><span class='ocrx_word' id='word_1_251' title='bbox 365 3237 474 3273; x_wconf 87' lang='grc' dir='ltr'><strong>των</strong></span> <span class='ocrx_word' id='word_1_252' title='bbox 527 3219 635 3273; x_wconf 86' lang='grc' dir='ltr'><strong>τῶν</strong></span> <span class='ocrx_word' id='word_1_253' title='bbox 676 3218 844 3271; x_wconf 74' lang='grc' dir='ltr'><strong>ὀντων</strong></span> <span class='ocrx_word' id='word_1_254' title='bbox 900 3215 1018 3285; x_wconf 82' lang='grc' dir='ltr'><strong>μετ’</strong></span> <span class='ocrx_word' id='word_1_255' title='bbox 1057 3214 1318 3278; x_wconf 80' lang='grc' dir='ltr'><strong>εὐσεϐοῦς</strong></span> <span class='ocrx_word' id='word_1_256' title='bbox 1351 3217 1666 3288; x_wconf 75' lang='grc' dir='ltr'><strong>παρρησίας</strong></span> <span class='ocrx_word' id='word_1_257' title='bbox 1699 3217 1938 3282; x_wconf 83' lang='grc' dir='ltr'><strong>εὐσεϐῶς</strong></span> 
     </span>
    </p>
   </div>
   <div class='ocr_carea' id='block_1_37' title="bbox 369 3307 1938 3380">
    <p class='ocr_par' dir='ltr' id='par_1_37' title="bbox 369 3307 1938 3380">
     <span class='ocr_line' id='line_1_37' title="bbox 369 3307 1938 3380; baseline -0.001 -16"><span class='ocrx_word' id='word_1_258' title='bbox 369 3312 580 3374; x_wconf 84' lang='grc' dir='ltr'><strong>ἑαυτοῖς</strong></span> <span class='ocrx_word' id='word_1_259' title='bbox 611 3310 768 3378; x_wconf 85' lang='grc' dir='ltr'><strong>λόγον</strong></span> <span class='ocrx_word' id='word_1_260' title='bbox 796 3307 1167 3380; x_wconf 80' lang='grc' dir='ltr'><strong>διοριζόμεθα,</strong></span> <span class='ocrx_word' id='word_1_261' title='bbox 1199 3309 1296 3360; x_wconf 76' lang='grc' dir='ltr'><strong>καὶ</strong></span> <span class='ocrx_word' id='word_1_262' title='bbox 1325 3307 1387 3360; x_wconf 89' lang='grc' dir='ltr'><strong>οὑ</strong></span> <span class='ocrx_word' id='word_1_263' title='bbox 1420 3307 1529 3360; x_wconf 82' lang='grc' dir='ltr'><strong>τῶν</strong></span> <span class='ocrx_word' id='word_1_264' title='bbox 1562 3309 1683 3376; x_wconf 84' lang='grc' dir='ltr'><strong>μὲν,</strong></span> <span class='ocrx_word' id='word_1_265' title='bbox 1729 3309 1836 3362; x_wconf 86' lang='grc' dir='ltr'><strong>τῶν</strong></span> <span class='ocrx_word' id='word_1_266' title='bbox 1881 3310 1938 3362; x_wconf 84' lang='grc' dir='ltr'><strong>δὲ</strong></span> 
     </span>
    </p>
   </div>
   <div class='ocr_carea' id='block_1_38' title="bbox 365 3400 1938 3473">
    <p class='ocr_par' dir='ltr' id='par_1_38' title="bbox 365 3400 1938 3473">
     <span class='ocr_line' id='line_1_38' title="bbox 365 3400 1938 3473; baseline -0.003 -13"><span class='ocrx_word' id='word_1_267' title='bbox 365 3403 450 3469; x_wconf 83' lang='grc' dir='ltr'><strong>οὓ,</strong></span> <span class='ocrx_word' id='word_1_268' title='bbox 467 3409 484 3426; x_wconf 82' lang='lat'><strong><em>&quot;</em></strong></span> <span class='ocrx_word' id='word_1_269' title='bbox 505 3404 758 3473; x_wconf 86' lang='grc' dir='ltr'><strong>καθάπερ</strong></span> <span class='ocrx_word' id='word_1_270' title='bbox 811 3402 952 3465; x_wconf 83' lang='grc' dir='ltr'><strong>τινὲς</strong></span> <span class='ocrx_word' id='word_1_271' title='bbox 1006 3400 1115 3454; x_wconf 86' lang='grc' dir='ltr'><strong>τῶν</strong></span> <span class='ocrx_word' id='word_1_272' title='bbox 1159 3401 1228 3454; x_wconf 81' lang='grc' dir='ltr'><strong>τὰ</strong></span> <span class='ocrx_word' id='word_1_273' title='bbox 1284 3401 1390 3467; x_wconf 76' lang='grc' dir='ltr'><strong>ἔξω</strong></span> <span class='ocrx_word' id='word_1_274' title='bbox 1437 3401 1938 3472; x_wconf 83' lang='grc' dir='ltr'><strong>φιλοσοφησάντων,</strong></span> 
     </span>
    </p>
   </div>
   <div class='ocr_carea' id='block_1_39' title="bbox 367 3491 1941 3564">
    <p class='ocr_par' dir='ltr' id='par_1_39' title="bbox 367 3491 1941 3564">
     <span class='ocr_line' id='line_1_39' title="bbox 367 3491 1941 3564; baseline -0.003 -14"><span class='ocrx_word' id='word_1_275' title='bbox 367 3496 504 3550; x_wconf 76' lang='grc' dir='ltr'><strong>ἀλλὰ</strong></span> <span class='ocrx_word' id='word_1_276' title='bbox 535 3497 754 3549; x_wconf 88' lang='grc' dir='ltr'><strong>πάντων</strong></span> <span class='ocrx_word' id='word_1_277' title='bbox 775 3493 934 3564; x_wconf 82' lang='grc' dir='ltr'><strong>ὁμοῦ,</strong></span> <span class='ocrx_word' id='word_1_278' title='bbox 965 3493 1110 3546; x_wconf 82' lang='grc' dir='ltr'><strong>κατὰ</strong></span> <span class='ocrx_word' id='word_1_279' title='bbox 1135 3492 1265 3562; x_wconf 87' lang='grc' dir='ltr'><strong>μίαν</strong></span> <span class='ocrx_word' id='word_1_280' title='bbox 1315 3493 1414 3560; x_wconf 78' lang='grc' dir='ltr'><strong>τῆς</strong></span> <span class='ocrx_word' id='word_1_281' title='bbox 1465 3491 1800 3564; x_wconf 79' lang='grc' dir='ltr'><strong>ἁγαθότητος</strong></span> <span class='ocrx_word' id='word_1_282' title='bbox 1846 3495 1941 3548; x_wconf 74' lang='grc' dir='ltr'><strong>καὶ</strong></span> 
     </span>
    </p>
   </div>
   <div class='ocr_carea' id='block_1_40' title="bbox 367 3583 1942 3658">
    <p class='ocr_par' dir='ltr' id='par_1_40' title="bbox 367 3583 1942 3658">
     <span class='ocr_line' id='line_1_40' title="bbox 367 3583 1942 3658; baseline -0.003 -15"><span class='ocrx_word' id='word_1_283' title='bbox 367 3587 793 3658; x_wconf 83' lang='grc' dir='ltr'><strong>ἀπαράλλακτον</strong></span> <span class='ocrx_word' id='word_1_284' title='bbox 826 3585 1112 3656; x_wconf 83' lang='grc' dir='ltr'><strong>βούλησιν,</strong></span> <span class='ocrx_word' id='word_1_285' title='bbox 1143 3583 1250 3637; x_wconf 88' lang='grc' dir='ltr'><strong>τῶν</strong></span> <span class='ocrx_word' id='word_1_286' title='bbox 1281 3601 1342 3636; x_wconf 86' lang='grc' dir='ltr'><strong>τε</strong></span> <span class='ocrx_word' id='word_1_287' title='bbox 1392 3584 1624 3638; x_wconf 90' lang='grc' dir='ltr'><strong>καθόλου</strong></span> <span class='ocrx_word' id='word_1_288' title='bbox 1681 3585 1778 3639; x_wconf 80' lang='grc' dir='ltr'><strong>καὶ</strong></span> <span class='ocrx_word' id='word_1_289' title='bbox 1833 3585 1942 3639; x_wconf 85' lang='grc' dir='ltr'><strong>τῶν</strong></span> 
     </span>
    </p>
   </div>
   <div class='ocr_carea' id='block_1_41' title="bbox 369 3675 1943 3748">
    <p class='ocr_par' dir='ltr' id='par_1_41' title="bbox 369 3675 1943 3748">
     <span class='ocr_line' id='line_1_41' title="bbox 369 3675 1943 3748; baseline -0.003 -13"><span class='ocrx_word' id='word_1_290' title='bbox 369 3681 493 3735; x_wconf 77' lang='grc' dir='ltr'><strong>καθ’</strong></span> <span class='ocrx_word' id='word_1_291' title='bbox 522 3679 773 3744; x_wconf 68' lang='grc' dir='ltr'><strong>ἕκαστον,</strong></span> <span class='ocrx_word' id='word_1_292' title='bbox 815 3676 1017 3740; x_wconf 79' lang='grc' dir='ltr'><strong>εἰδότες</strong></span> <span class='ocrx_word' id='word_1_293' title='bbox 1052 3677 1129 3740; x_wconf 83' lang='grc' dir='ltr'><strong>ὡς</strong></span> <span class='ocrx_word' id='word_1_294' title='bbox 1163 3675 1271 3730; x_wconf 84' lang='grc' dir='ltr'><strong>τῶν</strong></span> <span class='ocrx_word' id='word_1_295' title='bbox 1316 3676 1461 3730; x_wconf 80' lang='grc' dir='ltr'><strong>κατὰ</strong></span> <span class='ocrx_word' id='word_1_296' title='bbox 1509 3676 1673 3748; x_wconf 83' lang='grc' dir='ltr'><strong>μέρος</strong></span> <span class='ocrx_word' id='word_1_297' title='bbox 1726 3677 1943 3731; x_wconf 88' lang='grc' dir='ltr'><strong>πάντων</strong></span> 
     </span>
    </p>
   </div>
   <div class='ocr_carea' id='block_1_42' title="bbox 369 3765 1944 3842">
    <p class='ocr_par' dir='ltr' id='par_1_42' title="bbox 369 3765 1944 3842">
     <span class='ocr_line' id='line_1_42' title="bbox 369 3765 1944 3842; baseline -0.011 -17"><span class='ocrx_word' id='word_1_298' title='bbox 369 3770 450 3842; x_wconf 83' lang='grc' dir='ltr'><strong>τῷ</strong></span> <span class='ocrx_word' id='word_1_299' title='bbox 478 3770 551 3841; x_wconf 84' lang='grc' dir='ltr'><strong>μὴ</strong></span> <span class='ocrx_word' id='word_1_300' title='bbox 579 3769 835 3839; x_wconf 85' lang='grc' dir='ltr'><strong>προνοίας</strong></span> <span class='ocrx_word' id='word_1_301' title='bbox 858 3765 1154 3837; x_wconf 84' lang='grc' dir='ltr'><strong>τυγχάνειν</strong></span> <span class='ocrx_word' id='word_1_302' title='bbox 1182 3766 1277 3820; x_wconf 72' lang='grc' dir='ltr'><strong>καὶ</strong></span> <span class='ocrx_word' id='word_1_303' title='bbox 1303 3766 1552 3837; x_wconf 83' lang='grc' dir='ltr'><strong>φυλακῆς</strong></span> <span class='ocrx_word' id='word_1_304' title='bbox 1574 3767 1672 3836; x_wconf 83' lang='grc' dir='ltr'><strong>τῆς</strong></span> <span class='ocrx_word' id='word_1_305' title='bbox 1703 3767 1944 3838; x_wconf 76' lang='grc' dir='ltr'><strong>πρεπού-</strong></span> 
     </span>
    </p>
   </div>
   <div class='ocr_carea' id='block_1_43' title="bbox 371 3855 1944 3933">
    <p class='ocr_par' dir='ltr' id='par_1_43' title="bbox 371 3855 1944 3933">
     <span class='ocr_line' id='line_1_43' title="bbox 371 3855 1944 3933; baseline -0.004 -17"><span class='ocrx_word' id='word_1_306' title='bbox 371 3878 474 3933; x_wconf 86' lang='grc' dir='ltr'><strong>σης</strong></span> <span class='ocrx_word' id='word_1_307' title='bbox 513 3859 977 3932; x_wconf 85' lang='grc' dir='ltr'><strong>διαφθειρομένων</strong></span> <span class='ocrx_word' id='word_1_308' title='bbox 1021 3857 1115 3911; x_wconf 78' lang='grc' dir='ltr'><strong>καὶ</strong></span> <span class='ocrx_word' id='word_1_309' title='bbox 1160 3857 1227 3910; x_wconf 83' lang='grc' dir='ltr'><strong>τὰ</strong></span> <span class='ocrx_word' id='word_1_310' title='bbox 1263 3855 1493 3909; x_wconf 88' lang='grc' dir='ltr'><strong>καθόλου</strong></span> <span class='ocrx_word' id='word_1_311' title='bbox 1539 3855 1944 3928; x_wconf 83' lang='grc' dir='ltr'><strong>συνδιαφθαρή-</strong></span> 
     </span>
    </p>
   </div>
   <div class='ocr_carea' id='block_1_44' title="bbox 375 3947 1946 4024">
    <p class='ocr_par' dir='ltr' id='par_1_44' title="bbox 375 3947 1946 4024">
     <span class='ocr_line' id='line_1_44' title="bbox 375 3947 1946 4024; baseline -0.003 -18"><span class='ocrx_word' id='word_1_312' title='bbox 375 3970 526 4007; x_wconf 83' lang='grc' dir='ltr'><strong>σεται</strong></span> <span class='ocrx_word' id='word_1_313' title='bbox 547 3953 634 4024; x_wconf 80' lang='grc' dir='ltr'><strong>(ὲκ</strong></span> <span class='ocrx_word' id='word_1_314' title='bbox 655 3952 763 4022; x_wconf 83' lang='grc' dir='ltr'><strong>γὰρ</strong></span> <span class='ocrx_word' id='word_1_315' title='bbox 791 3950 901 4004; x_wconf 83' lang='grc' dir='ltr'><strong>τῶν</strong></span> <span class='ocrx_word' id='word_1_316' title='bbox 932 3948 1074 4004; x_wconf 85' lang='grc' dir='ltr'><strong>κατὰ</strong></span> <span class='ocrx_word' id='word_1_317' title='bbox 1110 3948 1280 4020; x_wconf 83' lang='grc' dir='ltr'><strong>μέρος</strong></span> <span class='ocrx_word' id='word_1_318' title='bbox 1319 3947 1387 4001; x_wconf 81' lang='grc' dir='ltr'><strong>τὰ</strong></span> <span class='ocrx_word' id='word_1_319' title='bbox 1425 3948 1654 4002; x_wconf 88' lang='grc' dir='ltr'><strong>καθόλου</strong></span> <span class='ocrx_word' id='word_1_320' title='bbox 1697 3950 1946 4003; x_wconf 79' lang='grc' dir='ltr'><strong>συνίστα-</strong></span> 
     </span>
    </p>
   </div>
   <div class='ocr_carea' id='block_1_45' title="bbox 374 4038 1942 4114">
    <p class='ocr_par' dir='ltr' id='par_1_45' title="bbox 374 4038 1942 4114">
     <span class='ocr_line' id='line_1_45' title="bbox 374 4038 1942 4114; baseline -0.004 -16"><span class='ocrx_word' id='word_1_321' title='bbox 374 4045 498 4098; x_wconf 88' lang='grc' dir='ltr'><strong>σθαι</strong></span> <span class='ocrx_word' id='word_1_322' title='bbox 538 4044 789 4113; x_wconf 81' lang='grc' dir='ltr'><strong>πέφυκε),</strong></span> <span class='ocrx_word' id='word_1_323' title='bbox 821 4045 921 4114; x_wconf 79' lang='grc' dir='ltr'><strong>τὴν</strong></span> <span class='ocrx_word' id='word_1_324' title='bbox 973 4041 1102 4112; x_wconf 77' lang='grc' dir='ltr'><strong>περὶ</strong></span> <span class='ocrx_word' id='word_1_325' title='bbox 1144 4041 1335 4094; x_wconf 85' lang='grc' dir='ltr'><strong>τούτου</strong></span> <span class='ocrx_word' id='word_1_326' title='bbox 1382 4038 1604 4109; x_wconf 78' lang='grc' dir='ltr'><strong>λογικὴν</strong></span> <span class='ocrx_word' id='word_1_327' title='bbox 1650 4039 1942 4104; x_wconf 80' lang='grc' dir='ltr'><strong>ἀπόδειξιν,</strong></span> 
     </span>
    </p>
   </div>
   <div class='ocr_carea' id='block_1_46' title="bbox 370 4129 1946 4207">
    <p class='ocr_par' dir='ltr' id='par_1_46' title="bbox 370 4129 1946 4207">
     <span class='ocr_line' id='line_1_46' title="bbox 370 4129 1946 4207; baseline -0.006 -16"><span class='ocrx_word' id='word_1_328' title='bbox 370 4137 462 4191; x_wconf 85' lang='grc' dir='ltr'><strong>διὰ</strong></span> <span class='ocrx_word' id='word_1_329' title='bbox 485 4136 583 4207; x_wconf 84' lang='grc' dir='ltr'><strong>τῆς</strong></span> <span class='ocrx_word' id='word_1_330' title='bbox 604 4136 827 4203; x_wconf 85' lang='grc' dir='ltr'><strong>εὐλόγου</strong></span> <span class='ocrx_word' id='word_1_331' title='bbox 854 4134 1216 4204; x_wconf 82' lang='grc' dir='ltr'><strong>ἁντιστροφῆς</strong></span> <span class='ocrx_word' id='word_1_332' title='bbox 1263 4131 1400 4201; x_wconf 76' lang='grc' dir='ltr'><strong>πρδς</strong></span> <span class='ocrx_word' id='word_1_333' title='bbox 1433 4129 1531 4202; x_wconf 83' lang='grc' dir='ltr'><strong>τὴν</strong></span> <span class='ocrx_word' id='word_1_334' title='bbox 1560 4130 1814 4202; x_wconf 84' lang='grc' dir='ltr'><strong>ἀλήθειαν</strong></span> <span class='ocrx_word' id='word_1_335' title='bbox 1849 4131 1946 4202; x_wconf 77' lang='lat' dir='ltr'><strong>6p-</strong></span> 
     </span>
    </p>
   </div>
   <div class='ocr_carea' id='block_1_47' title="bbox 375 4221 1946 4297">
    <p class='ocr_par' dir='ltr' id='par_1_47' title="bbox 375 4221 1946 4297">
     <span class='ocr_line' id='line_1_47' title="bbox 375 4221 1946 4297; baseline -0.003 -17"><span class='ocrx_word' id='word_1_336' title='bbox 375 4228 484 4291; x_wconf 85' lang='grc' dir='ltr'><strong>θῶς</strong></span> <span class='ocrx_word' id='word_1_337' title='bbox 510 4226 872 4297; x_wconf 83' lang='grc' dir='ltr'><strong>ποδηγοῠσαν,</strong></span> <span class='ocrx_word' id='word_1_338' title='bbox 904 4225 1116 4287; x_wconf 78' lang='grc' dir='ltr'><strong>ἑαυτοῖς</strong></span> <span class='ocrx_word' id='word_1_339' title='bbox 1143 4221 1595 4293; x_wconf 80' lang='grc' dir='ltr'><strong>προϐαλλόμενοι.</strong></span> <span class='ocrx_word' id='word_1_340' title='bbox 1633 4222 1695 4274; x_wconf 83' lang='lat' dir='ltr'><strong>El</strong></span> <span class='ocrx_word' id='word_1_341' title='bbox 1728 4221 1835 4292; x_wconf 81' lang='grc' dir='ltr'><strong>γὰρ</strong></span> <span class='ocrx_word' id='word_1_342' title='bbox 1877 4221 1946 4276; x_wconf 83' lang='grc' dir='ltr'><strong>τὰ</strong></span> 
     </span>
    </p>
   </div>
   <div class='ocr_carea' id='block_1_48' title="bbox 375 4313 1946 4387">
    <p class='ocr_par' dir='ltr' id='par_1_48' title="bbox 375 4313 1946 4387">
     <span class='ocr_line' id='line_1_48' title="bbox 375 4313 1946 4387; baseline -0.006 -12"><span class='ocrx_word' id='word_1_343' title='bbox 375 4320 605 4375; x_wconf 84' lang='grc' dir='ltr'><strong>καθόλου</strong></span> <span class='ocrx_word' id='word_1_344' title='bbox 640 4320 698 4372; x_wconf 83' lang='grc' dir='ltr'><strong>ὲν</strong></span> <span class='ocrx_word' id='word_1_345' title='bbox 721 4320 836 4381; x_wconf 88' lang='grc' dir='ltr'><strong>τοῖς</strong></span> <span class='ocrx_word' id='word_1_346' title='bbox 861 4317 1006 4371; x_wconf 80' lang='grc' dir='ltr'><strong>κατὰ</strong></span> <span class='ocrx_word' id='word_1_347' title='bbox 1038 4315 1201 4387; x_wconf 89' lang='grc' dir='ltr'><strong>μέρος</strong></span> <span class='ocrx_word' id='word_1_348' title='bbox 1229 4316 1556 4385; x_wconf 76' lang='grc' dir='ltr'><strong>ὑφέστηκεν,</strong></span> <span class='ocrx_word' id='word_1_349' title='bbox 1594 4313 1844 4383; x_wconf 79' lang='grc' dir='ltr'><strong>οὐδαμῶς</strong></span> <span class='ocrx_word' id='word_1_350' title='bbox 1885 4313 1946 4367; x_wconf 80' lang='grc' dir='ltr'><strong>τὸ</strong></span> 
     </span>
    </p>
   </div>
   <div class='ocr_carea' id='block_1_49' title="bbox 2026 483 3602 554">
    <p class='ocr_par' dir='ltr' id='par_1_49' title="bbox 2026 483 3602 554">
     <span class='ocr_line' id='line_1_49' title="bbox 2026 483 3602 554; baseline 0.003 -18"><span class='ocrx_word' id='word_1_351' title='bbox 2026 493 2083 537; x_wconf 82' lang='grc' dir='ltr'><strong>ει</strong></span> <span class='ocrx_word' id='word_1_352' title='bbox 2117 483 2377 539; x_wconf 86' lang='lat' dir='ltr'><strong>mistione</strong></span> <span class='ocrx_word' id='word_1_353' title='bbox 2409 500 2609 554; x_wconf 83' lang='lat' dir='ltr'><strong>expers</strong></span> <span class='ocrx_word' id='word_1_354' title='bbox 2635 485 2970 540; x_wconf 90' lang='lat' dir='ltr'><strong>coadunatio</strong></span> <span class='ocrx_word' id='word_1_355' title='bbox 2995 526 3010 550; x_wconf 91' lang='lat'><strong>,</strong></span> <span class='ocrx_word' id='word_1_356' title='bbox 3047 487 3352 542; x_wconf 89' lang='lat' dir='ltr'><strong>secundum</strong></span> <span class='ocrx_word' id='word_1_357' title='bbox 3406 489 3602 541; x_wconf 80' lang='lat' dir='ltr'><strong>immu-</strong></span> 
     </span>
    </p>
   </div>
   <div class='ocr_carea' id='block_1_50' title="bbox 2029 560 3602 653">
    <p class='ocr_par' dir='ltr' id='par_1_50' title="bbox 2029 560 3602 653">
     <span class='ocr_line' id='line_1_50' title="bbox 2029 560 3602 653; baseline 0.003 -25"><span class='ocrx_word' id='word_1_358' title='bbox 2029 583 2194 629; x_wconf 92' lang='lat' dir='ltr'><strong>tatam</strong></span> <span class='ocrx_word' id='word_1_359' title='bbox 2247 577 2304 630; x_wconf 90' lang='lat' dir='ltr'><strong>in</strong></span> <span class='ocrx_word' id='word_1_360' title='bbox 2357 577 2490 653; x_wconf 82' lang='lat' dir='ltr'><strong>totis</strong></span> <span class='ocrx_word' id='word_1_361' title='bbox 2536 577 2920 642; x_wconf 88' lang='lat' dir='ltr'><strong>identitatem,</strong></span> <span class='ocrx_word' id='word_1_362' title='bbox 2977 586 3036 632; x_wconf 88' lang='lat' dir='ltr'><strong>et</strong></span> <span class='ocrx_word' id='word_1_363' title='bbox 3099 560 3484 634; x_wconf 82' lang='lat' dir='ltr'><strong>universoer</strong></span> <span class='ocrx_word' id='word_1_364' title='bbox 3534 580 3602 634; x_wconf 91' lang='lat' dir='ltr'><strong>ad</strong></span> 
     </span>
    </p>
   </div>
   <div class='ocr_carea' id='block_1_51' title="bbox 2028 666 3605 741">
    <p class='ocr_par' dir='ltr' id='par_1_51' title="bbox 2028 666 3605 741">
     <span class='ocr_line' id='line_1_51' title="bbox 2028 666 3605 741; baseline 0.004 -20"><span class='ocrx_word' id='word_1_365' title='bbox 2028 666 2306 731; x_wconf 86' lang='lat' dir='ltr'><strong>universa,</strong></span> <span class='ocrx_word' id='word_1_366' title='bbox 2350 682 2420 722; x_wconf 89' lang='lat' dir='ltr'><strong>ne</strong></span> <span class='ocrx_word' id='word_1_367' title='bbox 2466 668 2679 738; x_wconf 87' lang='lat' dir='ltr'><strong>singula</strong></span> <span class='ocrx_word' id='word_1_368' title='bbox 2724 684 3063 733; x_wconf 80' lang='lat' dir='ltr'><strong>recenseam,</strong></span> <span class='ocrx_word' id='word_1_369' title='bbox 3111 671 3394 726; x_wconf 78' lang='lat' dir='ltr'><strong>concretio</strong></span> <span class='ocrx_word' id='word_1_370' title='bbox 3440 682 3605 741; x_wconf 88' lang='lat' dir='ltr'><strong>atque</strong></span> 
     </span>
    </p>
   </div>
   <div class='ocr_carea' id='block_1_52' title="bbox 2028 761 3601 835">
    <p class='ocr_par' dir='ltr' id='par_1_52' title="bbox 2028 761 3601 835">
     <span class='ocr_line' id='line_1_52' title="bbox 2028 761 3601 835; baseline 0.001 -19"><span class='ocrx_word' id='word_1_371' title='bbox 2028 761 2309 826; x_wconf 87' lang='lat' dir='ltr'><strong>discretio,</strong></span> <span class='ocrx_word' id='word_1_372' title='bbox 2335 762 2832 833; x_wconf 90' lang='lat' dir='ltr'><strong>universorumque</strong></span> <span class='ocrx_word' id='word_1_373' title='bbox 2863 770 2919 817; x_wconf 90' lang='lat' dir='ltr'><strong>et</strong></span> <span class='ocrx_word' id='word_1_374' title='bbox 2962 762 3163 833; x_wconf 82' lang='lat' dir='ltr'><strong>singuli</strong></span> <span class='ocrx_word' id='word_1_375' title='bbox 3209 764 3476 835; x_wconf 88' lang='lat' dir='ltr'><strong>cujusque</strong></span> <span class='ocrx_word' id='word_1_376' title='bbox 3513 778 3601 818; x_wconf 90' lang='lat' dir='ltr'><strong>se-</strong></span> 
     </span>
    </p>
   </div>
   <div class='ocr_carea' id='block_1_53' title="bbox 2028 855 3604 924">
    <p class='ocr_par' dir='ltr' id='par_1_53' title="bbox 2028 855 3604 924">
     <span class='ocr_line' id='line_1_53' title="bbox 2028 855 3604 924; baseline 0.001 -15"><span class='ocrx_word' id='word_1_377' title='bbox 2028 855 2268 910; x_wconf 90' lang='lat' dir='ltr'><strong>cundum</strong></span> <span class='ocrx_word' id='word_1_378' title='bbox 2293 855 2534 924; x_wconf 86' lang='lat' dir='ltr'><strong>speciem</strong></span> <span class='ocrx_word' id='word_1_379' title='bbox 2565 855 2824 910; x_wconf 89' lang='lat' dir='ltr'><strong>inviolata</strong></span> <span class='ocrx_word' id='word_1_380' title='bbox 2857 855 3153 921; x_wconf 80' lang='lat' dir='ltr'><strong>successio,</strong></span> <span class='ocrx_word' id='word_1_381' title='bbox 3185 871 3292 924; x_wconf 90' lang='lat' dir='ltr'><strong>qua</strong></span> <span class='ocrx_word' id='word_1_382' title='bbox 3325 855 3462 910; x_wconf 85' lang='lat' dir='ltr'><strong>nihil</strong></span> <span class='ocrx_word' id='word_1_383' title='bbox 3486 872 3604 910; x_wconf 89' lang='lat' dir='ltr'><strong>om-</strong></span> 
     </span>
    </p>
   </div>
   <div class='ocr_carea' id='block_1_54' title="bbox 2029 945 3602 1016">
    <p class='ocr_par' dir='ltr' id='par_1_54' title="bbox 2029 945 3602 1016">
     <span class='ocr_line' id='line_1_54' title="bbox 2029 945 3602 1016; baseline -0.001 -16"><span class='ocrx_word' id='word_1_384' title='bbox 2029 947 2160 1001; x_wconf 90' lang='lat' dir='ltr'><strong>nino</strong></span> <span class='ocrx_word' id='word_1_385' title='bbox 2202 947 2270 1001; x_wconf 91' lang='lat' dir='ltr'><strong>de</strong></span> <span class='ocrx_word' id='word_1_386' title='bbox 2299 948 2523 1016; x_wconf 90' lang='lat' dir='ltr'><strong>propria</strong></span> <span class='ocrx_word' id='word_1_387' title='bbox 2555 961 2619 1001; x_wconf 89' lang='lat' dir='ltr'><strong>ac</strong></span> <span class='ocrx_word' id='word_1_388' title='bbox 2650 946 2922 1016; x_wconf 20' lang='lat' dir='ltr'><strong>peculiari,</strong></span> <span class='ocrx_word' id='word_1_389' title='bbox 2945 957 3156 1000; x_wconf 69' lang='lat' dir='ltr'><strong>natura:</strong></span> <span class='ocrx_word' id='word_1_390' title='bbox 3191 945 3402 1000; x_wconf 83' lang='lat' dir='ltr'><strong>ratione</strong></span> <span class='ocrx_word' id='word_1_391' title='bbox 3434 945 3602 1016; x_wconf 88' lang='lat' dir='ltr'><strong>perit,</strong></span> 
     </span>
    </p>
   </div>
   <div class='ocr_carea' id='block_1_55' title="bbox 2029 1027 3602 1106">
    <p class='ocr_par' dir='ltr' id='par_1_55' title="bbox 2029 1027 3602 1106">
     <span class='ocr_line' id='line_1_55' title="bbox 2029 1027 3602 1106; baseline -0.001 -12"><span class='ocrx_word' id='word_1_392' title='bbox 2029 1048 2125 1094; x_wconf 88' lang='lat' dir='ltr'><strong>aut</strong></span> <span class='ocrx_word' id='word_1_393' title='bbox 2157 1054 2280 1094; x_wconf 90' lang='lat' dir='ltr'><strong>cum</strong></span> <span class='ocrx_word' id='word_1_394' title='bbox 2324 1040 2500 1093; x_wconf 89' lang='lat' dir='ltr'><strong>altero</strong></span> <span class='ocrx_word' id='word_1_395' title='bbox 2541 1038 2900 1093; x_wconf 82' lang='lat' dir='ltr'><strong>confunditur</strong></span> <span class='ocrx_word' id='word_1_396' title='bbox 2935 1038 3049 1093; x_wconf 83' lang='lat' dir='ltr'><strong>sive</strong></span> <span class='ocrx_word' id='word_1_397' title='bbox 3081 1038 3260 1106; x_wconf 90' lang='lat' dir='ltr'><strong>ipsum</strong></span> <span class='ocrx_word' id='word_1_398' title='bbox 3294 1027 3602 1100; x_wconf 82' lang='lat' dir='ltr'><strong>confundit,</strong></span> 
     </span>
    </p>
   </div>
   <div class='ocr_carea' id='block_1_56' title="bbox 2029 1127 3607 1196">
    <p class='ocr_par' dir='ltr' id='par_1_56' title="bbox 2029 1127 3607 1196">
     <span class='ocr_line' id='line_1_56' title="bbox 2029 1127 3607 1196; baseline 0 -15"><span class='ocrx_word' id='word_1_399' title='bbox 2029 1127 2146 1182; x_wconf 69' lang='lat' dir='ltr'><strong>haec</strong></span> <span class='ocrx_word' id='word_1_400' title='bbox 2215 1128 2527 1182; x_wconf 89' lang='lat' dir='ltr'><strong>luculenter</strong></span> <span class='ocrx_word' id='word_1_401' title='bbox 2602 1128 2953 1182; x_wconf 82' lang='lat' dir='ltr'><strong>manifestam</strong></span> <span class='ocrx_word' id='word_1_402' title='bbox 3015 1127 3201 1182; x_wconf 87' lang='lat' dir='ltr'><strong>omnia</strong></span> <span class='ocrx_word' id='word_1_403' title='bbox 3257 1127 3607 1196; x_wconf 84' lang='lat' dir='ltr'><strong>providentia</strong></span> 
     </span>
    </p>
   </div>
   <div class='ocr_carea' id='block_1_57' title="bbox 2029 1219 3605 1290">
    <p class='ocr_par' dir='ltr' id='par_1_57' title="bbox 2029 1219 3605 1290">
     <span class='ocr_line' id='line_1_57' title="bbox 2029 1219 3605 1290; baseline 0.001 -17"><span class='ocrx_word' id='word_1_404' title='bbox 2029 1219 2302 1274; x_wconf 86' lang='lat' dir='ltr'><strong>contineri</strong></span> <span class='ocrx_word' id='word_1_405' title='bbox 2344 1220 2650 1274; x_wconf 89' lang='lat' dir='ltr'><strong>conditoris</strong></span> <span class='ocrx_word' id='word_1_406' title='bbox 2694 1221 2812 1274; x_wconf 91' lang='lat' dir='ltr'><strong>Dei.</strong></span> <span class='ocrx_word' id='word_1_407' title='bbox 2858 1219 3004 1273; x_wconf 86' lang='lat' dir='ltr'><strong>Fieri</strong></span> <span class='ocrx_word' id='word_1_408' title='bbox 3037 1219 3184 1274; x_wconf 90' lang='lat' dir='ltr'><strong>enim</strong></span> <span class='ocrx_word' id='word_1_409' title='bbox 3233 1234 3345 1274; x_wconf 91' lang='lat' dir='ltr'><strong>non</strong></span> <span class='ocrx_word' id='word_1_410' title='bbox 3389 1227 3605 1290; x_wconf 89' lang='lat' dir='ltr'><strong>potest,</strong></span> 
     </span>
    </p>
   </div>
   <div class='ocr_carea' id='block_1_58' title="bbox 2029 1308 3665 1378">
    <p class='ocr_par' dir='ltr' id='par_1_58' title="bbox 2029 1308 3665 1378">
     <span class='ocr_line' id='line_1_58' title="bbox 2029 1308 3665 1378; baseline -0.001 -16"><span class='ocrx_word' id='word_1_411' title='bbox 2029 1309 2163 1378; x_wconf 87' lang='lat' dir='ltr'><strong>quin</strong></span> <span class='ocrx_word' id='word_1_412' title='bbox 2196 1309 2360 1373; x_wconf 87' lang='lat' dir='ltr'><strong>Deus,</strong></span> <span class='ocrx_word' id='word_1_413' title='bbox 2398 1309 2489 1377; x_wconf 92' lang='lat' dir='ltr'><strong>qui</strong></span> <span class='ocrx_word' id='word_1_414' title='bbox 2520 1308 2700 1362; x_wconf 89' lang='lat' dir='ltr'><strong>bonus</strong></span> <span class='ocrx_word' id='word_1_415' title='bbox 2729 1316 2832 1374; x_wconf 89' lang='lat' dir='ltr'><strong>est,</strong></span> <span class='ocrx_word' id='word_1_416' title='bbox 2866 1323 2978 1362; x_wconf 90' lang='lat' dir='ltr'><strong>non</strong></span> <span class='ocrx_word' id='word_1_417' title='bbox 3006 1309 3172 1362; x_wconf 87' lang='lat' dir='ltr'><strong>etiam</strong></span> <span class='ocrx_word' id='word_1_418' title='bbox 3206 1308 3490 1364; x_wconf 88' lang='lat' dir='ltr'><strong>beneﬁcus</strong></span> <span class='ocrx_word' id='word_1_419' title='bbox 3513 1309 3606 1373; x_wconf 90' lang='lat' dir='ltr'><strong>sit,</strong></span> <span class='ocrx_word' id='word_1_420' title='bbox 3659 1355 3665 1361; x_wconf 91' lang='lat'><strong>.</strong></span> 
     </span>
    </p>
   </div>
   <div class='ocr_carea' id='block_1_59' title="bbox 2031 1399 3611 1471">
    <p class='ocr_par' dir='ltr' id='par_1_59' title="bbox 2031 1399 3611 1471">
     <span class='ocr_line' id='line_1_59' title="bbox 2031 1399 3611 1471; baseline -0.002 -15"><span class='ocrx_word' id='word_1_421' title='bbox 2031 1411 2126 1457; x_wconf 86' lang='lat' dir='ltr'><strong>aut</strong></span> <span class='ocrx_word' id='word_1_422' title='bbox 2153 1401 2247 1471; x_wconf 88' lang='lat' dir='ltr'><strong>qui</strong></span> <span class='ocrx_word' id='word_1_423' title='bbox 2281 1400 2562 1456; x_wconf 88' lang='lat' dir='ltr'><strong>beneﬁcus</strong></span> <span class='ocrx_word' id='word_1_424' title='bbox 2587 1407 2690 1464; x_wconf 89' lang='lat' dir='ltr'><strong>est,</strong></span> <span class='ocrx_word' id='word_1_425' title='bbox 2719 1415 2829 1454; x_wconf 91' lang='lat' dir='ltr'><strong>non</strong></span> <span class='ocrx_word' id='word_1_426' title='bbox 2879 1400 3009 1454; x_wconf 81' lang='lat' dir='ltr'><strong>item</strong></span> <span class='ocrx_word' id='word_1_427' title='bbox 3056 1399 3352 1468; x_wconf 87' lang='lat' dir='ltr'><strong>providens</strong></span> <span class='ocrx_word' id='word_1_428' title='bbox 3388 1401 3459 1455; x_wconf 89' lang='lat' dir='ltr'><strong>sit</strong></span> <span class='ocrx_word' id='word_1_429' title='bbox 3487 1415 3611 1454; x_wconf 91' lang='lat' dir='ltr'><strong>om-</strong></span> 
     </span>
    </p>
   </div>
   <div class='ocr_carea' id='block_1_60' title="bbox 2029 1490 3624 1561">
    <p class='ocr_par' dir='ltr' id='par_1_60' title="bbox 2029 1490 3624 1561">
     <span class='ocr_line' id='line_1_60' title="bbox 2029 1490 3624 1561; baseline 0 -16"><span class='ocrx_word' id='word_1_430' title='bbox 2029 1493 2184 1555; x_wconf 90' lang='lat' dir='ltr'><strong>nino,</strong></span> <span class='ocrx_word' id='word_1_431' title='bbox 2211 1499 2266 1545; x_wconf 91' lang='lat' dir='ltr'><strong>et</strong></span> <span class='ocrx_word' id='word_1_432' title='bbox 2287 1491 2422 1561; x_wconf 90' lang='lat' dir='ltr'><strong>quin</strong></span> <span class='ocrx_word' id='word_1_433' title='bbox 2464 1501 2756 1560; x_wconf 85' lang='lat' dir='ltr'><strong>propterea</strong></span> <span class='ocrx_word' id='word_1_434' title='bbox 2795 1505 3005 1553; x_wconf 89' lang='lat' dir='ltr'><strong>rerum,</strong></span> <span class='ocrx_word' id='word_1_435' title='bbox 3035 1498 3097 1543; x_wconf 90' lang='lat' dir='ltr'><strong>ut</strong></span> <span class='ocrx_word' id='word_1_436' title='bbox 3127 1504 3227 1558; x_wconf 88' lang='lat' dir='ltr'><strong>par</strong></span> <span class='ocrx_word' id='word_1_437' title='bbox 3254 1490 3375 1560; x_wconf 88' lang='lat' dir='ltr'><strong>ejus</strong></span> <span class='ocrx_word' id='word_1_438' title='bbox 3399 1491 3624 1545; x_wconf 52' lang='lat' dir='ltr'><strong>natura!</strong></span> 
     </span>
    </p>
   </div>
   <div class='ocr_carea' id='block_1_61' title="bbox 2031 1581 3609 1652">
    <p class='ocr_par' dir='ltr' id='par_1_61' title="bbox 2031 1581 3609 1652">
     <span class='ocr_line' id='line_1_61' title="bbox 2031 1581 3609 1652; baseline -0.001 -14"><span class='ocrx_word' id='word_1_439' title='bbox 2031 1593 2134 1648; x_wconf 90' lang='lat' dir='ltr'><strong>est,</strong></span> <span class='ocrx_word' id='word_1_440' title='bbox 2159 1591 2306 1637; x_wconf 89' lang='lat' dir='ltr'><strong>tutor</strong></span> <span class='ocrx_word' id='word_1_441' title='bbox 2325 1583 2604 1652; x_wconf 85' lang='lat' dir='ltr'><strong>sapienter</strong></span> <span class='ocrx_word' id='word_1_442' title='bbox 2622 1583 2704 1637; x_wconf 88' lang='lat' dir='ltr'><strong>eis</strong></span> <span class='ocrx_word' id='word_1_443' title='bbox 2726 1581 3188 1652; x_wconf 84' lang='lat' dir='ltr'><strong>quemadmodum</strong></span> <span class='ocrx_word' id='word_1_444' title='bbox 3207 1581 3609 1646; x_wconf 79' lang='lat' dir='ltr'><strong>exsistentiam,</strong></span> 
     </span>
    </p>
   </div>
   <div class='ocr_carea' id='block_1_62' title="bbox 2035 1673 3610 1728">
    <p class='ocr_par' dir='ltr' id='par_1_62' title="bbox 2035 1673 3610 1728">
     <span class='ocr_line' id='line_1_62' title="bbox 2035 1673 3610 1728; baseline 0 0"><span class='ocrx_word' id='word_1_445' title='bbox 2035 1674 2106 1728; x_wconf 89' lang='lat' dir='ltr'><strong>ita</strong></span> <span class='ocrx_word' id='word_1_446' title='bbox 2140 1675 2304 1728; x_wconf 91' lang='lat' dir='ltr'><strong>etiam</strong></span> <span class='ocrx_word' id='word_1_447' title='bbox 2341 1690 2529 1728; x_wconf 90' lang='lat' dir='ltr'><strong>curam</strong></span> <span class='ocrx_word' id='word_1_448' title='bbox 2566 1674 2790 1728; x_wconf 82' lang='lat' dir='ltr'><strong>tribuat.</strong></span> <span class='ocrx_word' id='word_1_449' title='bbox 2836 1673 3187 1727; x_wconf 82' lang='lat' dir='ltr'><strong>Providentia</strong></span> <span class='ocrx_word' id='word_1_450' title='bbox 3230 1673 3376 1727; x_wconf 92' lang='lat' dir='ltr'><strong>enim</strong></span> <span class='ocrx_word' id='word_1_451' title='bbox 3412 1689 3610 1728; x_wconf 91' lang='lat' dir='ltr'><strong>secun-</strong></span> 
     </span>
    </p>
   </div>
   <div class='ocr_carea' id='block_1_63' title="bbox 2033 1763 3610 1833">
    <p class='ocr_par' dir='ltr' id='par_1_63' title="bbox 2033 1763 3610 1833">
     <span class='ocr_line' id='line_1_63' title="bbox 2033 1763 3610 1833; baseline -0.002 -13"><span class='ocrx_word' id='word_1_452' title='bbox 2033 1767 2164 1820; x_wconf 91' lang='lat' dir='ltr'><strong>dum</strong></span> <span class='ocrx_word' id='word_1_453' title='bbox 2209 1766 2400 1820; x_wconf 83' lang='lat' dir='ltr'><strong>Patres</strong></span> <span class='ocrx_word' id='word_1_454' title='bbox 2443 1764 2631 1818; x_wconf 87' lang='lat' dir='ltr'><strong>divino</strong></span> <span class='ocrx_word' id='word_1_455' title='bbox 2681 1763 2890 1833; x_wconf 90' lang='lat' dir='ltr'><strong>Spiritu</strong></span> <span class='ocrx_word' id='word_1_456' title='bbox 2940 1763 3150 1818; x_wconf 86' lang='lat' dir='ltr'><strong>amatos</strong></span> <span class='ocrx_word' id='word_1_457' title='bbox 3195 1763 3383 1818; x_wconf 88' lang='lat' dir='ltr'><strong>divina</strong></span> <span class='ocrx_word' id='word_1_458' title='bbox 3427 1779 3610 1818; x_wconf 91' lang='lat' dir='ltr'><strong>rerum</strong></span> 
     </span>
    </p>
   </div>
   <div class='ocr_carea' id='block_1_64' title="bbox 2034 1854 3614 1927">
    <p class='ocr_par' dir='ltr' id='par_1_64' title="bbox 2034 1854 3614 1927">
     <span class='ocr_line' id='line_1_64' title="bbox 2034 1854 3614 1927; baseline -0.001 -17"><span class='ocrx_word' id='word_1_459' title='bbox 2034 1856 2352 1927; x_wconf 86' lang='lat' dir='ltr'><strong>procuratio</strong></span> <span class='ocrx_word' id='word_1_460' title='bbox 2383 1865 2487 1909; x_wconf 91' lang='lat' dir='ltr'><strong>est.</strong></span> <span class='ocrx_word' id='word_1_461' title='bbox 2516 1854 2794 1910; x_wconf 90' lang='lat' dir='ltr'><strong>Deﬁniunt</strong></span> <span class='ocrx_word' id='word_1_462' title='bbox 2826 1870 2954 1909; x_wconf 89' lang='lat' dir='ltr'><strong>vero</strong></span> <span class='ocrx_word' id='word_1_463' title='bbox 2981 1870 3100 1908; x_wconf 89' lang='lat' dir='ltr'><strong>eam</strong></span> <span class='ocrx_word' id='word_1_464' title='bbox 3134 1854 3297 1910; x_wconf 88' lang='lat' dir='ltr'><strong>etiam</strong></span> <span class='ocrx_word' id='word_1_465' title='bbox 3335 1856 3407 1909; x_wconf 89' lang='lat' dir='ltr'><strong>ita</strong></span> <span class='ocrx_word' id='word_1_466' title='bbox 3441 1872 3454 1908; x_wconf 87' lang='lat'><strong>:</strong></span> <span class='ocrx_word' id='word_1_467' title='bbox 3485 1855 3614 1910; x_wconf 83' lang='lat' dir='ltr'><strong>Pro—</strong></span> 
     </span>
    </p>
   </div>
   <div class='ocr_carea' id='block_1_65' title="bbox 2035 1945 3614 2016">
    <p class='ocr_par' dir='ltr' id='par_1_65' title="bbox 2035 1945 3614 2016">
     <span class='ocr_line' id='line_1_65' title="bbox 2035 1945 3614 2016; baseline -0.001 -16"><span class='ocrx_word' id='word_1_468' title='bbox 2035 1947 2262 2000; x_wconf 76' lang='lat' dir='ltr'><strong>t&#39;identia</strong></span> <span class='ocrx_word' id='word_1_469' title='bbox 2289 1945 2384 1999; x_wconf 83' lang='lat' dir='ltr'><strong>Dei</strong></span> <span class='ocrx_word' id='word_1_470' title='bbox 2415 1945 2658 2000; x_wconf 80' lang='lat' dir='ltr'><strong>voluntas</strong></span> <span class='ocrx_word' id='word_1_471' title='bbox 2688 1954 2764 1999; x_wconf 87' lang='lat' dir='ltr'><strong>est</strong></span> <span class='ocrx_word' id='word_1_472' title='bbox 2792 1962 2899 2016; x_wconf 83' lang='lat' dir='ltr'><strong>qua</strong></span> <span class='ocrx_word' id='word_1_473' title='bbox 2929 1961 3108 1998; x_wconf 80' lang='lat' dir='ltr'><strong>omnes</strong></span> <span class='ocrx_word' id='word_1_474' title='bbox 3138 1961 3220 1999; x_wconf 83' lang='lat' dir='ltr'><strong>res</strong></span> <span class='ocrx_word' id='word_1_475' title='bbox 3251 1946 3614 1999; x_wconf 76' lang='lat' dir='ltr'><strong>convenienter</strong></span> 
     </span>
    </p>
   </div>
   <div class='ocr_carea' id='block_1_66' title="bbox 2035 2036 3613 2109">
    <p class='ocr_par' dir='ltr' id='par_1_66' title="bbox 2035 2036 3613 2109">
     <span class='ocr_line' id='line_1_66' title="bbox 2035 2036 3613 2109; baseline -0.001 -18"><span class='ocrx_word' id='word_1_476' title='bbox 2035 2046 2382 2109; x_wconf 82' lang='lat' dir='ltr'><strong>peraguntur.</strong></span> <span class='ocrx_word' id='word_1_477' title='bbox 2413 2037 2569 2104; x_wconf 86' lang='lat' dir='ltr'><strong>Quod</strong></span> <span class='ocrx_word' id='word_1_478' title='bbox 2610 2037 2657 2093; x_wconf 93' lang='lat' dir='ltr'><strong>si</strong></span> <span class='ocrx_word' id='word_1_479' title='bbox 2691 2037 2790 2092; x_wconf 87' lang='lat' dir='ltr'><strong>Dei</strong></span> <span class='ocrx_word' id='word_1_480' title='bbox 2817 2044 2904 2092; x_wconf 91' lang='lat' dir='ltr'><strong>est</strong></span> <span class='ocrx_word' id='word_1_481' title='bbox 2927 2037 3200 2100; x_wconf 88' lang='lat' dir='ltr'><strong>voluntas,</strong></span> <span class='ocrx_word' id='word_1_482' title='bbox 3233 2045 3291 2090; x_wconf 89' lang='lat' dir='ltr'><strong>ut</strong></span> <span class='ocrx_word' id='word_1_483' title='bbox 3336 2037 3468 2105; x_wconf 88' lang='lat' dir='ltr'><strong>ipsis</strong></span> <span class='ocrx_word' id='word_1_484' title='bbox 3514 2036 3613 2090; x_wconf 93' lang='lat' dir='ltr'><strong>do-</strong></span> 
     </span>
    </p>
   </div>
   <div class='ocr_carea' id='block_1_67' title="bbox 2035 2127 3610 2196">
    <p class='ocr_par' dir='ltr' id='par_1_67' title="bbox 2035 2127 3610 2196">
     <span class='ocr_line' id='line_1_67' title="bbox 2035 2127 3610 2196; baseline -0.001 -12"><span class='ocrx_word' id='word_1_485' title='bbox 2035 2137 2249 2184; x_wconf 91' lang='lat' dir='ltr'><strong>ctorum</strong></span> <span class='ocrx_word' id='word_1_486' title='bbox 2278 2130 2467 2184; x_wconf 87' lang='lat' dir='ltr'><strong>verbis</strong></span> <span class='ocrx_word' id='word_1_487' title='bbox 2489 2137 2636 2192; x_wconf 90' lang='lat' dir='ltr'><strong>utar,</strong></span> <span class='ocrx_word' id='word_1_488' title='bbox 2678 2143 2903 2183; x_wconf 86' lang='lat' dir='ltr'><strong>necesse</strong></span> <span class='ocrx_word' id='word_1_489' title='bbox 2935 2135 3019 2182; x_wconf 92' lang='lat' dir='ltr'><strong>est</strong></span> <span class='ocrx_word' id='word_1_490' title='bbox 3045 2127 3274 2181; x_wconf 87' lang='lat' dir='ltr'><strong>omnino</strong></span> <span class='ocrx_word' id='word_1_491' title='bbox 3302 2135 3362 2180; x_wconf 91' lang='lat' dir='ltr'><strong>ut</strong></span> <span class='ocrx_word' id='word_1_492' title='bbox 3387 2142 3451 2180; x_wconf 89' lang='lat' dir='ltr'><strong>ea</strong></span> <span class='ocrx_word' id='word_1_493' title='bbox 3486 2142 3610 2196; x_wconf 69' lang='lat' dir='ltr'><strong>quae</strong></span> 
     </span>
    </p>
   </div>
   <div class='ocr_carea' id='block_1_68' title="bbox 2037 2217 3611 2282">
    <p class='ocr_par' dir='ltr' id='par_1_68' title="bbox 2037 2217 3611 2282">
     <span class='ocr_line' id='line_1_68' title="bbox 2037 2217 3611 2282; baseline -0.001 -8"><span class='ocrx_word' id='word_1_494' title='bbox 2037 2221 2178 2275; x_wconf 85' lang='lat' dir='ltr'><strong>ﬁunt</strong></span> <span class='ocrx_word' id='word_1_495' title='bbox 2205 2228 2350 2275; x_wconf 87' lang='lat' dir='ltr'><strong>recta</strong></span> <span class='ocrx_word' id='word_1_496' title='bbox 2373 2219 2586 2274; x_wconf 88' lang='lat' dir='ltr'><strong>ratione</strong></span> <span class='ocrx_word' id='word_1_497' title='bbox 2623 2218 2774 2282; x_wconf 91' lang='lat' dir='ltr'><strong>ﬁant,</strong></span> <span class='ocrx_word' id='word_1_498' title='bbox 2798 2217 2936 2272; x_wconf 89' lang='lat' dir='ltr'><strong>adeo</strong></span> <span class='ocrx_word' id='word_1_499' title='bbox 2967 2226 3027 2272; x_wconf 91' lang='lat' dir='ltr'><strong>ut</strong></span> <span class='ocrx_word' id='word_1_500' title='bbox 3051 2219 3335 2272; x_wconf 90' lang='lat' dir='ltr'><strong>meliorem</strong></span> <span class='ocrx_word' id='word_1_501' title='bbox 3361 2218 3611 2273; x_wconf 90' lang='lat' dir='ltr'><strong>ordinem</strong></span> 
     </span>
    </p>
   </div>
   <div class='ocr_carea' id='block_1_69' title="bbox 2036 2310 3611 2382">
    <p class='ocr_par' dir='ltr' id='par_1_69' title="bbox 2036 2310 3611 2382">
     <span class='ocr_line' id='line_1_69' title="bbox 2036 2310 3611 2382; baseline -0.002 -15"><span class='ocrx_word' id='word_1_502' title='bbox 2036 2327 2145 2367; x_wconf 91' lang='lat' dir='ltr'><strong>non</strong></span> <span class='ocrx_word' id='word_1_503' title='bbox 2175 2319 2513 2382; x_wconf 80' lang='lat' dir='ltr'><strong>exspectent,</strong></span> <span class='ocrx_word' id='word_1_504' title='bbox 2547 2318 2609 2364; x_wconf 91' lang='lat' dir='ltr'><strong>ut</strong></span> <span class='ocrx_word' id='word_1_505' title='bbox 2638 2310 2818 2380; x_wconf 90' lang='lat' dir='ltr'><strong>ipsum</strong></span> <span class='ocrx_word' id='word_1_506' title='bbox 2853 2311 3020 2380; x_wconf 79' lang='lat' dir='ltr'><strong>igitur</strong></span> <span class='ocrx_word' id='word_1_507' title='bbox 3049 2311 3391 2380; x_wconf 88' lang='lat' dir='ltr'><strong>provisorem</strong></span> <span class='ocrx_word' id='word_1_508' title='bbox 3426 2311 3611 2366; x_wconf 89' lang='lat' dir='ltr'><strong>dicere</strong></span> 
     </span>
    </p>
   </div>
   <div class='ocr_carea' id='block_1_70' title="bbox 2036 2402 3610 2472">
    <p class='ocr_par' dir='ltr' id='par_1_70' title="bbox 2036 2402 3610 2472">
     <span class='ocr_line' id='line_1_70' title="bbox 2036 2402 3610 2472; baseline -0.003 -11"><span class='ocrx_word' id='word_1_509' title='bbox 2036 2405 2186 2461; x_wconf 90' lang='lat' dir='ltr'><strong>omni</strong></span> <span class='ocrx_word' id='word_1_510' title='bbox 2209 2403 2371 2459; x_wconf 91' lang='lat' dir='ltr'><strong>modo</strong></span> <span class='ocrx_word' id='word_1_511' title='bbox 2394 2404 2659 2458; x_wconf 90' lang='lat' dir='ltr'><strong>invitetur</strong></span> <span class='ocrx_word' id='word_1_512' title='bbox 2678 2403 2774 2472; x_wconf 88' lang='lat' dir='ltr'><strong>qui</strong></span> <span class='ocrx_word' id='word_1_513' title='bbox 2798 2404 3028 2458; x_wconf 86' lang='lat' dir='ltr'><strong>veritate</strong></span> <span class='ocrx_word' id='word_1_514' title='bbox 3055 2402 3156 2458; x_wconf 70' lang='lat' dir='ltr'><strong>vim</strong></span> <span class='ocrx_word' id='word_1_515' title='bbox 3176 2403 3314 2457; x_wconf 91' lang='lat' dir='ltr'><strong>duce</strong></span> <span class='ocrx_word' id='word_1_516' title='bbox 3337 2403 3413 2458; x_wconf 93' lang='lat' dir='ltr'><strong>uti</strong></span> <span class='ocrx_word' id='word_1_517' title='bbox 3441 2405 3610 2466; x_wconf 89' lang='lat' dir='ltr'><strong>volet,</strong></span> 
     </span>
    </p>
   </div>
   <div class='ocr_carea' id='block_1_71' title="bbox 2037 2495 3613 2568">
    <p class='ocr_par' dir='ltr' id='par_1_71' title="bbox 2037 2495 3613 2568">
     <span class='ocr_line' id='line_1_71' title="bbox 2037 2495 3613 2568; baseline -0.002 -17"><span class='ocrx_word' id='word_1_518' title='bbox 2037 2512 2203 2568; x_wconf 89' lang='lat' dir='ltr'><strong>quem</strong></span> <span class='ocrx_word' id='word_1_519' title='bbox 2232 2505 2290 2550; x_wconf 91' lang='lat' dir='ltr'><strong>et</strong></span> <span class='ocrx_word' id='word_1_520' title='bbox 2317 2495 2659 2551; x_wconf 88' lang='lat' dir='ltr'><strong>conditorem</strong></span> <span class='ocrx_word' id='word_1_521' title='bbox 2695 2509 2903 2557; x_wconf 91' lang='lat' dir='ltr'><strong>rerum,</strong></span> <span class='ocrx_word' id='word_1_522' title='bbox 2940 2501 3034 2548; x_wconf 91' lang='lat' dir='ltr'><strong>aut</strong></span> <span class='ocrx_word' id='word_1_523' title='bbox 3073 2495 3228 2563; x_wconf 87' lang='lat' dir='ltr'><strong>cujus</strong></span> <span class='ocrx_word' id='word_1_524' title='bbox 3269 2508 3392 2548; x_wconf 88' lang='lat' dir='ltr'><strong>esse</strong></span> <span class='ocrx_word' id='word_1_525' title='bbox 3423 2495 3613 2548; x_wconf 87' lang='lat' dir='ltr'><strong>condi-</strong></span> 
     </span>
    </p>
   </div>
   <div class='ocr_carea' id='block_1_72' title="bbox 2038 2582 3611 2652">
    <p class='ocr_par' dir='ltr' id='par_1_72' title="bbox 2038 2582 3611 2652">
     <span class='ocr_line' id='line_1_72' title="bbox 2038 2582 3611 2652; baseline -0.002 -12"><span class='ocrx_word' id='word_1_526' title='bbox 2038 2585 2174 2640; x_wconf 87' lang='lat' dir='ltr'><strong>toris</strong></span> <span class='ocrx_word' id='word_1_527' title='bbox 2206 2585 2302 2639; x_wconf 89' lang='lat' dir='ltr'><strong>Dci</strong></span> <span class='ocrx_word' id='word_1_528' title='bbox 2337 2599 2423 2638; x_wconf 89' lang='lat' dir='ltr'><strong>res</strong></span> <span class='ocrx_word' id='word_1_529' title='bbox 2452 2590 2598 2637; x_wconf 92' lang='lat' dir='ltr'><strong>recte</strong></span> <span class='ocrx_word' id='word_1_530' title='bbox 2628 2583 2918 2652; x_wconf 81' lang='lat' dir='ltr'><strong>cognovit;</strong></span> <span class='ocrx_word' id='word_1_531' title='bbox 2964 2582 3410 2652; x_wconf 87' lang='lat' dir='ltr'><strong>quandoquidem</strong></span> <span class='ocrx_word' id='word_1_532' title='bbox 3441 2584 3524 2638; x_wconf 88' lang='lat' dir='ltr'><strong>vel</strong></span> <span class='ocrx_word' id='word_1_533' title='bbox 3555 2583 3611 2637; x_wconf 90' lang='lat' dir='ltr'><strong>in</strong></span> 
     </span>
    </p>
   </div>
   <div class='ocr_carea' id='block_1_73' title="bbox 2039 2671 3614 2739">
    <p class='ocr_par' dir='ltr' id='par_1_73' title="bbox 2039 2671 3614 2739">
     <span class='ocr_line' id='line_1_73' title="bbox 2039 2671 3614 2739; baseline -0.002 -10"><span class='ocrx_word' id='word_1_534' title='bbox 2039 2674 2390 2739; x_wconf 87' lang='lat' dir='ltr'><strong>animalibus,</strong></span> <span class='ocrx_word' id='word_1_535' title='bbox 2417 2687 2541 2728; x_wconf 93' lang='lat' dir='ltr'><strong>cum</strong></span> <span class='ocrx_word' id='word_1_536' title='bbox 2570 2671 2916 2725; x_wconf 90' lang='lat' dir='ltr'><strong>rationalium</strong></span> <span class='ocrx_word' id='word_1_537' title='bbox 2945 2673 3435 2726; x_wconf 86' lang='lat' dir='ltr'><strong>instrumentorum</strong></span> <span class='ocrx_word' id='word_1_538' title='bbox 3460 2688 3614 2726; x_wconf 92' lang='lat' dir='ltr'><strong>men-</strong></span> 
     </span>
    </p>
   </div>
   <div class='ocr_carea' id='block_1_74' title="bbox 2040 2762 3610 2834">
    <p class='ocr_par' dir='ltr' id='par_1_74' title="bbox 2040 2762 3610 2834">
     <span class='ocr_line' id='line_1_74' title="bbox 2040 2762 3610 2834; baseline -0.002 -15"><span class='ocrx_word' id='word_1_539' title='bbox 2040 2767 2111 2820; x_wconf 91' lang='lat' dir='ltr'><strong>tis</strong></span> <span class='ocrx_word' id='word_1_540' title='bbox 2150 2781 2253 2834; x_wconf 90' lang='lat' dir='ltr'><strong>ope</strong></span> <span class='ocrx_word' id='word_1_541' title='bbox 2305 2766 2361 2819; x_wconf 90' lang='lat' dir='ltr'><strong>in</strong></span> <span class='ocrx_word' id='word_1_542' title='bbox 2410 2779 2498 2818; x_wconf 89' lang='lat' dir='ltr'><strong>res</strong></span> <span class='ocrx_word' id='word_1_543' title='bbox 2549 2763 2888 2833; x_wconf 90' lang='lat' dir='ltr'><strong>inquirentes</strong></span> <span class='ocrx_word' id='word_1_544' title='bbox 2929 2762 3274 2816; x_wconf 85' lang='lat' dir='ltr'><strong>inveniamus</strong></span> <span class='ocrx_word' id='word_1_545' title='bbox 3319 2763 3610 2832; x_wconf 80' lang='lat' dir='ltr'><strong>imaginem</strong></span> 
     </span>
    </p>
   </div>
   <div class='ocr_carea' id='block_1_75' title="bbox 2039 2853 3616 2932">
    <p class='ocr_par' dir='ltr' id='par_1_75' title="bbox 2039 2853 3616 2932">
     <span class='ocr_line' id='line_1_75' title="bbox 2039 2853 3616 2932; baseline -0.001 -22"><span class='ocrx_word' id='word_1_546' title='bbox 2039 2855 2187 2910; x_wconf 89' lang='lat' dir='ltr'><strong>haud</strong></span> <span class='ocrx_word' id='word_1_547' title='bbox 2234 2855 2455 2932; x_wconf 82' lang='lat' dir='ltr'><strong>indigne</strong></span> <span class='ocrx_word' id='word_1_548' title='bbox 2489 2869 2554 2908; x_wconf 88' lang='lat' dir='ltr'><strong>ea</strong></span> <span class='ocrx_word' id='word_1_549' title='bbox 2599 2869 2720 2923; x_wconf 69' lang='lat' dir='ltr'><strong>quae</strong></span> <span class='ocrx_word' id='word_1_550' title='bbox 2765 2869 2927 2923; x_wconf 86' lang='lat' dir='ltr'><strong>supra</strong></span> <span class='ocrx_word' id='word_1_551' title='bbox 2977 2853 3241 2907; x_wconf 89' lang='lat' dir='ltr'><strong>rationem</strong></span> <span class='ocrx_word' id='word_1_552' title='bbox 3287 2861 3414 2906; x_wconf 90' lang='lat' dir='ltr'><strong>sunt</strong></span> <span class='ocrx_word' id='word_1_553' title='bbox 3445 2869 3616 2908; x_wconf 62' lang='lat' dir='ltr'><strong>temu-</strong></span> 
     </span>
    </p>
   </div>
   <div class='ocr_carea' id='block_1_76' title="bbox 2039 2929 3614 3015">
    <p class='ocr_par' dir='ltr' id='par_1_76' title="bbox 2039 2929 3614 3015">
     <span class='ocr_line' id='line_1_76' title="bbox 2039 2929 3614 3015; baseline 0 -15"><span class='ocrx_word' id='word_1_554' title='bbox 2039 2929 2276 3001; x_wconf 37' lang='lat' dir='ltr'><strong>lantem.&quot;</strong></span> <span class='ocrx_word' id='word_1_555' title='bbox 2299 2947 2394 3001; x_wconf 88' lang='lat' dir='ltr'><strong>Illa</strong></span> <span class='ocrx_word' id='word_1_556' title='bbox 2438 2945 2584 3000; x_wconf 91' lang='lat' dir='ltr'><strong>enim</strong></span> <span class='ocrx_word' id='word_1_557' title='bbox 2618 2946 2748 2999; x_wconf 91' lang='lat' dir='ltr'><strong>dum</strong></span> <span class='ocrx_word' id='word_1_558' title='bbox 2781 2961 2881 3015; x_wconf 90' lang='lat' dir='ltr'><strong>pro</strong></span> <span class='ocrx_word' id='word_1_559' title='bbox 2927 2960 3127 3015; x_wconf 78' lang='lat' dir='ltr'><strong>genere</strong></span> <span class='ocrx_word' id='word_1_560' title='bbox 3159 2960 3271 3000; x_wconf 68' lang='lat' dir='ltr'><strong>sua:</strong></span> <span class='ocrx_word' id='word_1_561' title='bbox 3313 2945 3484 3014; x_wconf 90' lang='lat' dir='ltr'><strong>prolis</strong></span> <span class='ocrx_word' id='word_1_562' title='bbox 3519 2962 3614 3000; x_wconf 87' lang='lat' dir='ltr'><strong>na-</strong></span> 
     </span>
    </p>
   </div>
   <div class='ocr_carea' id='block_1_77' title="bbox 1960 3035 3614 3123">
    <p class='ocr_par' dir='ltr' id='par_1_77' title="bbox 1960 3035 3614 3123">
     <span class='ocr_line' id='line_1_77' title="bbox 1960 3035 3614 3123; baseline -0.001 -32"><span class='ocrx_word' id='word_1_563' title='bbox 1960 3063 2004 3123; x_wconf 67' lang='grc' dir='ltr'><strong>ο</strong></span> <span class='ocrx_word' id='word_1_564' title='bbox 2041 3036 2291 3091; x_wconf 89' lang='lat' dir='ltr'><strong>turaliter</strong></span> <span class='ocrx_word' id='word_1_565' title='bbox 2341 3050 2527 3089; x_wconf 92' lang='lat' dir='ltr'><strong>curam</strong></span> <span class='ocrx_word' id='word_1_566' title='bbox 2579 3035 2785 3089; x_wconf 88' lang='lat' dir='ltr'><strong>habere</strong></span> <span class='ocrx_word' id='word_1_567' title='bbox 2837 3035 3122 3096; x_wconf 84' lang='lat' dir='ltr'><strong>videmus.</strong></span> <span class='ocrx_word' id='word_1_568' title='bbox 3177 3036 3356 3090; x_wconf 89' lang='lat' dir='ltr'><strong>securi</strong></span> <span class='ocrx_word' id='word_1_569' title='bbox 3410 3044 3467 3090; x_wconf 89' lang='lat' dir='ltr'><strong>et</strong></span> <span class='ocrx_word' id='word_1_570' title='bbox 3512 3051 3614 3091; x_wconf 87' lang='lat' dir='ltr'><strong>nos</strong></span> 
     </span>
    </p>
   </div>
   <div class='ocr_carea' id='block_1_78' title="bbox 2041 3125 3618 3200">
    <p class='ocr_par' dir='ltr' id='par_1_78' title="bbox 2041 3125 3618 3200">
     <span class='ocr_line' id='line_1_78' title="bbox 2041 3125 3618 3200; baseline -0.001 -17"><span class='ocrx_word' id='word_1_571' title='bbox 2041 3128 2188 3200; x_wconf 91' lang='lat' dir='ltr'><strong>quod</strong></span> <span class='ocrx_word' id='word_1_572' title='bbox 2229 3142 2371 3182; x_wconf 93' lang='lat' dir='ltr'><strong>unus</strong></span> <span class='ocrx_word' id='word_1_573' title='bbox 2400 3127 2544 3180; x_wconf 90' lang='lat' dir='ltr'><strong>Deus</strong></span> <span class='ocrx_word' id='word_1_574' title='bbox 2591 3125 2755 3180; x_wconf 88' lang='lat' dir='ltr'><strong>rebus</strong></span> <span class='ocrx_word' id='word_1_575' title='bbox 2783 3126 3042 3180; x_wconf 86' lang='lat' dir='ltr'><strong>omnibus</strong></span> <span class='ocrx_word' id='word_1_576' title='bbox 3070 3135 3292 3196; x_wconf 64' lang='lat' dir='ltr'><strong>pratstet</strong></span> <span class='ocrx_word' id='word_1_577' title='bbox 3326 3128 3618 3197; x_wconf 86' lang='lat' dir='ltr'><strong>providen-</strong></span> 
     </span>
    </p>
   </div>
   <div class='ocr_carea' id='block_1_79' title="bbox 2044 3217 3614 3288">
    <p class='ocr_par' dir='ltr' id='par_1_79' title="bbox 2044 3217 3614 3288">
     <span class='ocr_line' id='line_1_79' title="bbox 2044 3217 3614 3288; baseline -0.001 -12"><span class='ocrx_word' id='word_1_578' title='bbox 2044 3223 2172 3276; x_wconf 91' lang='lat' dir='ltr'><strong>tiam</strong></span> <span class='ocrx_word' id='word_1_579' title='bbox 2217 3235 2342 3275; x_wconf 92' lang='lat' dir='ltr'><strong>cum</strong></span> <span class='ocrx_word' id='word_1_580' title='bbox 2390 3221 2478 3288; x_wconf 87' lang='lat' dir='ltr'><strong>pia</strong></span> <span class='ocrx_word' id='word_1_581' title='bbox 2514 3218 2767 3272; x_wconf 88' lang='lat' dir='ltr'><strong>libertate</strong></span> <span class='ocrx_word' id='word_1_582' title='bbox 2814 3217 2903 3286; x_wconf 90' lang='lat' dir='ltr'><strong>pie</strong></span> <span class='ocrx_word' id='word_1_583' title='bbox 2957 3219 3119 3272; x_wconf 89' lang='lat' dir='ltr'><strong>nobis</strong></span> <span class='ocrx_word' id='word_1_584' title='bbox 3167 3218 3300 3288; x_wconf 92' lang='lat' dir='ltr'><strong>ipsis</strong></span> <span class='ocrx_word' id='word_1_585' title='bbox 3346 3221 3614 3274; x_wconf 90' lang='lat' dir='ltr'><strong>rationem</strong></span> 
     </span>
    </p>
   </div>
   <div class='ocr_carea' id='block_1_80' title="bbox 2043 3309 3614 3378">
    <p class='ocr_par' dir='ltr' id='par_1_80' title="bbox 2043 3309 3614 3378">
     <span class='ocr_line' id='line_1_80' title="bbox 2043 3309 3614 3378; baseline -0.003 -9"><span class='ocrx_word' id='word_1_586' title='bbox 2043 3313 2358 3377; x_wconf 89' lang='lat' dir='ltr'><strong>deﬁnimus,</strong></span> <span class='ocrx_word' id='word_1_587' title='bbox 2397 3310 2560 3378; x_wconf 90' lang='lat' dir='ltr'><strong>idque</strong></span> <span class='ocrx_word' id='word_1_588' title='bbox 2614 3325 2723 3362; x_wconf 91' lang='lat' dir='ltr'><strong>non</strong></span> <span class='ocrx_word' id='word_1_589' title='bbox 2790 3309 2930 3377; x_wconf 90' lang='lat' dir='ltr'><strong>parti</strong></span> <span class='ocrx_word' id='word_1_590' title='bbox 2991 3309 3188 3374; x_wconf 90' lang='lat' dir='ltr'><strong>solum,</strong></span> <span class='ocrx_word' id='word_1_591' title='bbox 3248 3310 3461 3364; x_wconf 64' lang='lat' dir='ltr'><strong>cancris</strong></span> <span class='ocrx_word' id='word_1_592' title='bbox 3505 3327 3614 3364; x_wconf 90' lang='lat' dir='ltr'><strong>non</strong></span> 
     </span>
    </p>
   </div>
   <div class='ocr_carea' id='block_1_81' title="bbox 2045 3399 3617 3472">
    <p class='ocr_par' dir='ltr' id='par_1_81' title="bbox 2045 3399 3617 3472">
     <span class='ocr_line' id='line_1_81' title="bbox 2045 3399 3617 3472; baseline -0.002 -13"><span class='ocrx_word' id='word_1_593' title='bbox 2045 3405 2212 3469; x_wconf 90' lang='lat' dir='ltr'><strong>item,</strong></span> <span class='ocrx_word' id='word_1_594' title='bbox 2263 3401 2539 3472; x_wconf 91' lang='lat' dir='ltr'><strong>quomodo</strong></span> <span class='ocrx_word' id='word_1_595' title='bbox 2585 3400 2806 3470; x_wconf 90' lang='lat' dir='ltr'><strong>quidam</strong></span> <span class='ocrx_word' id='word_1_596' title='bbox 2859 3399 2927 3454; x_wconf 89' lang='lat' dir='ltr'><strong>de</strong></span> <span class='ocrx_word' id='word_1_597' title='bbox 2983 3400 3222 3454; x_wconf 87' lang='lat' dir='ltr'><strong>ethnicis</strong></span> <span class='ocrx_word' id='word_1_598' title='bbox 3269 3400 3617 3470; x_wconf 89' lang='lat' dir='ltr'><strong>philosophis</strong></span> 
     </span>
    </p>
   </div>
   <div class='ocr_carea' id='block_1_82' title="bbox 2045 3493 3619 3562">
    <p class='ocr_par' dir='ltr' id='par_1_82' title="bbox 2045 3493 3619 3562">
     <span class='ocr_line' id='line_1_82' title="bbox 2045 3493 3619 3562; baseline -0.005 -8"><span class='ocrx_word' id='word_1_599' title='bbox 2045 3505 2313 3562; x_wconf 89' lang='lat' dir='ltr'><strong>statuunt,</strong></span> <span class='ocrx_word' id='word_1_600' title='bbox 2344 3496 2438 3552; x_wconf 87' lang='lat' dir='ltr'><strong>sed</strong></span> <span class='ocrx_word' id='word_1_601' title='bbox 2469 3493 2773 3550; x_wconf 88' lang='lat' dir='ltr'><strong>secundum</strong></span> <span class='ocrx_word' id='word_1_602' title='bbox 2807 3493 3021 3546; x_wconf 92' lang='lat' dir='ltr'><strong>unicam</strong></span> <span class='ocrx_word' id='word_1_603' title='bbox 3049 3493 3311 3548; x_wconf 89' lang='lat' dir='ltr'><strong>bonitatis</strong></span> <span class='ocrx_word' id='word_1_604' title='bbox 3336 3503 3393 3547; x_wconf 91' lang='lat' dir='ltr'><strong>et</strong></span> <span class='ocrx_word' id='word_1_605' title='bbox 3421 3494 3619 3547; x_wconf 87' lang='lat' dir='ltr'><strong>immu-</strong></span> 
     </span>
    </p>
   </div>
   <div class='ocr_carea' id='block_1_83' title="bbox 2047 3583 3620 3653">
    <p class='ocr_par' dir='ltr' id='par_1_83' title="bbox 2047 3583 3620 3653">
     <span class='ocr_line' id='line_1_83' title="bbox 2047 3583 3620 3653; baseline -0.003 -9"><span class='ocrx_word' id='word_1_606' title='bbox 2047 3589 2273 3644; x_wconf 90' lang='lat' dir='ltr'><strong>tabilem</strong></span> <span class='ocrx_word' id='word_1_607' title='bbox 2318 3589 2678 3648; x_wconf 86' lang='lat' dir='ltr'><strong>voluntatem,</strong></span> <span class='ocrx_word' id='word_1_608' title='bbox 2717 3583 2931 3638; x_wconf 89' lang='lat' dir='ltr'><strong>cunctis</strong></span> <span class='ocrx_word' id='word_1_609' title='bbox 2975 3584 3265 3653; x_wconf 74' lang='lat' dir='ltr'><strong>aequaliter</strong></span> <span class='ocrx_word' id='word_1_610' title='bbox 3310 3585 3367 3639; x_wconf 93' lang='lat' dir='ltr'><strong>in</strong></span> <span class='ocrx_word' id='word_1_611' title='bbox 3399 3585 3620 3639; x_wconf 87' lang='lat' dir='ltr'><strong>univer-</strong></span> 
     </span>
    </p>
   </div>
   <div class='ocr_carea' id='block_1_84' title="bbox 2047 3675 3616 3750">
    <p class='ocr_par' dir='ltr' id='par_1_84' title="bbox 2047 3675 3616 3750">
     <span class='ocr_line' id='line_1_84' title="bbox 2047 3675 3616 3750; baseline -0.003 -14"><span class='ocrx_word' id='word_1_612' title='bbox 2047 3697 2167 3737; x_wconf 91' lang='lat' dir='ltr'><strong>sum</strong></span> <span class='ocrx_word' id='word_1_613' title='bbox 2197 3688 2253 3735; x_wconf 91' lang='lat' dir='ltr'><strong>et</strong></span> <span class='ocrx_word' id='word_1_614' title='bbox 2283 3678 2618 3750; x_wconf 81' lang='lat' dir='ltr'><strong>singulatim,</strong></span> <span class='ocrx_word' id='word_1_615' title='bbox 2649 3676 2789 3730; x_wconf 89' lang='lat' dir='ltr'><strong>bene</strong></span> <span class='ocrx_word' id='word_1_616' title='bbox 2832 3676 2986 3745; x_wconf 85' lang='lat' dir='ltr'><strong>gnari</strong></span> <span class='ocrx_word' id='word_1_617' title='bbox 3011 3675 3180 3745; x_wconf 91' lang='lat' dir='ltr'><strong>quod,</strong></span> <span class='ocrx_word' id='word_1_618' title='bbox 3215 3676 3260 3730; x_wconf 91' lang='lat' dir='ltr'><strong>si</strong></span> <span class='ocrx_word' id='word_1_619' title='bbox 3291 3692 3400 3730; x_wconf 92' lang='lat' dir='ltr'><strong>non</strong></span> <span class='ocrx_word' id='word_1_620' title='bbox 3430 3693 3616 3747; x_wconf 90' lang='lat' dir='ltr'><strong>parem</strong></span> 
     </span>
    </p>
   </div>
   <div class='ocr_carea' id='block_1_85' title="bbox 2048 3767 3622 3843">
    <p class='ocr_par' dir='ltr' id='par_1_85' title="bbox 2048 3767 3622 3843">
     <span class='ocr_line' id='line_1_85' title="bbox 2048 3767 3622 3843; baseline -0.001 -16"><span class='ocrx_word' id='word_1_621' title='bbox 2048 3773 2261 3843; x_wconf 82' lang='lat' dir='ltr'><strong>singula</strong></span> <span class='ocrx_word' id='word_1_622' title='bbox 2287 3785 2514 3841; x_wconf 62' lang='lat' dir='ltr'><strong>qumque</strong></span> <span class='ocrx_word' id='word_1_623' title='bbox 2538 3767 2938 3838; x_wconf 88' lang='lat' dir='ltr'><strong>providentiam</strong></span> <span class='ocrx_word' id='word_1_624' title='bbox 2965 3776 3127 3839; x_wconf 86' lang='lat' dir='ltr'><strong>atque</strong></span> <span class='ocrx_word' id='word_1_625' title='bbox 3161 3769 3412 3824; x_wconf 88' lang='lat' dir='ltr'><strong>idoneam</strong></span> <span class='ocrx_word' id='word_1_626' title='bbox 3438 3779 3622 3826; x_wconf 91' lang='lat' dir='ltr'><strong>custo-</strong></span> 
     </span>
    </p>
   </div>
   <div class='ocr_carea' id='block_1_86' title="bbox 2049 3860 3621 3932">
    <p class='ocr_par' dir='ltr' id='par_1_86' title="bbox 2049 3860 3621 3932">
     <span class='ocr_line' id='line_1_86' title="bbox 2049 3860 3621 3932; baseline -0.001 -14"><span class='ocrx_word' id='word_1_627' title='bbox 2049 3863 2193 3918; x_wconf 88' lang='lat' dir='ltr'><strong>diam</strong></span> <span class='ocrx_word' id='word_1_628' title='bbox 2229 3861 2542 3926; x_wconf 89' lang='lat' dir='ltr'><strong>habuerint,</strong></span> <span class='ocrx_word' id='word_1_629' title='bbox 2578 3860 2889 3914; x_wconf 90' lang='lat' dir='ltr'><strong>neccssario</strong></span> <span class='ocrx_word' id='word_1_630' title='bbox 2926 3876 3034 3914; x_wconf 89' lang='lat' dir='ltr'><strong>una</strong></span> <span class='ocrx_word' id='word_1_631' title='bbox 3065 3860 3232 3915; x_wconf 89' lang='lat' dir='ltr'><strong>etiam</strong></span> <span class='ocrx_word' id='word_1_632' title='bbox 3282 3871 3476 3917; x_wconf 88' lang='lat' dir='ltr'><strong>cuncta</strong></span> <span class='ocrx_word' id='word_1_633' title='bbox 3524 3877 3621 3932; x_wconf 86' lang='lat' dir='ltr'><strong>pe-</strong></span> 
     </span>
    </p>
   </div>
   <div class='ocr_carea' id='block_1_87' title="bbox 2050 3949 3622 4022">
    <p class='ocr_par' dir='ltr' id='par_1_87' title="bbox 2050 3949 3622 4022">
     <span class='ocr_line' id='line_1_87' title="bbox 2050 3949 3622 4022; baseline -0.001 -15"><span class='ocrx_word' id='word_1_634' title='bbox 2050 3955 2224 4008; x_wconf 90' lang='lat' dir='ltr'><strong>ritura</strong></span> <span class='ocrx_word' id='word_1_635' title='bbox 2253 3953 2364 4006; x_wconf 90' lang='lat' dir='ltr'><strong>sint</strong></span> <span class='ocrx_word' id='word_1_636' title='bbox 2393 3950 2538 4021; x_wconf 87' lang='lat' dir='ltr'><strong>(nam</strong></span> <span class='ocrx_word' id='word_1_637' title='bbox 2567 3965 2634 4003; x_wconf 81' lang='lat' dir='ltr'><strong>ex</strong></span> <span class='ocrx_word' id='word_1_638' title='bbox 2660 3949 2890 4019; x_wconf 87' lang='lat' dir='ltr'><strong>singulis</strong></span> <span class='ocrx_word' id='word_1_639' title='bbox 2918 3949 3247 4004; x_wconf 88' lang='lat' dir='ltr'><strong>universitas</strong></span> <span class='ocrx_word' id='word_1_640' title='bbox 3271 3951 3529 4022; x_wconf 85' lang='lat' dir='ltr'><strong>constat),</strong></span> <span class='ocrx_word' id='word_1_641' title='bbox 3565 3960 3622 4007; x_wconf 90' lang='lat' dir='ltr'><strong>et</strong></span> 
     </span>
    </p>
   </div>
   <div class='ocr_carea' id='block_1_88' title="bbox 2049 4038 3623 4110">
    <p class='ocr_par' dir='ltr' id='par_1_88' title="bbox 2049 4038 3623 4110">
     <span class='ocr_line' id='line_1_88' title="bbox 2049 4038 3623 4110; baseline -0.002 -12"><span class='ocrx_word' id='word_1_642' title='bbox 2049 4044 2374 4098; x_wconf 89' lang='lat' dir='ltr'><strong>rationalem</strong></span> <span class='ocrx_word' id='word_1_643' title='bbox 2427 4041 2592 4110; x_wconf 90' lang='lat' dir='ltr'><strong>hujus</strong></span> <span class='ocrx_word' id='word_1_644' title='bbox 2642 4038 2722 4094; x_wconf 91' lang='lat' dir='ltr'><strong>rei</strong></span> <span class='ocrx_word' id='word_1_645' title='bbox 2777 4038 3319 4105; x_wconf 89' lang='lat' dir='ltr'><strong>demonstrationem,</strong></span> <span class='ocrx_word' id='word_1_646' title='bbox 3358 4055 3479 4110; x_wconf 70' lang='lat' dir='ltr'><strong>qua:</strong></span> <span class='ocrx_word' id='word_1_647' title='bbox 3525 4055 3623 4110; x_wconf 89' lang='lat' dir='ltr'><strong>per</strong></span> 
     </span>
    </p>
   </div>
   <div class='ocr_carea' id='block_1_89' title="bbox 2051 4128 3621 4197">
    <p class='ocr_par' dir='ltr' id='par_1_89' title="bbox 2051 4128 3621 4197">
     <span class='ocr_line' id='line_1_89' title="bbox 2051 4128 3621 4197; baseline -0.002 -8"><span class='ocrx_word' id='word_1_648' title='bbox 2051 4135 2301 4189; x_wconf 89' lang='lat' dir='ltr'><strong>idoneam</strong></span> <span class='ocrx_word' id='word_1_649' title='bbox 2352 4128 2718 4186; x_wconf 84' lang='lat' dir='ltr'><strong>inversionem</strong></span> <span class='ocrx_word' id='word_1_650' title='bbox 2765 4129 2831 4184; x_wconf 91' lang='lat' dir='ltr'><strong>ad</strong></span> <span class='ocrx_word' id='word_1_651' title='bbox 2885 4129 3172 4184; x_wconf 86' lang='lat' dir='ltr'><strong>veritatem</strong></span> <span class='ocrx_word' id='word_1_652' title='bbox 3227 4130 3331 4185; x_wconf 89' lang='lat' dir='ltr'><strong>rite</strong></span> <span class='ocrx_word' id='word_1_653' title='bbox 3376 4131 3621 4197; x_wconf 88' lang='lat' dir='ltr'><strong>deducit,</strong></span> 
     </span>
    </p>
   </div>
   <div class='ocr_carea' id='block_1_90' title="bbox 2051 4221 3623 4296">
    <p class='ocr_par' dir='ltr' id='par_1_90' title="bbox 2051 4221 3623 4296">
     <span class='ocr_line' id='line_1_90' title="bbox 2051 4221 3623 4296; baseline -0.002 -15"><span class='ocrx_word' id='word_1_654' title='bbox 2051 4226 2153 4282; x_wconf 91' lang='lat' dir='ltr'><strong>sibi</strong></span> <span class='ocrx_word' id='word_1_655' title='bbox 2188 4232 2576 4296; x_wconf 88' lang='lat' dir='ltr'><strong>proponentes.</strong></span> <span class='ocrx_word' id='word_1_656' title='bbox 2604 4222 2741 4276; x_wconf 88' lang='lat' dir='ltr'><strong>Nam</strong></span> <span class='ocrx_word' id='word_1_657' title='bbox 2777 4221 2821 4276; x_wconf 91' lang='lat' dir='ltr'><strong>si</strong></span> <span class='ocrx_word' id='word_1_658' title='bbox 2856 4221 3112 4276; x_wconf 88' lang='lat' dir='ltr'><strong>universa</strong></span> <span class='ocrx_word' id='word_1_659' title='bbox 3147 4222 3202 4275; x_wconf 90' lang='lat' dir='ltr'><strong>in</strong></span> <span class='ocrx_word' id='word_1_660' title='bbox 3232 4223 3464 4293; x_wconf 87' lang='lat' dir='ltr'><strong>singulis</strong></span> <span class='ocrx_word' id='word_1_661' title='bbox 3488 4239 3623 4278; x_wconf 86' lang='lat' dir='ltr'><strong>con-</strong></span> 
     </span>
    </p>
   </div>
   <div class='ocr_carea' id='block_1_91' title="bbox 2051 4311 3625 4386">
    <p class='ocr_par' dir='ltr' id='par_1_91' title="bbox 2051 4311 3625 4386">
     <span class='ocr_line' id='line_1_91' title="bbox 2051 4311 3625 4386; baseline -0.001 -15"><span class='ocrx_word' id='word_1_662' title='bbox 2051 4326 2217 4382; x_wconf 89' lang='lat' dir='ltr'><strong>stant,</strong></span> <span class='ocrx_word' id='word_1_663' title='bbox 2247 4330 2426 4386; x_wconf 90' lang='lat' dir='ltr'><strong>neque</strong></span> <span class='ocrx_word' id='word_1_664' title='bbox 2455 4314 2568 4368; x_wconf 89' lang='lat' dir='ltr'><strong>ullo</strong></span> <span class='ocrx_word' id='word_1_665' title='bbox 2599 4313 2762 4367; x_wconf 91' lang='lat' dir='ltr'><strong>modo</strong></span> <span class='ocrx_word' id='word_1_666' title='bbox 2790 4328 2888 4383; x_wconf 90' lang='lat' dir='ltr'><strong>per</strong></span> <span class='ocrx_word' id='word_1_667' title='bbox 2917 4327 2975 4366; x_wconf 88' lang='lat' dir='ltr'><strong>se</strong></span> <span class='ocrx_word' id='word_1_668' title='bbox 3008 4311 3124 4382; x_wconf 90' lang='lat' dir='ltr'><strong>ipsa</strong></span> <span class='ocrx_word' id='word_1_669' title='bbox 3153 4328 3272 4368; x_wconf 89' lang='lat' dir='ltr'><strong>esse</strong></span> <span class='ocrx_word' id='word_1_670' title='bbox 3304 4322 3467 4384; x_wconf 88' lang='lat' dir='ltr'><strong>atque</strong></span> <span class='ocrx_word' id='word_1_671' title='bbox 3494 4330 3625 4370; x_wconf 91' lang='lat' dir='ltr'><strong>con-</strong></span> 
     </span>
    </p>
   </div>
   <div class='ocr_carea' id='block_1_92' title="bbox 377 4400 1936 4481">
    <p class='ocr_par' dir='ltr' id='par_1_92' title="bbox 377 4400 1936 4481">
     <span class='ocr_line' id='line_1_92' title="bbox 377 4400 1936 4481; baseline -0.005 -18"><span class='ocrx_word' id='word_1_672' title='bbox 377 4411 640 4481; x_wconf 86' lang='grc' dir='ltr'><strong>παράπαν</strong></span> <span class='ocrx_word' id='word_1_673' title='bbox 665 4407 755 4460; x_wconf 83' lang='grc' dir='ltr'><strong>τὸν</strong></span> <span class='ocrx_word' id='word_1_674' title='bbox 782 4406 876 4460; x_wconf 81' lang='grc' dir='ltr'><strong>τοῦ</strong></span> <span class='ocrx_word' id='word_1_675' title='bbox 908 4406 1032 4459; x_wconf 83' lang='grc' dir='ltr'><strong>καθ’</strong></span> <span class='ocrx_word' id='word_1_676' title='bbox 1054 4405 1196 4459; x_wconf 76' lang='grc' dir='ltr'><strong>αὑτὰ</strong></span> <span class='ocrx_word' id='word_1_677' title='bbox 1226 4400 1363 4457; x_wconf 79' lang='grc' dir='ltr'><strong>εἶναι</strong></span> <span class='ocrx_word' id='word_1_678' title='bbox 1398 4420 1458 4456; x_wconf 89' lang='grc' dir='ltr'><strong>τε</strong></span> <span class='ocrx_word' id='word_1_679' title='bbox 1505 4403 1598 4456; x_wconf 77' lang='grc' dir='ltr'><strong>καὶ</strong></span> <span class='ocrx_word' id='word_1_680' title='bbox 1647 4403 1936 4471; x_wconf 81' lang='grc' dir='ltr'><strong>ὑφεστάναι</strong></span> 
     </span>
    </p>
   </div>
   <div class='ocr_carea' id='block_1_93' title="bbox 2038 4400 3627 4481">
    <p class='ocr_par' dir='ltr' id='par_1_93' title="bbox 2049 4403 3627 4477">
     <span class='ocr_line' id='line_1_93' title="bbox 2049 4403 3627 4477; baseline -0.003 -12"><span class='ocrx_word' id='word_1_681' title='bbox 2049 4418 2214 4474; x_wconf 88' lang='lat' dir='ltr'><strong>stare,</strong></span> <span class='ocrx_word' id='word_1_682' title='bbox 2244 4414 2535 4477; x_wconf 89' lang='lat' dir='ltr'><strong>postquam</strong></span> <span class='ocrx_word' id='word_1_683' title='bbox 2566 4405 2778 4476; x_wconf 85' lang='lat' dir='ltr'><strong>singula</strong></span> <span class='ocrx_word' id='word_1_684' title='bbox 2807 4403 3141 4468; x_wconf 88' lang='lat' dir='ltr'><strong>interierint,</strong></span> <span class='ocrx_word' id='word_1_685' title='bbox 3173 4405 3398 4475; x_wconf 85' lang='lat' dir='ltr'><strong>cogitari</strong></span> <span class='ocrx_word' id='word_1_686' title='bbox 3427 4407 3627 4461; x_wconf 85' lang='lat' dir='ltr'><strong>admit-</strong></span> 
     </span>
    </p>
   </div>
   <div class='ocr_carea' id='block_1_94' title="bbox 377 4495 1946 4572">
    <p class='ocr_par' dir='ltr' id='par_1_94' title="bbox 377 4495 1946 4572">
     <span class='ocr_line' id='line_1_94' title="bbox 377 4495 1946 4572; baseline -0.005 -17"><span class='ocrx_word' id='word_1_687' title='bbox 377 4502 532 4570; x_wconf 92' lang='grc' dir='ltr'><strong>λόγον</strong></span> <span class='ocrx_word' id='word_1_688' title='bbox 563 4499 748 4572; x_wconf 64' lang='grc'><strong>(174</strong></span> <span class='ocrx_word' id='word_1_689' title='bbox 777 4501 832 4566; x_wconf 92' lang='lat' dir='ltr'><strong>a)</strong></span> <span class='ocrx_word' id='word_1_690' title='bbox 865 4497 1225 4568; x_wconf 76' lang='grc' dir='ltr'><strong>ἐπιδεχόμενα</strong></span> <span class='ocrx_word' id='word_1_691' title='bbox 1272 4495 1383 4550; x_wconf 83' lang='grc' dir='ltr'><strong>τῶν</strong></span> <span class='ocrx_word' id='word_1_692' title='bbox 1430 4496 1572 4548; x_wconf 78' lang='grc' dir='ltr'><strong>κατὰ</strong></span> <span class='ocrx_word' id='word_1_693' title='bbox 1608 4495 1772 4566; x_wconf 84' lang='grc' dir='ltr'><strong>μέρος</strong></span> <span class='ocrx_word' id='word_1_694' title='bbox 1829 4495 1946 4547; x_wconf 84' lang='grc' dir='ltr'><strong>δια-</strong></span> 
     </span>
    </p>
   </div>
   <div class='ocr_carea' id='block_1_95' title="bbox 379 4580 1950 4667">
    <p class='ocr_par' dir='ltr' id='par_1_95' title="bbox 379 4580 1950 4667">
     <span class='ocr_line' id='line_1_95' title="bbox 379 4580 1950 4667; baseline -0.006 -19"><span class='ocrx_word' id='word_1_695' title='bbox 379 4580 773 4665; x_wconf 70' lang='grc' dir='ltr'><strong>φθειρομένων,</strong></span> <span class='ocrx_word' id='word_1_696' title='bbox 795 4591 956 4667; x_wconf 82' lang='grc' dir='ltr'><strong>παντί</strong></span> <span class='ocrx_word' id='word_1_697' title='bbox 979 4607 1081 4642; x_wconf 88' lang='grc' dir='ltr'><strong>που</strong></span> <span class='ocrx_word' id='word_1_698' title='bbox 1108 4587 1266 4657; x_wconf 81' lang='grc' dir='ltr'><strong>δῆλόν</strong></span> <span class='ocrx_word' id='word_1_699' title='bbox 1293 4591 1440 4643; x_wconf 72' lang='grc' dir='ltr'><strong>ἐστιν</strong></span> <span class='ocrx_word' id='word_1_700' title='bbox 1465 4587 1541 4650; x_wconf 86' lang='grc' dir='ltr'><strong>ὡς</strong></span> <span class='ocrx_word' id='word_1_701' title='bbox 1569 4585 1689 4639; x_wconf 74' lang='grc' dir='ltr'><strong>οὑδὲ</strong></span> <span class='ocrx_word' id='word_1_702' title='bbox 1718 4586 1787 4640; x_wconf 73' lang='grc' dir='ltr'><strong>τὰ</strong></span> <span class='ocrx_word' id='word_1_703' title='bbox 1818 4586 1950 4640; x_wconf 81' lang='grc' dir='ltr'><strong>καθ-</strong></span> 
     </span>
    </p>
   </div>
   <div class='ocr_carea' id='block_1_96' title="bbox 379 4678 1948 4756">
    <p class='ocr_par' dir='ltr' id='par_1_96' title="bbox 379 4678 1948 4756">
     <span class='ocr_line' id='line_1_96' title="bbox 379 4678 1948 4756; baseline -0.006 -17"><span class='ocrx_word' id='word_1_704' title='bbox 379 4688 502 4740; x_wconf 90' lang='grc' dir='ltr'><strong>όλου</strong></span> <span class='ocrx_word' id='word_1_705' title='bbox 536 4687 814 4756; x_wconf 74' lang='grc' dir='ltr'><strong>ἀτήσεται.</strong></span> <span class='ocrx_word' id='word_1_706' title='bbox 849 4681 931 4734; x_wconf 78' lang='grc' dir='ltr'><strong>Τὰ</strong></span> <span class='ocrx_word' id='word_1_707' title='bbox 973 4681 1114 4752; x_wconf 84' lang='grc' dir='ltr'><strong>μέρη</strong></span> <span class='ocrx_word' id='word_1_708' title='bbox 1150 4680 1259 4751; x_wconf 84' lang='grc' dir='ltr'><strong>γὰρ</strong></span> <span class='ocrx_word' id='word_1_709' title='bbox 1296 4681 1352 4732; x_wconf 84' lang='grc' dir='ltr'><strong>ὲν</strong></span> <span class='ocrx_word' id='word_1_710' title='bbox 1397 4681 1519 4740; x_wconf 87' lang='grc' dir='ltr'><strong>ταῖς</strong></span> <span class='ocrx_word' id='word_1_711' title='bbox 1567 4679 1802 4750; x_wconf 76' lang='grc' dir='ltr'><strong>ὁλότησι,</strong></span> <span class='ocrx_word' id='word_1_712' title='bbox 1854 4678 1948 4731; x_wconf 69' lang='grc' dir='ltr'><strong>καὶ</strong></span> 
     </span>
    </p>
   </div>
   <div class='ocr_carea' id='block_1_97' title="bbox 377 4771 1946 4848">
    <p class='ocr_par' dir='ltr' id='par_1_97' title="bbox 377 4771 1946 4848">
     <span class='ocr_line' id='line_1_97' title="bbox 377 4771 1946 4848; baseline -0.005 -16"><span class='ocrx_word' id='word_1_713' title='bbox 377 4780 432 4832; x_wconf 74' lang='grc' dir='ltr'><strong>αἱ</strong></span> <span class='ocrx_word' id='word_1_714' title='bbox 465 4779 725 4848; x_wconf 83' lang='grc' dir='ltr'><strong>ὁλότητες</strong></span> <span class='ocrx_word' id='word_1_715' title='bbox 765 4776 822 4828; x_wconf 80' lang='grc' dir='ltr'><strong>έν</strong></span> <span class='ocrx_word' id='word_1_716' title='bbox 846 4777 955 4837; x_wconf 82' lang='grc' dir='ltr'><strong>τοῖς</strong></span> <span class='ocrx_word' id='word_1_717' title='bbox 989 4773 1180 4842; x_wconf 81' lang='grc' dir='ltr'><strong>μέρεσι</strong></span> <span class='ocrx_word' id='word_1_718' title='bbox 1212 4771 1304 4823; x_wconf 76' lang='grc' dir='ltr'><strong>κα).</strong></span> <span class='ocrx_word' id='word_1_719' title='bbox 1331 4771 1438 4823; x_wconf 74' lang='grc' dir='ltr'><strong>είσὶ</strong></span> <span class='ocrx_word' id='word_1_720' title='bbox 1467 4772 1560 4824; x_wconf 64' lang='grc' dir='ltr'><strong>καὶ</strong></span> <span class='ocrx_word' id='word_1_721' title='bbox 1587 4771 1946 4841; x_wconf 78' lang='grc' dir='ltr'><strong>ὑφεστήκασι.</strong></span> 
     </span>
    </p>
   </div>
   <div class='ocr_carea' id='block_1_98' title="bbox 378 4862 1949 4937">
    <p class='ocr_par' dir='ltr' id='par_1_98' title="bbox 378 4862 1949 4937">
     <span class='ocr_line' id='line_1_98' title="bbox 378 4862 1949 4937; baseline -0.005 -13"><span class='ocrx_word' id='word_1_722' title='bbox 378 4873 488 4924; x_wconf 71' lang='grc' dir='ltr'><strong>Καὶ</strong></span> <span class='ocrx_word' id='word_1_723' title='bbox 520 4870 693 4931; x_wconf 71' lang='grc' dir='ltr'><strong>οὐδεὶς</strong></span> <span class='ocrx_word' id='word_1_724' title='bbox 717 4868 934 4937; x_wconf 84' lang='grc' dir='ltr'><strong>ἀντερεῖ</strong></span> <span class='ocrx_word' id='word_1_725' title='bbox 954 4865 1113 4932; x_wconf 90' lang='grc' dir='ltr'><strong>λόγος</strong></span> <span class='ocrx_word' id='word_1_726' title='bbox 1133 4882 1146 4896; x_wconf 79' lang='grc'><em>’</em></span> <span class='ocrx_word' id='word_1_727' title='bbox 1177 4862 1316 4932; x_wconf 82' lang='grc' dir='ltr'><strong>πλὴν</strong></span> <span class='ocrx_word' id='word_1_728' title='bbox 1342 4863 1424 4917; x_wconf 84' lang='grc' dir='ltr'><strong>ὅτι</strong></span> <span class='ocrx_word' id='word_1_729' title='bbox 1445 4862 1549 4916; x_wconf 83' lang='grc' dir='ltr'><strong>ὑπὸ</strong></span> <span class='ocrx_word' id='word_1_730' title='bbox 1570 4863 1668 4932; x_wconf 84' lang='grc' dir='ltr'><strong>τῆς</strong></span> <span class='ocrx_word' id='word_1_731' title='bbox 1693 4863 1949 4933; x_wconf 77' lang='grc' dir='ltr'><strong>ἀληθείας</strong></span> 
     </span>
    </p>
   </div>
   <div class='ocr_carea' id='block_1_99' title="bbox 377 4955 1949 5033">
    <p class='ocr_par' dir='ltr' id='par_1_99' title="bbox 377 4955 1949 5033">
     <span class='ocr_line' id='line_1_99' title="bbox 377 4955 1949 5033; baseline -0.004 -16"><span class='ocrx_word' id='word_1_732' title='bbox 377 4964 564 5033; x_wconf 86' lang='grc' dir='ltr'><strong>ῶσπερ</strong></span> <span class='ocrx_word' id='word_1_733' title='bbox 588 4960 950 5030; x_wconf 84' lang='grc' dir='ltr'><strong>δεσμούμενοι</strong></span> <span class='ocrx_word' id='word_1_734' title='bbox 979 4958 1205 5019; x_wconf 83' lang='grc' dir='ltr'><strong>ἄκοντες</strong></span> <span class='ocrx_word' id='word_1_735' title='bbox 1237 4957 1332 5008; x_wconf 68' lang='grc' dir='ltr'><strong>καὶ</strong></span> <span class='ocrx_word' id='word_1_736' title='bbox 1362 4955 1515 5008; x_wconf 75' lang='grc' dir='ltr'><strong>αὑτοὶ</strong></span> <span class='ocrx_word' id='word_1_737' title='bbox 1547 4955 1649 5024; x_wconf 80' lang='grc' dir='ltr'><strong>τῆς</strong></span> <span class='ocrx_word' id='word_1_738' title='bbox 1694 4957 1949 5027; x_wconf 84' lang='grc' dir='ltr'><strong>προνοίας</strong></span> 
     </span>
    </p>
   </div>
   <div class='ocr_carea' id='block_1_100' title="bbox 379 5043 1948 5122">
    <p class='ocr_par' dir='ltr' id='par_1_100' title="bbox 379 5043 1948 5122">
     <span class='ocr_line' id='line_1_100' title="bbox 379 5043 1948 5122; baseline -0.003 -18"><span class='ocrx_word' id='word_1_739' title='bbox 379 5051 474 5122; x_wconf 84' lang='grc' dir='ltr'><strong>τὴν</strong></span> <span class='ocrx_word' id='word_1_740' title='bbox 501 5051 730 5120; x_wconf 84' lang='grc' dir='ltr'><strong>δύναμιν</strong></span> <span class='ocrx_word' id='word_1_741' title='bbox 752 5045 1134 5114; x_wconf 79' lang='grc' dir='ltr'><strong>έξαγγέλλουσι</strong></span> <span class='ocrx_word' id='word_1_742' title='bbox 1160 5043 1256 5097; x_wconf 73' lang='grc' dir='ltr'><strong>καὶ</strong></span> <span class='ocrx_word' id='word_1_743' title='bbox 1277 5043 1364 5096; x_wconf 77' lang='grc' dir='ltr'><strong>διὰ</strong></span> <span class='ocrx_word' id='word_1_744' title='bbox 1389 5043 1607 5097; x_wconf 86' lang='grc' dir='ltr'><strong>πάντων</strong></span> <span class='ocrx_word' id='word_1_745' title='bbox 1627 5043 1832 5114; x_wconf 84' lang='grc' dir='ltr'><strong>διήκειν</strong></span> <span class='ocrx_word' id='word_1_746' title='bbox 1847 5063 1948 5099; x_wconf 82' lang='grc' dir='ltr'><strong>κα-</strong></span> 
     </span>
    </p>
   </div>
   <div class='ocr_carea' id='block_1_101' title="bbox 379 5129 1948 5203">
    <p class='ocr_par' dir='ltr' id='par_1_101' title="bbox 379 5129 1948 5203">
     <span class='ocr_line' id='line_1_101' title="bbox 379 5129 1948 5203; baseline -0.004 -9"><span class='ocrx_word' id='word_1_747' title='bbox 379 5138 778 5202; x_wconf 75' lang='grc' dir='ltr'><strong>τασκευάζουσι</strong></span> <span class='ocrx_word' id='word_1_748' title='bbox 803 5137 872 5189; x_wconf 75' lang='grc' dir='ltr'><strong>δι’</strong></span> <span class='ocrx_word' id='word_1_749' title='bbox 903 5129 977 5189; x_wconf 83' lang='grc' dir='ltr'><strong>ὧν</strong></span> <span class='ocrx_word' id='word_1_750' title='bbox 1008 5134 1190 5192; x_wconf 84' lang='grc' dir='ltr'><strong>αὑτοῖς</strong></span> <span class='ocrx_word' id='word_1_751' title='bbox 1238 5132 1707 5187; x_wconf 86' lang='grc' dir='ltr'><strong>κατεσποὺδασαν.</strong></span> <span class='ocrx_word' id='word_1_752' title='bbox 1749 5136 1948 5203; x_wconf 87' lang='grc' dir='ltr'><strong>Λέγον-</strong></span> 
     </span>
    </p>
   </div>
   <div class='ocr_carea' id='block_1_102' title="bbox 378 5225 1946 5303">
    <p class='ocr_par' dir='ltr' id='par_1_102' title="bbox 378 5225 1946 5303">
     <span class='ocr_line' id='line_1_102' title="bbox 378 5225 1946 5303; baseline -0.003 -18"><span class='ocrx_word' id='word_1_753' title='bbox 378 5250 468 5294; x_wconf 86' lang='grc' dir='ltr'><strong>τες</strong></span> <span class='ocrx_word' id='word_1_754' title='bbox 501 5231 609 5303; x_wconf 80' lang='grc' dir='ltr'><strong>γὰρ</strong></span> <span class='ocrx_word' id='word_1_755' title='bbox 644 5229 752 5283; x_wconf 81' lang='grc' dir='ltr'><strong>ὑπὸ</strong></span> <span class='ocrx_word' id='word_1_756' title='bbox 781 5228 876 5296; x_wconf 81' lang='grc' dir='ltr'><strong>τῆς</strong></span> <span class='ocrx_word' id='word_1_757' title='bbox 904 5229 1160 5297; x_wconf 82' lang='grc' dir='ltr'><strong>προνοίας</strong></span> <span class='ocrx_word' id='word_1_758' title='bbox 1183 5225 1408 5294; x_wconf 81' lang='grc' dir='ltr'><strong>ἄγεσθαι</strong></span> <span class='ocrx_word' id='word_1_759' title='bbox 1438 5225 1573 5294; x_wconf 82' lang='grc' dir='ltr'><strong>μόνα</strong></span> <span class='ocrx_word' id='word_1_760' title='bbox 1604 5225 1672 5279; x_wconf 85' lang='grc' dir='ltr'><strong>τά</strong></span> <span class='ocrx_word' id='word_1_761' title='bbox 1699 5225 1946 5292; x_wconf 85' lang='grc' dir='ltr'><strong>καθόλου,</strong></span> 
     </span>
    </p>
   </div>
   <div class='ocr_carea' id='block_1_103' title="bbox 379 5314 1949 5393">
    <p class='ocr_par' dir='ltr' id='par_1_103' title="bbox 379 5314 1949 5393">
     <span class='ocr_line' id='line_1_103' title="bbox 379 5314 1949 5393; baseline -0.01 -17"><span class='ocrx_word' id='word_1_762' title='bbox 379 5324 669 5393; x_wconf 77' lang='grc' dir='ltr'><strong>λελήθασιν</strong></span> <span class='ocrx_word' id='word_1_763' title='bbox 704 5320 934 5382; x_wconf 75' lang='grc' dir='ltr'><strong>ἑαυτοὺς</strong></span> <span class='ocrx_word' id='word_1_764' title='bbox 965 5319 1056 5373; x_wconf 73' lang='grc' dir='ltr'><strong>καὶ</strong></span> <span class='ocrx_word' id='word_1_765' title='bbox 1097 5319 1205 5371; x_wconf 87' lang='grc' dir='ltr'><strong>τῶν</strong></span> <span class='ocrx_word' id='word_1_766' title='bbox 1246 5318 1384 5371; x_wconf 83' lang='grc' dir='ltr'><strong>κατὰ</strong></span> <span class='ocrx_word' id='word_1_767' title='bbox 1431 5317 1596 5388; x_wconf 86' lang='grc' dir='ltr'><strong>μέρος</strong></span> <span class='ocrx_word' id='word_1_768' title='bbox 1631 5314 1773 5372; x_wconf 79' lang='grc' dir='ltr'><strong>εἷναι</strong></span> <span class='ocrx_word' id='word_1_769' title='bbox 1816 5320 1949 5388; x_wconf 78' lang='grc' dir='ltr'><strong>πρὸ.</strong></span> 
     </span>
    </p>
   </div>
   <div class='ocr_carea' id='block_1_104' title="bbox 2054 4495 3625 4567">
    <p class='ocr_par' dir='ltr' id='par_1_104' title="bbox 2054 4495 3625 4567">
     <span class='ocr_line' id='line_1_104' title="bbox 2054 4495 3625 4567; baseline 0 -13"><span class='ocrx_word' id='word_1_770' title='bbox 2054 4509 2196 4564; x_wconf 84' lang='grc' dir='ltr'><strong>ιυηι,</strong></span> <span class='ocrx_word' id='word_1_771' title='bbox 2232 4514 2414 4562; x_wconf 91' lang='lat' dir='ltr'><strong>nemo,</strong></span> <span class='ocrx_word' id='word_1_772' title='bbox 2445 4505 2598 4567; x_wconf 86' lang='lat' dir='ltr'><strong>puto,</strong></span> <span class='ocrx_word' id='word_1_773' title='bbox 2627 4512 2736 4551; x_wconf 92' lang='lat' dir='ltr'><strong>non</strong></span> <span class='ocrx_word' id='word_1_774' title='bbox 2771 4495 2982 4551; x_wconf 89' lang='lat' dir='ltr'><strong>videbit</strong></span> <span class='ocrx_word' id='word_1_775' title='bbox 3009 4511 3112 4550; x_wconf 92' lang='lat' dir='ltr'><strong>nec</strong></span> <span class='ocrx_word' id='word_1_776' title='bbox 3153 4497 3269 4566; x_wconf 90' lang='lat' dir='ltr'><strong>ipsa</strong></span> <span class='ocrx_word' id='word_1_777' title='bbox 3300 4512 3460 4567; x_wconf 89' lang='lat' dir='ltr'><strong>posse</strong></span> <span class='ocrx_word' id='word_1_778' title='bbox 3503 4500 3625 4554; x_wconf 89' lang='lat' dir='ltr'><strong>uni—</strong></span> 
     </span>
    </p>
   </div>
   <div class='ocr_carea' id='block_1_105' title="bbox 2051 4585 3622 4651">
    <p class='ocr_par' dir='ltr' id='par_1_105' title="bbox 2051 4585 3622 4651">
     <span class='ocr_line' id='line_1_105' title="bbox 2051 4585 3622 4651; baseline -0.001 -6"><span class='ocrx_word' id='word_1_779' title='bbox 2051 4607 2209 4645; x_wconf 86' lang='lat' dir='ltr'><strong>versa</strong></span> <span class='ocrx_word' id='word_1_780' title='bbox 2241 4589 2629 4644; x_wconf 88' lang='lat' dir='ltr'><strong>starc.&#39;Partes</strong></span> <span class='ocrx_word' id='word_1_781' title='bbox 2659 4587 2806 4641; x_wconf 89' lang='lat' dir='ltr'><strong>enim</strong></span> <span class='ocrx_word' id='word_1_782' title='bbox 2845 4586 2897 4640; x_wconf 93' lang='lat' dir='ltr'><strong>in</strong></span> <span class='ocrx_word' id='word_1_783' title='bbox 2946 4585 3176 4651; x_wconf 88' lang='lat' dir='ltr'><strong>totitatc,</strong></span> <span class='ocrx_word' id='word_1_784' title='bbox 3207 4594 3262 4641; x_wconf 91' lang='lat' dir='ltr'><strong>et</strong></span> <span class='ocrx_word' id='word_1_785' title='bbox 3295 4588 3538 4644; x_wconf 84' lang='lat' dir='ltr'><strong>totitates</strong></span> <span class='ocrx_word' id='word_1_786' title='bbox 3569 4591 3622 4644; x_wconf 90' lang='lat' dir='ltr'><strong>in</strong></span> 
     </span>
    </p>
   </div>
   <div class='ocr_carea' id='block_1_106' title="bbox 2053 4674 3624 4750">
    <p class='ocr_par' dir='ltr' id='par_1_106' title="bbox 2053 4674 3624 4750">
     <span class='ocr_line' id='line_1_106' title="bbox 2053 4674 3624 4750; baseline -0.002 -16"><span class='ocrx_word' id='word_1_787' title='bbox 2053 4680 2299 4750; x_wconf 88' lang='lat' dir='ltr'><strong>partibus</strong></span> <span class='ocrx_word' id='word_1_788' title='bbox 2321 4687 2428 4732; x_wconf 91' lang='lat' dir='ltr'><strong>tam</strong></span> <span class='ocrx_word' id='word_1_789' title='bbox 2456 4685 2583 4731; x_wconf 86' lang='lat' dir='ltr'><strong>sunt</strong></span> <span class='ocrx_word' id='word_1_790' title='bbox 2606 4691 2768 4746; x_wconf 90' lang='lat' dir='ltr'><strong>quam</strong></span> <span class='ocrx_word' id='word_1_791' title='bbox 2795 4674 3122 4730; x_wconf 90' lang='lat' dir='ltr'><strong>subsistunt.</strong></span> <span class='ocrx_word' id='word_1_792' title='bbox 3144 4675 3332 4744; x_wconf 88' lang='lat' dir='ltr'><strong>Neque</strong></span> <span class='ocrx_word' id='word_1_793' title='bbox 3354 4677 3462 4730; x_wconf 89' lang='lat' dir='ltr'><strong>ulla</strong></span> <span class='ocrx_word' id='word_1_794' title='bbox 3487 4678 3624 4731; x_wconf 88' lang='lat' dir='ltr'><strong>ratio</strong></span> 
     </span>
    </p>
   </div>
   <div class='ocr_carea' id='block_1_107' title="bbox 2053 4766 3623 4841">
    <p class='ocr_par' dir='ltr' id='par_1_107' title="bbox 2053 4766 3623 4841">
     <span class='ocr_line' id='line_1_107' title="bbox 2053 4766 3623 4841; baseline -0.004 -13"><span class='ocrx_word' id='word_1_795' title='bbox 2053 4773 2410 4841; x_wconf 90' lang='lat' dir='ltr'><strong>obloquetur;</strong></span> <span class='ocrx_word' id='word_1_796' title='bbox 2440 4767 2544 4821; x_wconf 91' lang='lat' dir='ltr'><strong>nisi</strong></span> <span class='ocrx_word' id='word_1_797' title='bbox 2571 4767 2717 4836; x_wconf 87' lang='lat' dir='ltr'><strong>quod</strong></span> <span class='ocrx_word' id='word_1_798' title='bbox 2745 4782 2775 4819; x_wconf 92' lang='lat' dir='ltr'><strong>a</strong></span> <span class='ocrx_word' id='word_1_799' title='bbox 2796 4766 3027 4821; x_wconf 89' lang='lat' dir='ltr'><strong>veritate</strong></span> <span class='ocrx_word' id='word_1_800' title='bbox 3059 4773 3313 4835; x_wconf 87' lang='lat' dir='ltr'><strong>tanquam</strong></span> <span class='ocrx_word' id='word_1_801' title='bbox 3342 4768 3623 4822; x_wconf 90' lang='lat' dir='ltr'><strong>constricti</strong></span> 
     </span>
    </p>
   </div>
   <div class='ocr_carea' id='block_1_108' title="bbox 2051 4858 3628 4932">
    <p class='ocr_par' dir='ltr' id='par_1_108' title="bbox 2051 4858 3628 4932">
     <span class='ocr_line' id='line_1_108' title="bbox 2051 4858 3628 4932; baseline -0.006 -11"><span class='ocrx_word' id='word_1_802' title='bbox 2051 4865 2209 4920; x_wconf 90' lang='lat' dir='ltr'><strong>inviti</strong></span> <span class='ocrx_word' id='word_1_803' title='bbox 2240 4863 2326 4919; x_wconf 88' lang='lat' dir='ltr'><strong>vel</strong></span> <span class='ocrx_word' id='word_1_804' title='bbox 2361 4862 2466 4932; x_wconf 90' lang='lat' dir='ltr'><strong>ipsi</strong></span> <span class='ocrx_word' id='word_1_805' title='bbox 2509 4859 2870 4930; x_wconf 69' lang='lat' dir='ltr'><strong>providentia:</strong></span> <span class='ocrx_word' id='word_1_806' title='bbox 2901 4859 3012 4912; x_wconf 90' lang='lat' dir='ltr'><strong>vim</strong></span> <span class='ocrx_word' id='word_1_807' title='bbox 3049 4858 3347 4928; x_wconf 64' lang='lat' dir='ltr'><strong>prtedicant</strong></span> <span class='ocrx_word' id='word_1_808' title='bbox 3379 4875 3478 4929; x_wconf 90' lang='lat' dir='ltr'><strong>per</strong></span> <span class='ocrx_word' id='word_1_809' title='bbox 3510 4876 3628 4915; x_wconf 85' lang='lat' dir='ltr'><strong>om-</strong></span> 
     </span>
    </p>
   </div>
   <div class='ocr_carea' id='block_1_109' title="bbox 2050 4949 3628 5022">
    <p class='ocr_par' dir='ltr' id='par_1_109' title="bbox 2050 4949 3628 5022">
     <span class='ocr_line' id='line_1_109' title="bbox 2050 4949 3628 5022; baseline -0.005 -10"><span class='ocrx_word' id='word_1_810' title='bbox 2050 4958 2142 5012; x_wconf 91' lang='lat' dir='ltr'><strong>nia</strong></span> <span class='ocrx_word' id='word_1_811' title='bbox 2170 4969 2394 5012; x_wconf 89' lang='lat' dir='ltr'><strong>currere</strong></span> <span class='ocrx_word' id='word_1_812' title='bbox 2420 4960 2584 5022; x_wconf 89' lang='lat' dir='ltr'><strong>atque</strong></span> <span class='ocrx_word' id='word_1_813' title='bbox 2617 4958 2872 5005; x_wconf 88' lang='lat' dir='ltr'><strong>astruunt</strong></span> <span class='ocrx_word' id='word_1_814' title='bbox 2900 4965 3000 5020; x_wconf 87' lang='lat' dir='ltr'><strong>per</strong></span> <span class='ocrx_word' id='word_1_815' title='bbox 3025 4964 3088 5003; x_wconf 90' lang='lat' dir='ltr'><strong>ea</strong></span> <span class='ocrx_word' id='word_1_816' title='bbox 3119 4949 3320 5018; x_wconf 90' lang='lat' dir='ltr'><strong>quibus</strong></span> <span class='ocrx_word' id='word_1_817' title='bbox 3354 4949 3457 5003; x_wconf 92' lang='lat' dir='ltr'><strong>sibi</strong></span> <span class='ocrx_word' id='word_1_818' title='bbox 3485 4961 3628 5004; x_wconf 85' lang='lat' dir='ltr'><strong>sata-</strong></span> 
     </span>
    </p>
   </div>
   <div class='ocr_carea' id='block_1_110' title="bbox 2051 5039 3628 5119">
    <p class='ocr_par' dir='ltr' id='par_1_110' title="bbox 2051 5039 3628 5119">
     <span class='ocr_line' id='line_1_110' title="bbox 2051 5039 3628 5119; baseline -0.004 -17"><span class='ocrx_word' id='word_1_819' title='bbox 2051 5055 2205 5119; x_wconf 80' lang='lat' dir='ltr'><strong>gunt.</strong></span> <span class='ocrx_word' id='word_1_820' title='bbox 2244 5045 2500 5100; x_wconf 90' lang='lat' dir='ltr'><strong>Dicentes</strong></span> <span class='ocrx_word' id='word_1_821' title='bbox 2528 5041 2674 5097; x_wconf 92' lang='lat' dir='ltr'><strong>enim</strong></span> <span class='ocrx_word' id='word_1_822' title='bbox 2703 5056 2731 5094; x_wconf 91' lang='lat' dir='ltr'><strong>a</strong></span> <span class='ocrx_word' id='word_1_823' title='bbox 2762 5039 3108 5110; x_wconf 87' lang='lat' dir='ltr'><strong>providentia</strong></span> <span class='ocrx_word' id='word_1_824' title='bbox 3133 5040 3475 5095; x_wconf 88' lang='lat' dir='ltr'><strong>solummodo</strong></span> <span class='ocrx_word' id='word_1_825' title='bbox 3507 5043 3628 5095; x_wconf 86' lang='lat' dir='ltr'><strong>uni-</strong></span> 
     </span>
    </p>
   </div>
   <div class='ocr_carea' id='block_1_111' title="bbox 2051 5130 3627 5203">
    <p class='ocr_par' dir='ltr' id='par_1_111' title="bbox 2051 5130 3627 5203">
     <span class='ocr_line' id='line_1_111' title="bbox 2051 5130 3627 5203; baseline -0.004 -10"><span class='ocrx_word' id='word_1_826' title='bbox 2051 5152 2210 5193; x_wconf 86' lang='lat' dir='ltr'><strong>versa</strong></span> <span class='ocrx_word' id='word_1_827' title='bbox 2257 5134 2420 5199; x_wconf 88' lang='lat' dir='ltr'><strong>duci,</strong></span> <span class='ocrx_word' id='word_1_828' title='bbox 2467 5131 2826 5203; x_wconf 69' lang='lat' dir='ltr'><strong>providentiae</strong></span> <span class='ocrx_word' id='word_1_829' title='bbox 2873 5130 2927 5183; x_wconf 91' lang='lat' dir='ltr'><strong>in</strong></span> <span class='ocrx_word' id='word_1_830' title='bbox 2985 5131 3510 5185; x_wconf 82' lang='lat' dir='ltr'><strong>commemoratione</strong></span> <span class='ocrx_word' id='word_1_831' title='bbox 3569 5147 3627 5186; x_wconf 91' lang='lat' dir='ltr'><strong>se</strong></span> 
     </span>
    </p>
   </div>
   <div class='ocr_carea' id='block_1_112' title="bbox 2053 5222 3625 5300">
    <p class='ocr_par' dir='ltr' id='par_1_112' title="bbox 2053 5222 3625 5300">
     <span class='ocr_line' id='line_1_112' title="bbox 2053 5222 3625 5300; baseline -0.006 -15"><span class='ocrx_word' id='word_1_832' title='bbox 2053 5231 2202 5300; x_wconf 89' lang='lat' dir='ltr'><strong>ipsos</strong></span> <span class='ocrx_word' id='word_1_833' title='bbox 2242 5243 2363 5283; x_wconf 85' lang='lat' dir='ltr'><strong>esse</strong></span> <span class='ocrx_word' id='word_1_834' title='bbox 2398 5225 2698 5296; x_wconf 88' lang='lat' dir='ltr'><strong>particulas</strong></span> <span class='ocrx_word' id='word_1_835' title='bbox 2741 5222 3164 5286; x_wconf 86' lang='lat' dir='ltr'><strong>obliviscuntur,</strong></span> <span class='ocrx_word' id='word_1_836' title='bbox 3201 5223 3524 5278; x_wconf 88' lang='lat' dir='ltr'><strong>necessitate</strong></span> <span class='ocrx_word' id='word_1_837' title='bbox 3558 5224 3625 5277; x_wconf 87' lang='lat' dir='ltr'><strong>ad</strong></span> 
     </span>
    </p>
   </div>
   <div class='ocr_carea' id='block_1_113' title="bbox 2048 5311 3627 5386">
    <p class='ocr_par' dir='ltr' id='par_1_113' title="bbox 2048 5311 3627 5386">
     <span class='ocr_line' id='line_1_113' title="bbox 2048 5311 3627 5386; baseline -0.003 -13"><span class='ocrx_word' id='word_1_838' title='bbox 2048 5321 2356 5383; x_wconf 87' lang='lat' dir='ltr'><strong>veritatem,</strong></span> <span class='ocrx_word' id='word_1_839' title='bbox 2389 5331 2550 5386; x_wconf 88' lang='lat' dir='ltr'><strong>quam</strong></span> <span class='ocrx_word' id='word_1_840' title='bbox 2586 5313 2831 5368; x_wconf 87' lang='lat' dir='ltr'><strong>devitarc</strong></span> <span class='ocrx_word' id='word_1_841' title='bbox 2861 5311 3104 5376; x_wconf 88' lang='lat' dir='ltr'><strong>student,</strong></span> <span class='ocrx_word' id='word_1_842' title='bbox 3139 5312 3382 5368; x_wconf 88' lang='lat' dir='ltr'><strong>deducti.</strong></span> <span class='ocrx_word' id='word_1_843' title='bbox 3415 5314 3549 5368; x_wconf 84' lang='lat' dir='ltr'><strong>Nam</strong></span> <span class='ocrx_word' id='word_1_844' title='bbox 3581 5315 3627 5368; x_wconf 91' lang='lat' dir='ltr'><strong>si</strong></span> 
     </span>
    </p>
   </div>
   <div class='ocr_carea' id='block_1_114' title="bbox 381 5405 1936 5482">
    <p class='ocr_par' dir='ltr' id='par_1_114' title="bbox 381 5409 1936 5481">
     <span class='ocr_line' id='line_1_114' title="bbox 381 5409 1936 5481; baseline -0.005 -11"><span class='ocrx_word' id='word_1_845' title='bbox 381 5433 529 5470; x_wconf 88' lang='grc' dir='ltr'><strong>νοιαν</strong></span> <span class='ocrx_word' id='word_1_846' title='bbox 553 5415 829 5481; x_wconf 80' lang='grc' dir='ltr'><strong>λέγοντες,</strong></span> <span class='ocrx_word' id='word_1_847' title='bbox 859 5411 918 5474; x_wconf 82' lang='grc' dir='ltr'>ἐξ</span> <span class='ocrx_word' id='word_1_848' title='bbox 950 5412 1198 5478; x_wconf 85' lang='grc' dir='ltr'><strong>ἀνάγκης</strong></span> <span class='ocrx_word' id='word_1_849' title='bbox 1226 5409 1361 5479; x_wconf 82' lang='grc' dir='ltr'><strong>πρὸς</strong></span> <span class='ocrx_word' id='word_1_850' title='bbox 1411 5410 1510 5479; x_wconf 77' lang='grc' dir='ltr'><strong>τὴν</strong></span> <span class='ocrx_word' id='word_1_851' title='bbox 1555 5409 1832 5480; x_wconf 76' lang='grc' dir='ltr'><strong>ἀλήθειαν,</strong></span> <span class='ocrx_word' id='word_1_852' title='bbox 1885 5410 1936 5480; x_wconf 58' lang='grc' dir='ltr'><strong>ἧι</strong></span> 
     </span>
    </p>
   </div>
   <div class='ocr_carea' id='block_1_115' title="bbox 2038 5405 3626 5482">
    <p class='ocr_par' dir='ltr' id='par_1_115' title="bbox 2047 5405 3626 5482">
     <span class='ocr_line' id='line_1_115' title="bbox 2047 5405 3626 5482; baseline -0.003 -17"><span class='ocrx_word' id='word_1_853' title='bbox 2047 5408 2409 5482; x_wconf 88' lang='lat' dir='ltr'><strong>perennitatis</strong></span> <span class='ocrx_word' id='word_1_854' title='bbox 2440 5407 2613 5478; x_wconf 86' lang='lat' dir='ltr'><strong>gratia</strong></span> <span class='ocrx_word' id='word_1_855' title='bbox 2648 5405 2904 5459; x_wconf 79' lang='lat' dir='ltr'><strong>uniVersa</strong></span> <span class='ocrx_word' id='word_1_856' title='bbox 2952 5413 3180 5458; x_wconf 87' lang='lat' dir='ltr'><strong>censent</strong></span> <span class='ocrx_word' id='word_1_857' title='bbox 3225 5406 3626 5474; x_wconf 87' lang='lat' dir='ltr'><strong>providentiam</strong></span> 
     </span>
    </p>
   </div>
   <div class='ocr_carea' id='block_1_116' title="bbox 380 5495 1936 5576">
    <p class='ocr_par' dir='ltr' id='par_1_116' title="bbox 380 5500 1936 5576">
     <span class='ocr_line' id='line_1_116' title="bbox 380 5500 1936 5576; baseline -0.008 -15"><span class='ocrx_word' id='word_1_858' title='bbox 380 5506 604 5576; x_wconf 79' lang='grc' dir='ltr'><strong>φεύγειν</strong></span> <span class='ocrx_word' id='word_1_859' title='bbox 651 5501 1066 5567; x_wconf 75' lang='grc' dir='ltr'><strong>σπουδάζουσιν,</strong></span> <span class='ocrx_word' id='word_1_860' title='bbox 1112 5501 1468 5570; x_wconf 86' lang='grc' dir='ltr'><strong>ὑπαγόμενοι.</strong></span> <span class='ocrx_word' id='word_1_861' title='bbox 1525 5501 1586 5552; x_wconf 86' lang='grc' dir='ltr'>Εἰ</span> <span class='ocrx_word' id='word_1_862' title='bbox 1636 5500 1744 5571; x_wconf 68' lang='grc' dir='ltr'><strong>γὰρ</strong></span> <span class='ocrx_word' id='word_1_863' title='bbox 1791 5501 1936 5571; x_wconf 58' lang='grc' dir='ltr'><strong>χάριπ</strong></span> 
     </span>
    </p>
   </div>
   <div class='ocr_carea' id='block_1_117' title="bbox 2038 5495 3627 5576">
    <p class='ocr_par' dir='ltr' id='par_1_117' title="bbox 2051 5495 3627 5567">
     <span class='ocr_line' id='line_1_117' title="bbox 2051 5495 3627 5567; baseline -0.003 -12"><span class='ocrx_word' id='word_1_864' title='bbox 2051 5501 2272 5564; x_wconf 85' lang='lat' dir='ltr'><strong>mereri,</strong></span> <span class='ocrx_word' id='word_1_865' title='bbox 2303 5514 2423 5555; x_wconf 88' lang='lat' dir='ltr'><strong>eam</strong></span> <span class='ocrx_word' id='word_1_866' title='bbox 2454 5498 2627 5553; x_wconf 86' lang='lat' dir='ltr'><strong>multo</strong></span> <span class='ocrx_word' id='word_1_867' title='bbox 2668 5496 2834 5553; x_wconf 89' lang='lat' dir='ltr'><strong>citius</strong></span> <span class='ocrx_word' id='word_1_868' title='bbox 2874 5497 3074 5550; x_wconf 88' lang='lat' dir='ltr'><strong>mereri</strong></span> <span class='ocrx_word' id='word_1_869' title='bbox 3117 5495 3329 5567; x_wconf 83' lang='lat' dir='ltr'><strong>singula</strong></span> <span class='ocrx_word' id='word_1_870' title='bbox 3356 5505 3627 5563; x_wconf 89' lang='lat' dir='ltr'><strong>statuunt,</strong></span> 
     </span>
    </p>
   </div>
   <div class='ocr_carea' id='block_1_118' title="bbox 1663 5615 2342 5673">
    <p class='ocr_par' dir='ltr' id='par_1_118' title="bbox 1663 5615 2342 5673">
     <span class='ocr_line' id='line_1_118' title="bbox 1663 5615 2342 5673; baseline 0.004 -4"><span class='ocrx_word' id='word_1_871' title='bbox 1663 5617 1895 5672; x_wconf 67' lang='grc' dir='ltr'><strong>νΑιιιΑῑ</strong></span> <span class='ocrx_word' id='word_1_872' title='bbox 1942 5615 2342 5673; x_wconf 72' lang='lat' dir='ltr'><strong>LECTIONES.</strong></span> 
     </span>
    </p>
   </div>
   <div class='ocr_carea' id='block_1_119' title="bbox 454 5687 1052 5760">
    <p class='ocr_par' dir='ltr' id='par_1_119' title="bbox 454 5687 1052 5760">
     <span class='ocr_line' id='line_1_119' title="bbox 454 5687 1052 5760; baseline -0.01 -14"><span class='ocrx_word' id='word_1_873' title='bbox 454 5692 498 5725; x_wconf 81' lang='grc'><strong>¹⁰</strong></span> <span class='ocrx_word' id='word_1_874' title='bbox 531 5693 716 5760; x_wconf 79' lang='grc' dir='ltr'><strong>σοφοῖς</strong></span> <span class='ocrx_word' id='word_1_875' title='bbox 754 5687 878 5742; x_wconf 88' lang='lat' dir='ltr'><strong>cod.</strong></span> <span class='ocrx_word' id='word_1_876' title='bbox 912 5688 1052 5743; x_wconf 85' lang='lat' dir='ltr'><strong>Gud.</strong></span> 
     </span>
    </p>
   </div>
  </div>
