4038 6146
565 241 698 307 1191

563 360 619 412 in
649 360 854 428 quibus
886 370 994 414 stat
1027 362 1411 417 universorum
1447 363 1763 432 perennitas
1790 371 1844 415 et
1887 363 2139 415 substan-

561 451 655 504 tia.
689 451 904 504 Etenim
936 452 1098 506 simul
1142 453 1455 508 aﬁiciuntur
1499 456 1862 523 perennitate,
1913 466 2136 523 propter

557 541 863 594 naturalem
911 549 966 593 et
1001 541 1436 597 indissolubilem
1468 545 1615 599 inter
1641 560 1762 600 sese
1791 546 2132 610 relationem,

560 627 633 681 ita
669 639 730 682 ut
759 630 932 683 altero
960 633 1012 685 in
1043 635 1446 700 perennitatem
1490 645 1837 700 conservato,
1864 654 1967 692 nec
2000 639 2137 693 alte-

559 733 679 772 rum
727 720 796 773 ab
845 719 948 776 hac
980 724 1226 778 custodia
1274 726 1450 780 aliena
1494 741 1636 789 esse,
1671 737 1729 781 et
1774 743 1966 782 rursus
2007 744 2133 783 cum

559 807 792 862 alterum
840 811 944 864 hac
992 815 1352 880 perennitatis
1399 817 1646 871 custodia
1692 818 1984 882 exciderit,
2034 835 2135 875 nec

559 898 794 953 alterum
823 915 888 954 ea
933 901 1072 957 allici
1105 905 1288 960 dicere
1326 922 1425 975 par
1457 908 1550 961 sit.
1580 907 1779 963 Tribus
1805 925 1936 964 vero
1965 910 2136 979 potis-

555 986 757 1040 simum
785 990 963 1044 modis
986 991 1157 1047 Deum
1185 996 1444 1050 omnibus
1467 997 1757 1066 providere
1785 1011 2002 1068 negant.
2027 1001 2135 1056 Aut

553 1078 700 1130 enim
738 1079 988 1148 ignorare
1030 1099 1156 1138 eum
1197 1087 1557 1156 providentiae
1590 1090 1733 1144 viam
1773 1106 1837 1145 ac
1867 1093 2131 1146 rationem

554 1167 767 1234 dicunt,
797 1183 893 1227 aut
925 1175 1091 1238 nolle,
1125 1186 1218 1230 aut
1253 1194 1360 1232 non
1404 1196 1584 1248 posse.
1618 1182 1725 1236 Sed
1751 1183 2019 1250 profecto,
2048 1199 2134 1238 se-

551 1263 793 1315 cundum
818 1279 1143 1321 communes
1167 1271 1416 1324 omnium
1444 1273 1698 1327 netiones
1725 1274 1904 1328 bonus
1927 1285 1983 1328 et
2010 1273 2132 1343 plus

553 1368 714 1420 quam
753 1355 932 1410 bonus
963 1354 1104 1412 Deus
1137 1359 1277 1414 bona
1311 1370 1367 1415 et
1399 1377 1616 1430 semper
1645 1372 1701 1416 et
1732 1364 1987 1418 omnibus
2017 1381 2132 1419 om-

554 1445 685 1496 nino
715 1446 996 1502 voluntate
1019 1465 1116 1503 sua
1147 1449 1406 1515 destinat,
1433 1463 1488 1506 et
1512 1454 1732 1522 sapiens
1759 1464 1813 1509 et
1842 1456 2129 1526 plusquam

552 1535 794 1602 sapiens,
825 1539 908 1592 vel
938 1541 1119 1608 potius
1145 1544 1325 1597 omnis
1354 1545 1634 1613 sapientia:
1659 1547 1800 1612 l'ons,
1836 1549 1985 1601 novit
2014 1564 2131 1602 om-

554 1626 685 1680 nino
710 1643 831 1695 quae
864 1632 1201 1698 conducunt,
1229 1642 1285 1687 et
1318 1644 1534 1703 potens,
1568 1637 1652 1691 vel
1687 1638 1870 1706 potius
1903 1639 2128 1694 inﬁnita:

552 1719 828 1783 potentia,
861 1723 1130 1792 condigne
1155 1725 1266 1779 Deo
1292 1736 1346 1780 et
1371 1729 1763 1784 convenienter
1787 1731 1842 1785 in
1869 1733 2126 1786 omnibus

551 1808 749 1875 placita
783 1820 838 1864 et
885 1815 1115 1868 consilia
1165 1831 1263 1870 sua
1309 1819 1680 1875 conducibilia
1715 1823 1942 1891 pulchre
1974 1839 2128 1878 exse-

549 1900 758 1968 quitur,
790 1912 849 1956 ut
881 1903 1058 1959 bonus
1079 1916 1137 1961 et
1162 1909 1382 1977 sapiens
1405 1921 1460 1966 et
1491 1922 1707 1981 potens,
1732 1915 2005 1970 transiens
2030 1930 2126 1984 per

549 2000 747 2046 cuncta
777 2003 831 2047 et
854 1995 1087 2052 visibilia
1122 2009 1177 2053 et
1210 2000 1522 2067 invisibilia,
1553 2014 1608 2058 et
1643 2006 1898 2061 universa
1922 2016 1979 2062 et
2013 2008 2126 2062 sin-

548 2085 694 2151 gula,
729 2094 784 2138 et
816 2103 979 2154 parva
1009 2100 1065 2144 et
1112 2107 1324 2162 magna,
1359 2104 1415 2149 et
1444 2108 1638 2152 cuncta
1666 2114 1786 2168 qua:
1821 2101 2122 2155 secundum

547 2175 884 2244 quampiam!
909 2179 1205 2248 cujuslibet
1251 2186 1467 2252 generis
1493 2188 1864 2242 cxsistentiam
1896 2190 2118 2254 habent,

549 2265 682 2318 nihil
712 2266 779 2320 de
800 2267 1086 2334 bonitatis,
1114 2273 1396 2340 sapientia:
1421 2278 1678 2343 potentiae
1708 2293 1820 2332 suae
1852 2273 2122 2336 inﬁnitate

546 2359 852 2424 remittens,
879 2368 936 2413 et
959 2363 1142 2416 omnia
1163 2365 1468 2420 secundum
1491 2368 1834 2439 singulorum
1854 2372 2121 2426 exsisten-

549 2447 636 2500 tiae
681 2449 947 2504 rationem
978 2452 1084 2505 sibi
1124 2453 1258 2525 ipsis
1301 2465 1358 2510 et
1389 2457 1623 2513 invicem
1656 2461 1711 2514 in
1754 2461 2118 2518 indissolubili

543 2550 868 2593 cunctorum
901 2543 1094 2597 eodem
1128 2554 1186 2598 et
1214 2562 1356 2600 nexu
1386 2559 1442 2603 et
1470 2553 1790 2621 compagine
1825 2563 1880 2607 et
1922 2570 2118 2624 peren-

544 2628 714 2684 nitate
738 2646 1090 2690 conservans.
1119 2635 1260 2700 Quid
1284 2648 1489 2705 autem,
1521 2658 1705 2697 nonne
1735 2645 1906 2714 ipsam
1935 2663 2033 2715 per
2057 2663 2115 2702 se

543 2729 796 2776 naturam
825 2723 894 2778 de
925 2724 1130 2790 divina,
1161 2744 1284 2797 qua:
1313 2733 1499 2786 omnia
1539 2743 1714 2798 curet,
1758 2739 2116 2804 providentia:

541 2811 893 2875 exsistentia,
950 2813 1255 2872 luculenter
1300 2821 1570 2876 instruere
1614 2825 1899 2879 videmus?
1957 2827 2113 2894 Quod

541 2902 689 2954 enim
723 2905 1044 2960 naturaliter
1072 2909 1231 2962 nobis
1276 2911 1632 2980 providentia:
1671 2916 1911 2986 cognitio
1949 2919 2111 2975 insita

1714 251 1774 310 S.
1818 248 2102 309 MAXIMI
2142 247 2648 312 CONFESSORIS

3661 260 3773 326 “9‘2

2169 363 2208 416 A
2237 362 2497 432 διαμονῆς
2520 365 2587 416 τὰ
2615 366 2842 419 καθόλου
2874 367 3127 437 προνοίας
3160 369 3431 434 ἀξιοῦσθαί
3475 390 3623 439 φασι,
3666 379 3769 428 ταύ-

2237 468 2336 518 της
2377 453 2557 521 τωλλῷ
2583 455 2847 524 πρότερον
2876 457 3158 521 ἀξιοῦσθαι
3189 460 3257 509 τά
3288 459 3425 511 κατὰ
3463 462 3624 530 μέρος
3679 467 3772 517 εισ-

2235 541 2478 608 άγουσιν,
2497 545 2554 594 ἐν
2575 538 2706 614 οἷςὴ
2731 546 2837 597 τῶν
2867 546 3096 599 καθῶ.ου
3117 549 3343 616 διαμονὴ
3372 552 3464 603 καὶ
3485 552 3770 617 ὑπόστασις.

2234 632 2624 698 Συνεισάγεται
2658 635 2766 703 γάρ
2796 635 3044 705 ἀλλήλοκ
3074 637 3246 688 ταῦτα
3287 637 3372 690 διὰ
3395 639 3496 708 τὴν
3531 641 3662 693 κατὰ
3689 645 3772 709 φύ-

2237 740 2320 775 σιν
2338 725 2620 777 ἀδιάλυτον
2642 726 2778 796 πρὸς
2809 727 3014 798 ἄλληλα
3039 729 3244 797 σχέσιν,
3279 729 3372 782 καὶ
3404 730 3627 801 θατέρου
3660 736 3772 805 πρὸς

2231 814 2490 886 διαμονὴν
2554 820 3015 888 συντηρουμένου,
3075 821 3208 890 μηδὲ
3263 823 3325 874 τὺ
3378 824 3564 893 ἕτερον
3597 826 3770 897 ταύτης

2232 903 2372 960 εἶναι
2401 909 2500 976 τῆς
2527 909 2776 978 φυλακῆς
2830 912 3133 981 ἀλλότριον,
3184 915 3282 966 καὶ
3330 915 3449 977 ἑνὸς
3507 916 3660 970 πάλιν
3692 921 3769 987 τῆς

2233 998 2368 1067 πρὸς
2404 999 2668 1070 διαμονὴν
2708 1002 2955 1071 φυλακῆς
2988 1003 3367 1068 διαπίπτοντες
3412 1007 3546 1076 μηδὲ
3581 1009 3639 1060 τὸ
3668 1002 3770 1062 alio

2230 1085 2432 1156 ταύτης
2451 1091 2738 1158 τυγχάνειν
2761 1090 2908 1158 λέγει
2939 1092 3252 1150 ἀκόλουθον.
3279 1094 3487 1158 ’Δλλως
3510 1113 3569 1149 τε
3587 1094 3639 1149 δὲ
3655 1096 3769 1151 κατὰ

2231 1179 2378 1246 τρεῖς
2399 1181 2635 1247 τρόπους
2665 1181 2726 1233 τὸ
2758 1183 2833 1252 μὴ
2864 1183 3081 1235 πάντων
3097 1183 3206 1236 τῶν
3238 1184 3409 1238 ὄντων
3440 1190 3676 1256 προνοεῖν
3698 1189 3768 1240 τὸν

2230 1269 2362 1322 Θεὸν
2393 1270 2630 1338 λέγεται.
2664 1274 2734 1325 Ἦ
2757 1274 2864 1344 γὰρ
2887 1275 3104 1342 ἀγνοεῖν
3129 1276 3292 1330 αὐτὸν
3312 1278 3532 1346 λέγουσι
3549 1280 3641 1349 τῆς
3662 1297 3767 1352 προ-

2230 1360 2377 1424 νοίας
2401 1362 2498 1432 τὴν
2533 1363 2774 1433 μέθοδον,
2808 1365 2841 1435 ἢ
2877 1367 2953 1437 μὴ
2985 1367 3293 1436 βούλεσθαι,
3334 1369 3370 1442 ἢ
3408 1373 3484 1443 μὴ
3522 1373 3763 1428 δύνασθαι.

2244 1450 2404 1502 Ἀλλὰ
2439 1453 2545 1522 μὴν
2582 1455 2726 1508 κατὰ
2757 1455 2858 1518 τὰς
2900 1457 3085 1520 κοινάς
3115 1457 3334 1512 πάντων
3366 1461 3576 1537 ἑννοίας
3599 1464 3765 1531 ἀγαθὸς

2233 1542 2310 1593 ὢν
2344 1546 2438 1596 καὶ
2465 1545 2812 1616 ὑπεράγαθος
2837 1550 2866 1600 ὁ
2897 1547 3031 1612 Θεὸς
3053 1551 3142 1602 ἀεὶ
3177 1551 3396 1614 πάντως
3423 1553 3493 1606 τά
3524 1555 3655 1607 καλά
3675 1555 3766 1624 ﬂati-

2231 1634 2383 1687 λεται
2414 1637 2507 1688 καὶ
2537 1637 2700 1701 πᾶσι,
2733 1638 2830 1690 καὶ
2859 1639 3021 1704 σοφὸς
3053 1639 3318 1710 ὑπάρχων
3351 1642 3448 1694 καὶ
3473 1642 3763 1714 ὑπέρσοφος,

2235 1727 2434 1797 μᾶλλον
2461 1727 2519 1779 δὲ
2550 1728 2731 1796 πάσης
2769 1729 2963 1796 σοφίας
2998 1729 3170 1800 πηγὴ,
3195 1730 3457 1798 γινώσκει
3492 1735 3691 1797 πάντως
3713 1737 3763 1784 τὰ

2231 1816 2603 1887 συμφέροντα,
2632 1817 2819 1890 (1⁷4
2845 1819 2896 1889 b)
2935 1820 3030 1871 καὶ
3076 1819 3297 1884 δυνατὸς
3351 1820 3450 1887 ὣν,
3498 1824 3681 1892 μᾶλλον
3720 1824 3763 1875 δὲ

2227 1907 2683 1978 ἀπειροδύναμος,
2721 1911 2934 1978 ἐνεργεῖ
2971 1911 3186 1974 πάντως
3216 1913 3540 1983 θεοπρεπῶς
3576 1917 3629 1968 ἑν
3656 1917 3760 1967 πᾶσι

2225 2001 2295 2053 τά
2325 2001 2649 2070 ἐγνωσμένα
2674 2001 2824 2071 αὐτῷ
2861 2002 2956 2054 καὶ
2988 2003 3362 2072 βεδουλημένα
3391 2006 3571 2069 καλῶς
3609 2007 3645 2036 ¹¹
3687 2006 3761 2058 καὶ

2228 2091 2600 2161 συμφέροντα,
2647 2090 2723 2154 ὡς
2772 2092 2975 2159 ἀγαθὸς
3006 2095 3098 2146 καὶ
3124 2093 3287 2160 σοφὸς
3316 2095 3416 2148 καὶ
3444 2096 3674 2160 δυνατὸς,
3696 2096 3758 2148 δι·

2226 2186 2374 2240 ικνού
2383 2203 2542 2256 μενος
2573 2185 2664 2238 διὰ
2689 2187 2906 2240 πάντων
2931 2187 3040 2239 τῶν
3061 2205 3119 2240 τε
3143 2188 3356 2259 ὁρατῶν
3381 2192 3477 2242 καὶ
3497 2190 3598 2242 τῶν
3624 2191 3756 2259 depi-

2223 2296 2352 2343 των,
2387 2280 2481 2332 καὶ
2512 2278 2620 2331 τῶν
2646 2278 2874 2332 καθόλου
2908 2279 3002 2332 καὶ
3028 2279 3136 2332 τῶν
3163 2280 3429 2350 μερικῶν,
3456 2282 3544 2334 καὶ
3570 2283 3665 2334 τῶν
3685 2300 3755 2352 μισ

2222 2370 2372 2439 κρῶν
2423 2371 2518 2423 καὶ
2573 2373 2682 2424 τῶν
2747 2371 3019 2440 μεγάλων,
3073 2373 3170 2424 καὶ
3225 2373 3451 2427 πάντων
3497 2374 3600 2427 τῶν
3644 2375 3756 2426 κατὰ

2221 2463 2403 2516 πᾶσαν
2425 2463 2523 2533 τὴν
2547 2463 2762 2516 οίανοῦν
2787 2463 2974 2517 οὐσίαν
3010 2463 3072 2515 τὺ
3125 2459 3267 2516 εἶναι
3325 2466 3576 2534 ἑχόντων,
3621 2465 3754 2534 μηδὲν

2219 2557 2398 2624 ὑφιεὶς
2421 2556 2522 2625 τῆς
2543 2557 2686 2609 κατά
2712 2555 2811 2624 τὴν
2835 2555 3150 2624 ἀγαθότητα
3178 2558 3274 2609 καὶ
3311 2558 3415 2628 τὴν
3459 2559 3640 2626 σοφίαν
3680 2559 3751 2610 καὶ

2217 2649 2316 2720 τὴν
2333 2648 2566 2718 δύναμιν
2597 2648 2881 2718 ἀπειρίας,
2906 2639 3000 2700 καὶ
3020 2649 3197 2700 πάντα
3226 2650 3373 2702 κατά
3411 2651 3504 2703 τὸν
3547 2651 3751 2706 ἑκάστων

2215 2743 2309 2796 τοῦ
2337 2739 2476 2796 εἶναι
2503 2744 2662 2810 λόγον
2697 2744 2831 2814 πρός
2859 2760 2916 2795 τε
2949 2745 3117 2799 ἑαυτά
3151 2744 3245 2798 καὶ
3281 2745 3493 2815 ἄλληλα
3525 2746 3650 2798 κατά
3673 2745 3750 2804 τὴν

2215 2835 2502 2889 ἀδιάλυτον
2532 2836 2748 2889 πάντων
2790 2836 3047 2905 σχετικὴν
3073 2836 3344 2907 ἁρμονίαν
3385 2854 3445 2889 τε
3478 2837 3566 2889 καὶ
3603 2836 3749 2904 διαμο-

2213 2929 2311 2998 νὴν
2347 2916 2648 2998 συντηρῶν.
2677 2927 2742 2979 Τί
2774 2928 2851 2992 δὲ,
2884 2927 3058 2998 αὐτὴν
3087 2927 3210 2980 καθ’
3246 2929 3460 2999 ἑαυτὴν
3504 2931 3561 2982 οὐ
3610 2943 3746 2980 κατα-

543 2993 634 3055 sit,
676 2993 793 3061 ipsa
844 3005 1042 3050 natura
1092 2999 1237 3054 haud
1283 3003 1540 3072 exiguum
1573 3006 1778 3074 praebet
1813 3009 2112 3067 documen-

2215 3023 2444 3090 νοοῦμεν
2477 3020 2576 3091 τὴν
2606 3019 2767 3088 φύσιν
2789 3019 2918 3089 περὶ
2946 3019 3037 3071 τοῦ
3061 3015 3202 3071 εἶναι
3230 3017 3340 3089 τὴν
3369 3021 3462 3072 ἐπὶ
3487 3020 3648 3074 πάντα
3673 3015 3746 3068 τοῦ

541 3091 680 3146 tum,
729 3086 950 3152 quando
981 3103 1080 3142 nos
1112 3091 1260 3145 nulla
1306 3095 1506 3162 praevia
1555 3095 1900 3155 institutione
1943 3104 2111 3160 veluti

540 3176 870 3244 propulsans
903 3179 968 3233 ad
1003 3181 1172 3235 Deum
1199 3198 1298 3252 per
1327 3201 1520 3254 preces
1560 3189 1616 3242 in
1657 3192 1855 3247 subitis
1894 3196 2112 3253 casibus

539 3265 689 3319 illinc
711 3269 940 3322 salutem
964 3287 1208 3340 quaarere
1233 3276 1476 3331 instruit.
1499 3279 1942 3354 Quotiescunque
1961 3288 2109 3342 enim

538 3356 723 3412 subito
769 3364 1098 3418 necessitate
1145 3365 1328 3435 aliqua
1370 3372 1910 3440 comprehendimur,
1955 3380 2110 3433 invo-

539 3447 797 3515 luntarie,
826 3453 944 3508 sine
971 3455 1080 3509 ulla
1105 3457 1306 3524 praevia
1329 3461 1788 3529 consideratione,
1818 3467 1987 3521 Deum
2025 3469 2108 3523 in-

537 3552 733 3592 vocare
764 3541 1026 3607 solemus,
1072 3552 1329 3614 tauquam
1365 3548 1410 3602 si
1460 3549 1576 3619 ipsa
1620 3555 1964 3621 providentia
2004 3574 2109 3614 nos

535 3626 602 3678 ad
643 3643 721 3691 se,
748 3632 915 3686 nullis
956 3634 1202 3690 consiliis
1245 3637 1732 3706 intercedentibus,
1767 3647 2026 3711 attrahat,
2051 3657 2108 3704 et

537 3719 792 3774 mentalis
827 3723 911 3776 vis
949 3735 1151 3780 nostra:
1190 3729 1536 3786 velocitatem
1589 3743 1915 3801 autevertat,
1963 3738 2105 3793 divi-

535 3823 775 3877 numque
807 3814 1066 3870 omnibus
1093 3820 1305 3874 caeteris
1346 3825 1672 3891 praesentius
1716 3828 1976 3883 auxilium
2019 3846 2106 3886 os-

536 3899 742 3954 tendat.
769 3903 955 3974 Neque
976 3923 1107 3964 vero
1136 3910 1503 3969 involuntarie
1535 3927 1728 3970 natura
1754 3935 1855 3973 nos
1877 3920 1944 3974 ad
1971 3921 2102 3975 illud

530 3990 679 4056 quod
711 4001 917 4050 natura:
945 4013 1139 4067 expers
1163 4012 1247 4056 est
1279 4003 1598 4060 deduceret.
1632 4008 1902 4064 Nimirum
1931 4012 2104 4081 quod-

531 4093 749 4149 cunque
783 4085 1015 4140 alterum
1047 4089 1343 4160 quodpiam
1391 4097 1717 4152 naturaliter
1743 4101 2014 4169 sequitur,
2043 4111 2103 4156 ut

529 4176 786 4232 omnibus
810 4181 1128 4246 obscurum,
1155 4186 1390 4240 validam
1422 4188 1589 4244 habet
1616 4191 1985 4265 invictamque
2008 4197 2104 4251 de-

529 4271 896 4326 monstrandae
930 4275 1178 4330 veritatis
1213 4277 1342 4331 vim.
1371 4279 1427 4332 Si
1465 4295 1598 4336 vero
1624 4285 1751 4352 quia
1792 4285 2097 4362 impercep-

2213 3112 2347 3165 Θεοῦ
2376 3112 2636 3183 πρόνοιαν
2669 3111 2854 3178 σαφῶς
2881 3106 3046 3163 οὖσαν
3069 3109 3443 3176 διδάσκαλονς
3475 3110 3745 3179 Τεκμήριον

2211 3203 2320 3274 γάρ
2342 3205 2401 3256 οὐ
2438 3205 2633 3274 μικρὸν
2659 3203 2755 3256 τοῦ
2803 3202 3048 3271 φυσικῶς
3099 3202 3232 3271 ἡμῖν
3291 3201 3618 3271 ἑνεσπάρθαι
3667 3199 3743 3266 τὴν

2209 3296 2306 3364 τῆς
2337 3296 2592 3365 προνοίας
2625 3294 2884 3362 γνῶσινή
2916 3293 3079 3360 φύσις
3113 3292 3254 3359 αὑτὴ
3286 3293 3522 3355 δίδωσιν,
3544 3289 3742 3360 ὁπηνίκα

2203 3385 2274 3440 ἄν
2309 3387 2456 3455 ἡμᾶς
2488 3384 2786 3446 ἀδιδάκτως
2826 3381 3018 3452 ὥσπερ
3049 3383 3270 3437 ὠθοῦσα
3313 3384 3453 3454 πρὸς
3503 3383 3590 3435 τὸν
3636 3378 3742 3433 Θεδν

2206 3476 2297 3529 διὰ
2330 3478 2439 3530 τῶν
2471 3476 2648 3544 εὐχῶν
2673 3477 2730 3528 ἑν
2760 3477 2877 3538 ταῖς
2905 3474 3163 3544 ἐξαίφνης
3203 3477 3589 3546 περιστάσεσιν
3624 3475 3740 3526 ἑκεῖ-

2207 3569 2298 3622 θεν
2332 3567 2514 3638 ζητεῖν
2539 3568 2638 3637 τὴν
2663 3566 2940 3637 σωτηρίαν
2973 3567 3393 3636 παρασκευάζει
3428 3569 3495 3622 ⁷³.
3545 3567 3652 3620 ⁹Υπ“
3695 3565 3742 3617 ἁ-

2205 3662 2417 3730 νάγκης
2443 3660 2551 3732 γὰρ
2594 3661 2749 3728 ἀφνω
2778 3658 3178 3729 συλληφθέντες
3208 3659 3604 3730 ἀπροαιρέτως,
3636 3655 3741 3723 πρίν

2204 3769 2327 3804 τινα
2351 3752 2444 3803 καὶ
2479 3750 2805 3819 σκέψασθαι,
2835 3749 2926 3802 τὸν
2975 3749 3106 3801 Θεὸν
3162 3749 3538 3820 ἑπιϐοὼμεθα,
3585 3747 3652 3811 ὡς
3690 3743 3740 3797 ἂν

2205 3844 2304 3912 τῆς
2325 3843 2581 3911 προνοίας
2603 3841 2772 3910 αὐτῆς
2800 3840 2936 3910 πρὸς
2956 3838 3156 3908 ἑαυτὴν
3179 3841 3278 3892 καὶ
3305 3834 3577 3909 λογισμῶν
3601 3834 3739 3906 χωρὶς

2204 3935 2465 4004 ἑλκούσης
2497 3935 2664 4003 ἡμᾶς,
2693 3932 2788 3985 καὶ
2824 3931 2884 3984 τὸ
2909 3931 3074 4000 τάχος
3095 3931 3192 4000 τῆς
3227 3933 3287 3983 ἑν
3313 3933 3448 4001 ἡμῖν
3474 3929 3650 3999 νοερᾶς
3679 3941 3739 3975 νι-

2205 4026 2389 4095 κώσης
2411 4026 2714 4094 δυνάμεως,
2747 4023 2844 4075 καὶ
2873 4021 3090 4074 πάντων
3115 4022 3478 4092 ἰσχυροτέραν
3506 4021 3596 4087 τὴν
3617 4016 3738 4069 θείαν

2205 4113 2673 4185 προδεικνυούσηςι
2688 4111 2960 4182 βοήθειαν.
2999 4111 3114 4163 Οὐκ
3147 4110 3214 4162 ἂν
3249 4111 3309 4163 δὲ
3343 4113 3489 4181 ἡμᾶς
3529 4105 3649 4180 ἦγεν
3686 4107 3736 4158 ἀ-

2203 4208 2542 4278 προαιρέτως
2568 4208 2601 4276 ἡ
2630 4205 2789 4272 φύσις
2821 4205 2915 4256 ἑπὶ
2949 4203 3009 4255 τὸ
3053 4203 3126 4272 μὴ
3163 4203 3328 4271 φύσιν
3358 4203 3478 4274 ἑχον
3507 4196 3734 4268 γίνεσθαι.

2204 4297 2318 4350 Πᾶν
2348 4297 2405 4348 δὲ
2448 4297 2508 4347 τὸ
2541 4294 2742 4364 ὁτῳοῦν
2767 4293 3011 4362 φυσικῶς
3041 4293 3332 4360 ἑπόμενον,
3354 4293 3430 4356 ὼς
3454 4293 3609 4345 πᾶσιν
3633 4287 3732 4355 ἀδη-

531 4355 700 4412 ιέιιίιὶε
733 4361 891 4416 nobis
919 4379 983 4418 ea
1007 4381 1126 4432 qua;
1163 4368 1376 4438 singula
1418 4381 1576 4428 curet
1614 4353 1973 4443 providentia:
2012 4353 2097 4438 est

2214 4393 2326 4446 ιον,
2402 4353 2631 4455 ίσχυράν
2691 4353 2801 4454 ἔχε-ι
2865 4385 2961 4437 καὶ
2995 4353 3438 4454 ήάκαταμάχητον
3485 4382 3618 4437 κατά
3657 4378 3737 4448 τὴν

527 4447 688 4511 ratio,
723 4459 782 4502 ut
813 4455 980 4506 etiam
1018 4465 1102 4510 est
1141 4451 1443 4514 secundum
1491 4463 1626 4520 illud
1658 4485 1670 4519 :
1699 4467 1870 4532 Quam
1917 4490 2099 4528 recon-

524 4538 636 4591 dita
681 4541 792 4608 ejus
813 4544 1038 4612 judicia,
1085 4557 1133 4600 et
1163 4566 1322 4619 quam
1351 4554 1731 4625 investigabiles
1761 4563 1874 4628 eius
1919 4567 2016 4619 viae
2050 4567 2098 4632 ὶ),

527 4628 652 4684 ideo
685 4635 1086 4700 providentiam
1117 4643 1369 4710 negarint
1395 4661 1513 4699 esse
1549 4664 1672 4704 meo
1702 4655 1922 4721 quidem
1950 4628 2102 4727 judi;

524 4721 611 4776 cio
656 4723 801 4778 haud
847 4737 993 4783 recte
1035 4731 1109 4784 ita
1139 4741 1407 4790 statuunt.
1454 4739 1588 4793 Nam
1634 4744 1678 4795 si
1713 4760 1901 4816 magna
1935 4721 2102 4805 estet

524 4811 971 4883 imperceptibilis
999 4819 1143 4874 inter
1168 4823 1410 4892 singulos
1431 4827 1679 4885 homines
1700 4811 2088 4907 discrepantia,

520 4910 576 4956 et
605 4905 870 4975 cujusque
901 4909 1071 4978 ipsius
1103 4919 1458 4972 commutatio
1505 4929 1561 4974 et
1592 4905 1929 4993 vicissitudo,
1961 4905 2092 4985 dum

521 4991 578 5045 in
612 4995 736 5049 vitae
765 5013 963 5066 genere
997 5010 1053 5055 et
1078 5007 1324 5061 moribus
1358 5019 1414 5064 et
1436 5011 1811 5073 voluntatibus
1833 5030 1888 5074 et
1915 5024 2095 5078 consi-

521 5081 608 5137 liis
633 5095 690 5139 et
723 5089 1133 5158 cupiditatibus,
1168 5097 1223 5150 in
1253 5098 1471 5164 litteris,
1503 5106 1755 5174 negotiis,
1791 5112 2008 5178 studiis,
2039 5127 2096 5168 et

520 5172 575 5225 in
613 5175 746 5244 ipsis
779 5181 980 5236 mentis
1008 5186 1432 5254 cogitationibus
1457 5208 1594 5260 pene
1622 5195 1872 5262 inﬁnitis,
1914 5204 2094 5257 omni-

519 5264 731 5336 busque
761 5271 842 5324 eis
875 5289 996 5340 quae
1024 5277 1270 5344 quotidie
1295 5290 1352 5335 et
1392 5283 1620 5354 singulis
1647 5302 1786 5354 pene
1810 5291 1962 5348 buris
1991 5298 2097 5352 alia

589 5414 615 5440 ο
645 5407 803 5464 Rom.
838 5428 909 5478 ιιι,
936 5414 1023 5468 55.

2199 4475 2472 4538 ἀπόδειξιν
2506 4475 2600 4544 τῆς
2626 4475 2882 4544 ἀληθείας
2912 4473 3093 4543 (175
3128 4473 3184 4540 α)
3209 4475 3310 4544 τὴν
3342 4474 3583 4543 δύναμιν.
3610 4469 3663 4522 Εἰ
3691 4467 3736 4519 δὲ

2197 4571 2280 4623 ὅτι
2309 4567 2693 4637 ἀκατάληπτος
2723 4571 2854 4638 ἡμῖν
2877 4569 2976 4636 τῆς
3014 4568 3121 4619 τῶν
3149 4569 3292 4620 κατά
3325 4569 3490 4639 μέρος
3520 4561 3732 4636 προνοέας

2195 4659 2224 4710 ὁ
2253 4657 2430 4723 λόγος,
2454 4655 2647 4724 ὥσπερ
2679 4650 2771 4708 οὖν
2806 4656 2902 4708 καὶ
2925 4654 3039 4705 ἐστι
3067 4653 3210 4705 κατὰ
3238 4653 3323 4717 τὸ,
3354 4647 3728 4716 ’.Ωςάνεξερεύο

2197 4731 2350 4814 Ϋητα
2405 4745 2477 4800 τὰ
2517 4748 2769 4814 κρίματα
2819 4747 3004 4800 αὑτοῦ
3061 4744 3162 4796 καὶ
3215 4743 3650 4846 ἀνεξιχνίαστοέ
3688 4736 3734 4790 αι

2201 4838 2328 4892 ὁδοὶ
2353 4837 2563 4897 αὐτοῦ,
2596 4836 2684 4890 διὰ
2713 4836 2872 4890 τοῦτο
2913 4839 3070 4905 φαῖεν
3118 4837 3254 4904 μηδὲ
3308 4835 3561 4902 πρόνοιαν
3599 4835 3732 4882 εἰναι.

2199 4929 2298 4982 οὐκ
2348 4926 2524 4998 ὀρθῶς
2559 4926 2745 4997 ἐροῦσι
2795 4928 2938 5009 κατὰ
2983 4927 3074 4980 τὸν
3119 4926 3254 4996 ἑμὺν
3320 4924 3498 4991 λόγον.
3544 4922 3608 5018 Et
3647 4917 3732 5018 γρρ

2190 5021 2358 5089 πολλή
2388 5019 2472 5081 τίς
2499 5019 2648 5071 ἑστιν
2678 5020 2711 5087 ὴ
2745 5016 2977 5087 διαφορά
3007 5017 3101 5070 καὶ
3133 5014 3518 5083 ἁκατάληπτος
3546 5009 3643 5064 τῶν
3664 5009 3732 5058 ἁν-

2191 5113 2427 5183 θρώπων
2475 5112 2708 5165 ἑκάστου
2759 5109 2896 5180 πρὸς
2940 5110 3171 5162 ἕκαστον
3207 5109 3305 5162 καὶ
3341 5108 3375 5177 ἡ
3411 5107 3541 5177 πρὸς
3573 5098 3730 5155 ἑαυτὸν

2192 5207 2424 5260 ἑκάστου
2448 5201 2742 5271 ἑναλλαγὴ,
2775 5202 2831 5254 ἕν
2859 5219 2922 5254 τε
2953 5202 3088 5271 βίοις
3111 5201 3205 5252 καὶ
3229 5198 3389 5269 ἡθεσι
3409 5199 3500 5250 καὶ
3515 5193 3728 5262 γνώμαις

2193 5297 2290 5351 καὶ
2315 5295 2666 5366 προαιρέσεσι
2697 5293 2790 5346 καὶ
2822 5291 3162 5362 ἐπιθυμίαις,
3197 5290 3532 5360 ἐπιστήμαις
3563 5301 3618 5337 τε
3653 5276 3728 5335 καὶ

1775 5546 2005 5601 VARle
2043 5547 2446 5606 LECTIONES.

668 5631 804 5683 καλὰ
828 5639 949 5688 cod.
988 5639 1124 5695 Gud.
1161 5660 1235 5698 m.
1263 5661 1344 5714 pr.
1425 5650 1468 5680 "
1498 5657 1985 5722 παρασκευάζουσα
2019 5660 2181 5714 habet
2205 5662 2594 5730 apographum.
