4038 6146
285 293 306 360 1
320 293 423 361 193

1521 290 2040 363 AMBIGUORUM
2077 286 2330 351 LIBER.

3397 277 3532 342 1194

276 402 489 477 χρείαις
520 402 614 457 καὶ
636 402 1031 477 δπὶτηδεύμασι
1054 401 1150 459 καὶ
1180 400 1369 465 αὐτοῖς
1401 405 1514 467 τοῖς
1557 404 1700 459 κατὰ
1742 404 1848 475 ψυο

1965 411 2007 458 :t
2033 384 2139 458 alia
2187 398 2447 455 accidunt
2493 413 2603 453 una
2649 403 3024 453 commutatur
3072 394 3353 467 (versatile
3385 398 3534 451 enim

279 496 382 567 χὴν
412 496 695 567 λογισμοῖς
722 497 971 569 ἀπείροις
996 491 1119 550 οὖσι
1155 493 1363 568 σχεδὸν,
1410 494 1508 548 καὶ
1553 496 1689 579 πᾱίσι
1740 498 1851 558 τοῖς

278 588 402 642 καθ’
427 588 674 658 ἑκάστην
695 589 909 659 ἡμέραν
938 588 1030 642 καὶ
1050 586 1202 659 ὥραν
1231 585 1694 658 ὲπισυμὸαίνουονι
1718 603 1854 657 συμ-

281 678 760 751 μεταϐαλλομένου
806 678 1200 751 (ἀγχίστροφον
1240 676 1352 748 γὰρ
1382 675 1546 730 τοῦτο
1574 675 1637 728 τδ
1657 674 1797 741 ζῶον
1824 677 1854 728 ό

278 772 588 842 ἄνθρωπος,
612 771 784 836 ὀξέως
814 773 932 836 τοῖς
959 771 1173 841 καιροῖς
1200 770 1294 822 καὶ
1320 766 1685 838 ταίςχρείαις
1714 783 1854 837 συμ-

281 863 803 933 μεταϐαλλόμενον),
850 863 1064 932 ἀνάγκη
1107 857 1260 914 πᾶσα
1284 861 1391 939 ’καὶ
1432 860 1532 931 τὴν
1570 859 1854 929 πρόνοιαν,

279 957 706 1028 προγνωστικῶς
730 957 912 1012 πάντα
941 954 1326 1024 συνειληφυῖαν
1348 954 1492 1008 κατὰ
1502 952 1858 1025 περιγραφὴν

278 1050 347 1103 τὰ
377 1049 500 1103 καθ’
531 1048 764 1114 ἕκαστα,
795 1048 1050 1118 διάφορόν
1079 1064 1140 1100 τε
1166 1051 1262 1100 καὶ
1290 1045 1857 1117 ποικίλην’φαίνεσθαι

280 1142 372 1193 καί¹
406 1139 721 1210 πολυσχιδῆ,
754 1140 849 1193 καὶ
870 1141 938 1210 τῇ
968 1138 1076 1192 τῶν
1096 1137 1567 1209 πεπληθυσμένων
1580 1138 1853 1207 ἀκαταλη-

279 1230 380 1300 ea;
413 1228 899 1299 συνεκτεινομένην
939 1228 1156 1300 ἑκάστῳ
1195 1225 1685 1300 προσφάρως-καθ’
1725 1224 1890 1305 gms

281 1338 406 1372 στον
437 1321 531 1373 καὶ
559 1321 794 1392 πρᾶγμα
835 1321 932 1374 καὶ⁹
967 1320 1169 1390 νόημα,
1213 1319 1378 1390 μέχρι
1418 1320 1516 1373 καὶ
1546 1317 1656 1372 τῶν
1685 1318 1858 1387 ψιλῶν

281 1414 600 1482 κινημάτων
629 1411 739 1466 τῶν
769 1413 909 1466 κατὰ
931 1412 1110 1483 ψυχὴν
1138 1412 1413 1483 καὶσῶμα
1430 1411 1859 1481 συνισταμένων,

282 1502 639 1571 ἁρμόζεσθαι.
678 1499 857 1556 Είοῦν
902 1501 1012 1556 τῶν
1066 1504 1208 1557 κατὰ
1259 1503 1422 1574 μέρος
1471 1502 1861 1574 ἀκατάληπτός

280 1595 426 1645 ἐστιν
451 1595 483 1662 ἡ
517 1592 774 1663 διαφορὰ,
808 1594 903 1646 καὶ
926 1594 1025 1664 τῆς
1055 1592 1402 1667 ἁρμοζούσης
1427 1594 1610 1658 αὐτοῖς
1637 1592 1861 1658 εἰκότως

280 1688 538 1756 προνοίας
567 1687 792 1755 ἄπειρος
834 1687 862 1739 ὁ
887 1685 1065 1754 λόγος,
1101 1684 1218 1738 ἀλλ’
1251 1686 1372 1747 οὐκ,
1415 1686 1604 1755 ἐπειδὴ
1634 1685 1861 1756 ἄπειρός

1954 496 2099 561 hoc,
2136 494 2224 548 cui
2268 493 2452 547 hamo
2502 504 2706 560 nomen
2759 498 2865 554 est,
2936 488 3162 551 animal,
3233 490 3344 544 cito
3396 497 3538 543 tem-

1954 586 2183 655 poribus
2211 592 2376 654 atque
2406 581 2826 638 necessitatibus
2845 576 3288 654 commutatum),
3311 582 3539 637 necesse

1954 686 2040 732 est
2085 675 2312 731 omnino
2345 674 2755 744 providentiam
2790 689 3033 744 quoque,
3067 674 3295 744 prmscie
3340 682 3539 729 cuncta

1956 783 2056 837 per
2094 756 2307 836 singula
2350 766 2562 833 ambitu
2609 780 2712 821 suo
2755 766 3235 836 complectentem,
3265 757 3538 821 diversam

1954 871 2012 915 et
2041 859 2266 914 variam-
2291 858 2751 928 ehmultiplicem
2780 858 2978 924 videri,
3026 868 3214 928 atque,
3254 872 3384 913 cum
3432 874 3541 914 una

1956 966 2082 1006 cum
2118 952 2287 1008 rebus
2312 951 2450 1008 adeo
2482 951 2866 1021 multiplicatis
2912 960 2970 1006 nt
3012 936 3246 1006 numero
3287 966 3541 1020 compre-

1956 1043 2124 1099 hendi
2146 1050 2423 1114 nequeant
2444 1043 2795 1107 extendatur,
2818 1042 3125 1098 secundum
3146 1044 3348 1098 factum
3370 1044 3544 1113 quod-

1956 1147 2069 1204 que
2105 1140 2163 1188 et
2204 1133 2524 1204 cogitatum,
2557 1126 2643 1188 vel
2679 1147 2853 1203 usque
2882 1133 2936 1187 in
2973 1141 3171 1190 tenues
3201 1149 3325 1204 quae
3371 1134 3542 1187 menti

1955 1230 2053 1279 aut
2076 1224 2293 1293 corpori
2316 1223 2642 1278 oboriantur
2672 1231 2854 1281 motus
2882 1223 3179 1293 unicuique
3209 1225 3542 1281 convenien-

1960 1315 2511 1370 ter'accommodarl.
2550 1314 2708 1381 Quod
2755 1315 2802 1370 si
2846 1316 3190 1386 singulorum
3230 1318 3545 1373 differentia

1956 1408 2241 1463 notionem
2281 1402 2518 1470 excedit,
2552 1415 2609 1461 et
2640 1405 2877 1462 infinita
2899 1416 2985 1461 est
3017 1409 3158 1463 ratio
3188 1409 3548 1478 providentiae

1958 1498 2072 1557 illis
2119 1514 2178 1555 se
2208 1500 2605 1555 convenienter
2646 1499 3135 1564 accommodantis,
3181 1500 3412 1557 minime
3465 1510 3548 1555 ta-

1958 1606 2110 1657 men,
2137 1607 2264 1647 cum
2298 1590 2514 1646 infinita
2547 1600 2603 1647 et
2636 1591 3094 1662 imperceptibilis
3125 1590 3288 1648 nobis
3315 1593 3388 1648 sit
3415 1609 3548 1664 pro-

1959 1678 2220 1738 videntiae
2263 1683 2507 1752 singulas
2549 1692 2732 1752 partes
2775 1684 3127 1753 procurantis
3170 1685 3356 1748 ratio,
3419 1683 3550 1739 inde

280 1749 341 1830 τε
371 1777 465 1830 καὶ
493 1749 771 1845 ἄγνωστος
804 1777 935 1846 ἡμῖν
1095 1775 1205 1833 τῶν
1231 1775 1373 1843 κατὰ
1402 1776 1568 1847 μέρος
1591 1749 1862 1848 ’προνοίας

1965 1775 2188 1846 propria
2235 1774 2543 1844 ignorantia
2593 1774 3055 1844 sapientissimam
3107 1790 3291 1831 rerum
3320 1786 3550 1834 natura:

279 1868 309 1920 ὁ
342 1867 499 1935 λόγος
524 1866 821 1936 τυγχάνειν
856 1867 954 1939 τὴν
999 1869 1135 1921 ίδίαν
1170 1869 1394 1937 ἄγνοιαν
1429 1862 1862 1938 ἀναίρεσινποι-

282 1958 460 2010 εἰσθαι
485 1956 597 2027 τῆς
623 1956 903 2033 πανσόφου
933 1957 1041 2011 τῶν
1070 1958 1239 2012 ὅντων
1298 1957 1618 2029 κηδεμονίας
1659 1957 1866 2026 ὀφείλο-

286 2067 405 2121 μεν,
439 2050 617 2104 πάντα
646 2051 705 2103 δὲ
744 2050 934 2114 ἁπλῶς
969 2051 1066 2103 καὶ
1106 2050 1501 2117 ἀνεξετάστως,
1543 2049 1864 2121 θεοπρεπῶς

281 2158 340 2194 τε
369 2143 462 2194 καὶ
484 2142 893 2211 συμφερόντως,
924 2140 993 2215 τᾲ
1023 2140 1123 2210 τῆς
1144 2140 1401 2210 προνοίας
1440 2139 1625 2210 (175
1652 2140 1704 2209 b)
1768 2141 1866 2209 ὲφ-

287 2235 476 2303 υμνεῖν
506 2232 645 2304 ἔργα
673 2234 766 2287 καὶ
796 2230 1173 2302 ἀποδέχεσθαι,
1196 2232 1293 2289 καὶ
1321 2230 1499 2295 καλῶς
1533 2231 1775 2300 γίνεσθαι
1798 2232 1866 2285 τὰ

285 2318 544 2395 γινόμενα
578 2325 878 2388 πιστεύειν,
930 2324 1034 2379 κᾶν
1074 2327 1205 2395 ἡμῖν
1245 2326 1275 2377 ὁ
1311 2324 1469 2391 λόγος
1497 2326 1645 2378 ἐστὶν
1675 2323 1867 2394 ἀνέφι-

286 2434 435 2480 κτος.
459 2417 647 2470 Πάντα
664 2416 720 2468 δὲ
744 2416 918 2484 λέγων
955 2416 1025 2470 τὰ
1054 2417 1153 2486 τῆς
1182 2416 1446 2487 προνοίας
1478 2417 1642 2487 φημὶ,
1667 2416 1730 2469 οὐ
1758 2415 1867 2486 γὰρ

285 2505 355 2560 τὰ
378 2496 564 2570 κακῶς
595 2506 685 2575 ὑφ’
719 2506 876 2581 ἡμῶν
904 2508 1048 2562 κατὰ
1077 2507 1167 2560 τὸν
1201 2506 1294 2560 τοῦ
1333 2506 1380 2539 ⁸⁸
1415 2506 1500 2576 ἐφ’
1543 2507 1676 2578 ἡμῖν
1708 2506 1869 2576 λόγον

285 2596 548 2667 γινόμενα
570 2612 583 2625 σ
621 2595 797 2649 ταῦτα
824 2596 935 2665 γὰρ
966 2596 1062 2649 τοῦ
1087 2595 1230 2650 κατὰ
1258 2594 1360 2666 τὴν
1396 2594 1669 2666 πρόνοιαν
1706 2593 1866 2662 λόγου

285 2685 564 2749 παντελῶς
586 2685 863 2756 ἀλλότρια.
888 2685 993 2738 Τὸν
1013 2685 1111 2756 μὲν
1135 2684 1232 2739 οὖν
1257 2685 1654 2755 σημαινόμενον
1670 2684 1866 2755 τρόπον

284 2778 414 2849 περὶ
444 2778 542 2848 τῆς
574 2778 683 2830 τῶν
708 2778 881 2845 ἁγίων
907 2776 1048 2830 κατὰ
1081 2776 1174 2835 τὸν
1206 2774 1366 2845 λόγον
1390 2777 1484 2829 καὶ
1517 2775 1614 2846 τὴν
1631 2775 1866 2845 θεωρίαν

282 2869 564 2940 δυνάμεώς
611 2887 672 2923 τε
722 2870 817 2923 καλ⁸
863 2869 1087 2939 χάριτος
1131 2868 1235 2922 ὑπὸ
1263 2868 1356 2922 τοῦ
1399 2867 1636 2939 μεγάλου
1671 2866 1865 2941 τὀυτου

283 2963 603 3017 διδασκάλου
641 2962 782 3017 κατὰ
809 2961 870 3015 τὸ
904 2962 1131 3015 δυνατὸν
1175 2961 1570 3032 στοχαστικῶς,
1615 2958 1728 3039 ἀλλ’
1764 2959 1867 3012 οὐκ

285 3053 676 3120 ἀποφαντικῶς
700 3051 905 3137 (πολλῷ
928 3054 1038 3124 γὰρ
1059 3053 1414 3106 ἀπολείπεται
1442 3051 1521 3122 τῷ
1553 3051 1737 3122 μέτρῳ
1767 3050 1865 3119 τῆς

287 3144 405 3195 κατ’
462 3143 625 3196 αὑτὸν
669 3142 930 3213 ἀληθείας
966 3144 994 3194 ὁ
1028 3141 1298 3214 ἡμέτερος
1334 3141 1502 3211 νοῦς),
1539 3142 1627 3195 διὰ
1652 3140 1759 3192 τῶν
1789 3142 1866 3192 εἰ·

287 3229 540 3299 ρημένων
571 3211 901 3301 ὑποδραμὼν
934 3230 1011 3300 τῷ
1241 3232 1335 3285 καὶ
1364 3230 1555 3303 ὥσπερ
1580 3211 1887 3302 ίχνηλατηέ

288 3337 408 3386 σας,
444 3321 644 3376 τοιόνδε
672 3323 796 3377 καθ’
828 3314 1101 3377 ὑπόνοιαν
1125 3324 1286 3394 μόνον
1312 3325 1476 3394 φημί.

1964 1867 2410 1935 procurationem
2450 1866 2641 1921 tollere
2669 1860 2955 1927 debemus,
2994 1866 3088 1921 sed
3125 1868 3308 1922 omnia
3340 1869 3553 1939 simpli-

1964 1957 2104 2013 citer
2133 1962 2190 2013 et
2216 1958 2335 2013 sine
2364 1959 2637 2023 examine,
2665 1960 2777 2015 Deo
2804 1960 3200 2017 convenienter
3224 1971 3283 2015 et
3317 1963 3546 2026 utiliter,

1964 2048 2325 2118 providentiae
2370 2049 2597 2104 laudare
2629 2062 2798 2120 opera
2847 2059 2904 2105 et
2945 2059 3170 2121 accepta
3219 2052 3448 2118 referre,
3495 2064 3551 2109 et

1964 2154 2088 2208 qua;
2124 2138 2265 2193 ﬁunt
2304 2140 2448 2195 bene
2484 2140 2601 2203 ﬁeri
2648 2141 2951 2211 conlidere,
3013 2143 3230 2198 etiamsi
3280 2145 3549 2200 rationem

1965 2244 2158 2311 corium
2185 2247 2296 2285 non
2324 2247 2617 2301 possumus
2639 2235 2882 2304 assequi.
2916 2234 3126 2291 Cuncta
3154 2250 3286 2292 vero
3316 2236 3362 2293 si
3403 2238 3548 2300 dico,

1962 2324 2335 2395 providentiae
2363 2340 2454 2380 res
2492 2325 2639 2391 dico,
2667 2326 2923 2382 videlicet
2951 2342 3061 2383 non
3090 2343 3154 2385 ea
3186 2345 3311 2400 qum
3334 2347 3366 2386 a
3391 2330 3550 2387 nobis
3611 2346 3615 2351 '

1967 2414 2269 2469 secundum
2324 2424 2535 2472 nostrae
2583 2415 2883 2473 voluntatis
2931 2425 2989 2472 et
3036 2416 3235 2475 indolis
3281 2422 3550 2478 rationem

1967 2520 2135 2577 prave
2178 2506 2351 2572 ﬁunt;
2378 2507 2494 2562 haec
2518 2507 2670 2561 enim
2692 2523 2723 2562 a
2750 2508 3112 2578 providentiae
3144 2490 3358 2568 ratione
3391 2515 3552 2584 plane

1968 2599 2196 2654 absona.
2230 2598 2453 2654 Modum
2498 2598 2667 2670 igitur
2699 2601 2984 2657 rationalis
3024 2611 3081 2656 et
3112 2600 3555 2679 conteniplativae

1926 2718 1929 2721 »
1968 2699 2289 2757 sanctorum
2317 2690 2608 2759 potestatis
2636 2698 2693 2747 et
2735 2690 2928 2762 gratiae
2958 2692 3028 2747 ab
3074 2700 3270 2766 magno
3299 2696 3407 2752 hoc
3435 2713 3552 2753 ma-

1967 2780 2138 2852 gistro
2162 2779 2531 2851 signiﬁcatum
2562 2789 2857 2851 postquam
2888 2784 3227 2854 conjectura,
3257 2801 3371 2842 non
3403 2797 3553 2844 certa

1968 2872 2425 2943 interpretatione
2450 2872 2707 2943 (multum
2732 2875 2882 2929 enim
2906 2875 3063 2931 abest
3090 2885 3153 2932 ut
3178 2893 3337 2935 mens
3364 2888 3555 2936 nostra

1968 2962 2116 3017 illius
2138 2961 2430 3016 veritatem
2452 2961 2803 3035 aequiparet),
2824 2963 3090 3034 per-hanc
3123 2949 3555 3037 disputationem

1968 3052 2140 3109 verbo
2170 3052 2391 3123 assequi
2429 3054 2661 3125 ejusque
2703 3050 2863 3124 quasi
2895 3057 3126 3128 vestigia
3156 3058 3419 3132 indagare
3457 3079 3554 3120 co-

1968 3153 2135 3203 natus
2155 3160 2300 3213 sum,
2328 3143 2491 3202 talem
2510 3162 2647 3203 esse
2675 3147 2942 3204 duntaxat
2969 3150 3244 3220 suspicor.

287 3504 509 3573 Θεωρία
540 3504 827 3574 διάφορος
883 3503 993 3571 τῆς
1037 3504 1424 3572 διαϐαθείσης
1470 3505 1590 3587 υπὸ
1621 3503 1740 3575 τῶν
1797 3506 1865 3559 ἁ-

356 3601 502 3671 γίων
548 3601 776 3668 ’ὑλικῆς
825 3599 1069 3667 δυάδος,
1107 3602 1205 3655 καὶ
1259 3602 1354 3668 τίς
1381 3602 1419 3670 ή
1449 3602 1520 3654 ἐν
1561 3598 1636 3668 τῇ
1674 3596 1870 3666 Τριάὸι

355 3692 658 3762 νοουμένη
672 3766 675 3769 _
690 3693 905 3761 ἑνότης
938 3693 1033 3762 (ο).

359 3805 459 3859 Διὰ
481 3807 553 3888 δὲ⁸
568 3805 662 3860 τοῦ
697 3805 839 3878 ὑπὲρ
867 3806 967 3878 τὴν
992 3806 1184 3878 ὑλικὴν
1229 3807 1396 3863 δυάδα
1441 3808 1718 3877 γενέσθαι,
1776 3796 1867 3864 διά

284 3897 383 3969 τὴν
409 3899 466 3949 ὲν
494 3899 561 3968 τῇ
591 3897 782 3964 Τριάδι
814 3896 1112 3967 νοουμένην
1150 3897 1400 3973 ἑνότητα,
1459 3899 1522 3950 τὸ
1574 3897 1716 3967 ὑπὲρ
1750 3898 1865 3975 ,τὴν

293 3987 427 4057 ὓλην
458 3986 714 4056 γενέσθαι
741 3986 838 4041 καὶ
860 3986 921 4038 τὸ
951 3981 1111 4051 εἶδος,
1150 3982 1314 4063 ὲξμῶν
1344 3987 1415 4040 τὰ
1445 3985 1694 4063 σώματα,
1740 3988 1867 4050 τοὺς

285 4080 476 4149 ἁγίους
505 4079 690 4148 λέγειν
726 4077 940 4134 ὑπονοῶ
967 4077 1150 4145 αὐτὸν,
1190 4058 1239 4150 if
1255 4082 1354 4150 τὴν
1399 4080 1580 4151 σάρκα
1629 4059 1731 4134 καὶ
1766 4078 1866 4151 τὴν

287 4173 445 4242 ὓλην,
471 4172 651 4243 ἇσπερ
677 4173 998 4245 διασχόντας
1030 4171 1134 4243 ἔφη
1185 4172 1306 4243 Θεῷ
1361 4172 1722 4240 συγγενέσθαι
1772 4172 1868 4225 καὶ

1967 3480 2355 3585 Contemplatio
2407 3502 2621 3563 'dioersa
2689 3506 2961 3589 superatae
3027 3525 3061 3563 α
3123 3516 3323 3573 sanctis
3383 3528 3553 3581 mare-

2036 3592 2187 3649 ﬁalis
2219 3594 2427 3666 dyadis,
2461 3604 2511 3650 et
2557 3612 2805 3666 quianam
2845 3600 2904 3655 in
2928 3600 3187 3660 Trinitate
3223 3607 3556 3683 intelligatur

2037 3688 2233 3742 unitas.

2036 3784 2194 3869 Quod
2213 3810 2398 3859 autem
2429 3804 2771 3863 materialem
2799 3807 3033 3883 dyadem
3064 3824 3329 3883 superent
3354 3822 3553 3889 sancti,

1954 3901 2192 3967 propter
2213 3897 2481 3961 unitatem
2504 3898 2562 3952 in
2579 3897 2853 3959 Trinitate
2874 3903 3237 3974 intellectam,
3256 3910 3554 3982 signiﬁcari

1965 3986 2036 4042 ab
2064 4004 2132 4043 eo
2159 3988 2412 4058 suspicor
2438 3990 2727 4079 materiam
2755 4002 2921 4065 atque
2950 3996 3206 4065 formam,
3249 4003 3396 4058 unde
3426 4016 3557 4061 sunt

1965 4090 2216 4153 corpora,
2244 4087 2530 4147 superatas
2554 4089 2649 4135 aut
2676 4096 2900 4139 carnem
2923 4094 2982 4140 et
3008 4090 3321 4157 materiam,
3350 4096 3556 4164 quibus

1965 4168 2231 4239 disruptis
2258 4184 2383 4226 cum
2410 4171 2526 4227 Deo
2548 4177 2832 4246 congressi
2858 4179 3156 4248 purissima
3180 4182 3312 4238 luce
3345 4196 3554 4257 tempe—

284 4265 363 4335 τῴ
420 4267 875 4339 ἀκραιφνεστάτῳ
927 4266 1199 4338 κραθῆναι
1244 4266 1383 4335 φωτὶ
1418 4264 1864 4336 ,καταξιωθῆναι,

1968 4261 2080 4316 rari
2117 4270 2282 4333 atque
2314 4262 2573 4333 perfundi
2607 4268 2832 4334 mereri,
2864 4269 2972 4325 hoc
3000 4279 3088 4327 est
3110 4273 3307 4331 animae
3330 4276 3400 4331 ad
3430 4293 3554 4333 car-
3586 4275 3594 4281 ’

285 4357 536 4409 τουτέστι
562 4359 661 4429 τὴν
684 4359 822 4430 πρὸς
867 4358 966 4430 τὴν
1024 4360 1206 4428 σάρκα
1265 4358 1367 4428 τῆς
1421 4356 1604 4428 ψυχῆς
1657 4358 1865 4428 σχέσιν,

286 4450 381 4502 καὶ
405 4449 492 4502 διὰ
523 4449 624 4520 τῆς
659 4452 863 4525 σαρκὸς
894 4451 1032 4522 πρὸς
1064 4451 1162 4522 τὴν
1195 4448 1352 4521 ὕλην,
1409 4451 1443 4519 ἢ
1502 4449 1732 4507 καθόλου
1785 4451 1866 4503 εί-

288 4543 429 4606 πεῖν,
461 4543 642 4611 πάσης
659 4541 758 4612 τῆς
773 4541 1098 4614 αίσθητικῆς
1119 4542 1306 4605 οὐσίας
1323 4540 1460 4611 πρὸς
1476 4541 1574 4612 τὴν
1602 4540 1867 4614 αἰσθητὴν

283 4635 656 4708 ἀποθεμένους
700 4637 937 4708 φυσικὴν
981 4639 1314 4707 οἰκειότητα,
1351 4637 1451 4709 τῆς
1484 4637 1540 4691 δὲ
1577 4637 1727 4702 θείας
1773 4635 1870 4708 μό-

283 4746 383 4798 νης
408 4729 649 4800 γνησίως
682 4731 1117 4803 ἐπιλαϐομένους
1172 4732 1437 4799 ἐφέσεως,
1487 4716 1743 4801 statim,
1790 4728 1866 4792 ὼς

285 4818 443 4891 ἔφην,
476 4822 773 4893 νοουμένην
802 4825 861 4874 ὲν
891 4820 959 4894 τῇ
989 4823 1178 4893 Τριάδι
1218 4823 1467 4891 ἑνότητα.
1517 4822 1708 4893 Μέσην
1756 4821 1877 4893 γὰρ

286 4913 545 4982 κειμένην
592 4912 728 4965 Θεοῦ
781 4913 878 4966 καὶ
926 4908 1057 4985 ὕλης
1083 4895 1384 4984 τὴνψυχὴν
1412 4913 1736 4980 ἐγνωκότες,
1772 4914 1868 4966 καὶ

285 5001 383 5064 τὰς
406 5003 541 5073 πρὸς
567 5003 737 5073 ἄμφω
764 5005 1044 5067 ἑνοποιοὺς
1073 5006 1329 5074 δυνάμεις
1354 5005 1602 5074 ἔχουσαν,
1627 5005 1718 5056 τὸν
1743 5004 1866 5057 νοῦν

287 5093 431 5162 λέγω
464 5096 605 5165 πρὸς
620 5092 709 5171 τὸν
732 5096 865 5173 Θεὸν
893 5098 1150 5169 καὶπρὸς
1175 5098 1275 5167 τὴν
1310 5096 1443 5166 ὓλην
1467 5095 1564 5166 τὴν
1590 5096 1863 5167 αἴσθησιν,

285 5187 387 5258 τὴν
439 5187 536 5257 μὲν
592 5188 848 5256 αἴσθησιν
911 5190 1050 5258 μετὰ
1094 5190 1201 5242 τῶν
1260 5188 1537 5257 αἰσθητῶν
1586 5189 1864 5254 παντελῶς

290 5279 477 5351 (176
510 5285 565 5343 a)
588 5281 1001 5345 ἁπετινάξαντο,
1031 5280 1172 5334 κατὰ
1196 5281 1294 5351 τὴν
1329 5282 1387 5335 ὲν
1419 5279 1659 5335 διαθέσει
1687 5298 1864 5352 σχετι-

288 5373 393 5443 κὴν
422 5372 724 5444 ἐνέργειαν,
754 5372 897 5426 κατὰ
924 5372 981 5425 δὲ
1010 5372 1100 5437 τόν
1125 5373 1249 5427 νοῦν
1275 5372 1585 5442 μονώτατον
1607 5375 1863 5446 ἀρρήτως

1968 4368 2120 4420 nem,
2149 4362 2206 4409 et
2235 4370 2335 4425 per
2360 4371 2585 4415 carnem
2611 4359 2679 4414 ad
2702 4361 2949 4419 materiae
2974 4363 3322 4432 relationem,
3359 4369 3466 4434 vel,
3494 4380 3557 4425 ut

1968 4445 2028 4501 in
2056 4448 2373 4505 universum
2411 4451 2626 4522 loquar,
2661 4455 2812 4509 omni
2857 4457 3103 4523 sensuaii
3142 4462 3382 4517 essentia
3427 4479 3555 4521 cum

1967 4539 2219 4595 sensibili
2275 4543 2429 4598 exuti
2471 4545 2779 4601 naturalem
2834 4551 3254 4619 necessitatem,
3304 4538 3554 4612 divinum

1969 4632 2236 4691 duntaxat
2268 4648 2417 4691 recte
2452 4639 2756 4708 appetitum
2792 4645 2992 4707 secuti,
3026 4655 3256 4715 propter
3284 4649 3554 4706 unitatem

1968 4738 2112 4793 quae,
2143 4731 2207 4778 ut
2244 4725 2378 4791 dixi,
2424 4727 2480 4785 in
2510 4729 2780 4787 Trinitate
2826 4733 3175 4807 intelligitur.
3221 4737 3359 4794 Cum
3403 4743 3553 4797 enim

1968 4816 2207 4873 mediam
2250 4818 2396 4873 inter
2429 4820 2604 4876 Deum
2644 4831 2702 4877 et
2733 4827 3023 4881 materiam
3065 4830 3388 4895 collocatam
3435 4836 3558 4889 ani-

1967 4925 2284 4966 mamesse
2334 4912 2740 4981 intellexerint,
2794 4928 2853 4974 et
2897 4919 3103 4977 habere
3144 4923 3201 4977 in
3255 4932 3555 4997 utrumque

1968 5003 2200 5063 uniendi
2244 5019 2365 5060 sese
2396 5006 2784 5080 conﬂandique
2815 5019 3139 5082 potestates,
3186 5015 3553 5086 intellectum,

1968 5098 2216 5169 inquam,
2262 5098 2320 5155 in
2340 5098 2518 5167 Deum
2562 5110 2620 5157 et
2648 5102 2706 5157 in
2740 5106 3028 5161 materiam
3059 5094 3302 5176 sensum,
3331 5125 3557 5168 sensum

1970 5192 2194 5261 quidem
2222 5208 2330 5247 una
2353 5207 2479 5247 cum
2510 5194 2867 5252 sensibilibus
2896 5198 3057 5268 plane
3083 5200 3427 5272 abjecerunt,
3459 5220 3558 5274 per

1970 5283 2253 5339 relativam
2302 5284 2360 5338 in
2405 5284 2700 5342 ail‘ectione
2731 5291 3126 5358 operationem,
3155 5302 3213 5349 et
3242 5310 3344 5365 per
3377 5297 3556 5353 solum

1968 5373 2310 5431 intellectum
2342 5376 2610 5434 ineﬂ'abili
2648 5382 2815 5438 modo
2853 5399 2975 5439 eam
3019 5385 3088 5441 ad
3121 5387 3293 5443 Deum
3337 5404 3557 5446 accom-

1602 5481 1836 5538 VARIIE
1871 5479 2164 5540 LECTIUN
2174 5485 2274 5541 ES.

359 5581 405 5615 “
434 5580 536 5636 Hie
566 5579 917 5646 vocabulum,
948 5579 1096 5649 quod
1127 5595 1253 5635 cum
1278 5577 1371 5633 τοῦ
1398 5579 1682 5650 jungatur,
1708 5579 1981 5636 excidisse
2008 5582 2280 5652 suspicor.

358 5696 434 5769 to)
462 5696 545 5753 Cf.
572 5696 734 5767 Grcg.
768 5697 897 5751 Naz.
936 5696 1086 5752 Orat.
1136 5700 1224 5766 lll,
1264 5699 1341 5753 De
1372 5717 1521 5770 pace,
1553 5717 1672 5772 cap.
1709 5701 1763 5769 8,
1800 5718 1859 5771 p.
1901 5705 2027 5774 430,
2061 5714 2193 5761 tom.
2227 5706 2268 5773 l,
2297 5705 2435 5778 Opp.
2468 5709 2558 5765 ed.
2594 5710 2728 5768 Ben.

605 5791 879 5885 Parnm.
914 5791 1029 5851 Gn.
1066 5793 1228 5854 XCI.

3202 5810 3282 5873 38
