4038 6146
509 264 643 326 1135

1671 267 1728 324 ς.
1770 265 2056 328 ΜΛΧΙΜΙ
2095 264 2604 328 CONFESSORIS

3660 273 3805 337 1196

507 387 888 435 tnotla‘verunt,
921 392 1157 445 quocum
1203 384 1393 442 totam,
1433 385 1690 446 tanquam
1737 376 1926 434 forum
1971 377 2089 447 pri—

2196 378 2362 448 αύτὴν
2387 377 2465 449 τῷ
2488 378 2608 450 Θεῷ
2634 379 3078 451 προσῳκείωσλν,
3131 381 3262 452 πρὸς
3319 384 3381 436 ὃν
3434 385 3566 438 ὅλον
3613 386 3808 454 ἀγνώ-

509 471 759 538 migeniu:
808 469 1098 538 imaginem
1163 479 1270 523 tam
1316 478 1498 524 mente
1547 485 1710 538 quam
1765 469 1976 524 ratione
2024 484 2090 524 ac

507 563 724 632 spiritu,
761 560 1303 629 incomprehensibili
1352 560 1514 614 modo
1561 560 1807 622 unitam,
1859 569 1919 613 ut
1967 575 2089 628 qua:

507 654 927 710 similitudinem
960 655 1201 708 humano
1248 653 1434 723 captui
1482 668 1668 722 parem
1717 652 1966 714 haberet,
2011 652 2090 705 vi-

504 749 718 814 dentes,
755 745 1024 802 unitatem
1069 746 1125 799 in
1168 745 1438 799 Trinitate
1482 744 1816 799 intellectam
1861 743 2089 815 mystice

505 839 842 894 didicerunt.
875 837 1128 892 Fortasse
1151 852 1284 892 vero
1312 838 1479 892 etiam
1510 837 1755 894 animum
1794 847 1850 892 et
1886 852 2088 892 concu-

504 930 827 1000 piscentiam
859 930 1197 984 materialem
1223 928 1452 1001 dyadem
1484 929 1780 999 appellavit
1808 929 2088 999 magister,

506 1033 798 1093 propterea
832 1021 982 1092 quod
1017 1021 1261 1074 materiae
1299 1019 1616 1074 adhaereant
1655 1019 1875 1089 sintque
1919 1019 2092 1089 passi-

504 1132 584 1172 vae
611 1116 808 1171 animae
832 1115 1007 1186 partis
1038 1121 1359 1184 potestates,
1393 1129 1515 1183 qua:
1549 1129 1674 1168 cum
1703 1112 1917 1168 ratione
1949 1109 2093 1166 sedi-

506 1210 644 1266 tiose
687 1209 1025 1265 contendant
1073 1217 1423 1278 mentemque
1472 1209 1528 1263 in
1563 1207 1735 1262 multa
1782 1205 2092 1261 distrahere

505 1303 739 1374 possint,
763 1301 870 1356 nisi
895 1301 966 1356 ab
990 1301 1150 1355 initio
1182 1301 1287 1356 sibi
1315 1300 1624 1356 coercuerit
1651 1315 1745 1354 eas
1777 1307 1942 1368 atque
1962 1297 2094 1352 sub-

501 1395 799 1468 jugaverit.
827 1395 975 1463 Quas
997 1396 1045 1449 si
1073 1395 1198 1464 quis
1223 1394 1496 1450 devicerit
1525 1403 1583 1450 et
1607 1409 1832 1449 currere
1857 1408 1969 1462 quo
1993 1391 2092 1446 de-

507 1491 642 1546 bent
667 1488 749 1542 eis
776 1486 1134 1558 persuaserit,
1170 1485 1309 1541 adeo
1337 1494 1396 1540 ut
1440 1485 1672 1541 rationis
1697 1485 1932 1555 imperio
1965 1485 2095 1538 sub-

502 1585 662 1652 jecta!
689 1587 1011 1650 appareant,
1049 1587 1146 1632 aut
1176 1578 1342 1633 etiam
1389 1579 1617 1634 omnino
1663 1578 1951 1648 reliquerit
1976 1593 2091 1640 eas,

507 1683 564 1729 et
594 1674 747 1729 solus
779 1681 1032 1726 teneatur
1059 1671 1311 1726 rationali
1345 1682 1400 1727 et
1427 1671 1850 1741 contemplativa
1887 1685 2008 1739 quae
2035 1671 2089 1724 in

507 1775 762 1822 neutram
806 1773 1014 1834 partem
1043 1772 1231 1833 vergat
1264 1763 1570 1819 secundum
1595 1763 1920 1818 charitatem
1957 1779 2093 1833 gno-

509 1859 643 1912 stice
671 1856 954 1919 illecebra,
981 1854 1048 1909 ad
1075 1871 1239 1909 unam
1270 1863 1328 1909 et
1355 1857 1526 1911 solam
1556 1871 1623 1910 ex
1648 1857 1836 1910 multis
1860 1869 2091 1924 eamque

508 1963 700 2016 puram
730 1956 788 2001 et
830 1945 1136 2015 simplicem
1168 1954 1225 1999 et
1275 1944 1568 2000 indivisam
1611 1945 1697 1999 vis
1743 1945 1811 2000 de
1843 1945 2090 2014 appetitu

508 2039 818 2094 fortissimae
872 2037 1169 2091 motionem
1215 2045 1555 2100 contractus,
1591 2051 1698 2104 qua
1739 2035 1882 2090 circa
1918 2034 2091 2088 Deum

507 2139 773 2202 perpetuo
817 2129 876 2183 in
923 2129 1209 2186 idenlitate
1238 2129 1502 2198 perennis
1527 2127 1801 2198 appetitus
1832 2127 2095 2182 motionis

507 2223 614 2278 sibi
667 2223 1022 2279 stabilitatem
1060 2222 1442 2292 philosOphice
1491 2222 1766 2287 ﬁrmavit,
1804 2223 1851 2276 is
1901 2237 2090 2276 revera

509 2318 703 2372 beatus
733 2325 836 2381 est,
873 2326 930 2370 et
962 2315 1147 2385 attigit
1178 2329 1291 2369 non
1334 2329 1519 2372 veram
1564 2315 1740 2368 solum
1789 2322 1845 2368 et
1877 2314 2090 2368 beatam

509 2409 816 2464 unitionem
871 2422 996 2462 cum
1051 2414 1239 2462 sancta
1306 2407 1612 2471 Trinitate,
1669 2405 1764 2460 sed
1823 2406 2090 2460 unitatem

506 2518 727 2574 quoque
752 2501 807 2555 in
836 2510 1023 2557 sancta
1053 2499 1323 2562 Trinitate
1351 2500 1662 2564 intellectae,
1689 2499 1919 2569 simplex
1943 2498 2093 2552 vide-

508 2596 636 2650 licet
668 2601 727 2649 et
773 2592 1046 2649 indivisus
1077 2601 1135 2648 et
1163 2593 1456 2648 uniformis
1499 2591 1804 2647 secundum
1853 2599 2094 2662 potesta—

510 2698 618 2741 tem
664 2701 788 2740 cum
835 2685 1073 2754 simplici
1107 2683 1412 2740 secundum
1449 2685 1744 2738 essentiam
1773 2691 1830 2738 et
1859 2682 2091 2738 indivisa

510 2777 598 2830 iila
625 2790 973 2846 congressus,
1001 2783 1059 2829 et
1088 2774 1395 2829 secundum
1426 2775 1676 2829 habitum
1704 2776 1971 2830 virtutum
1997 2775 2094 2829 bo-

508 2868 738 2921 nitatem
771 2866 876 2920 sibi
924 2869 1143 2934 semper
1188 2875 1530 2920 constantem
1580 2882 1679 2935 pro
1717 2866 1930 2920 viribus
1977 2867 2093 2921 suis

506 2957 815 3021 azmuiatus,
850 2954 1184 3025 proprietate
1215 2965 1547 3024 potestatum
1587 2959 1915 3014 naturaliter
1947 2959 2090 3014 divi-

507 3047 752 3101 sibilium
787 3062 885 3116 per
909 3047 1138 3117 gratiam
1169 3047 1308 3103 uniti
1336 3049 1432 3103 Dei
1466 3049 1735 3118 deposita.

513 3245 801 3300 Ειιανιάεἱο
844 3243 909 3296 de
954 3242 1190 3308 passibili
1230 3246 1455 3308 anima,
1495 3245 1658 3315 deque
1704 3249 2087 3305 universalibus

775 3337 888 3406 ejus
919 3335 1258 3390 divisionibus
1289 3345 1338 3388 et
1375 3336 1823 3392 subdivisionibus.

577 3537 854 3593 Dividitur
893 3537 1064 3600 enim,
1119 3543 1177 3588 ut
1223 3535 1435 3599 dicunt,
1485 3537 1680 3592 animae
1729 3540 1986 3609 passibile
2035 3543 2089 3596 in

505 3646 626 3684 eam
656 3638 868 3698 partem
897 3643 1019 3697 qua!
1049 3627 1247 3681 rationi
1289 3628 1480 3683 obedit
1506 3638 1562 3683 et
1594 3630 1648 3684 in
1678 3645 1796 3684 eam
1826 3647 1947 3702 qua:
1981 3649 2090 3688 non

506 3722 697 3776 obedit
742 3719 964 3776 rationi.
993 3720 1174 3789 Atque
1215 3735 1336 3774 eam
1382 3723 1476 3792 qui
1523 3739 1636 3778 non
1679 3725 1866 3780 obedit
1891 3729 2090 3782 rationi

507 3811 764 3866 dividunt
791 3811 847 3866 in
880 3826 1000 3865 eam
1027 3811 1120 3880 qui
1156 3810 1262 3867 alit
1302 3820 1358 3867 et
1385 3814 1580 3880 nutrit,
1609 3831 1772 3885 quam
1808 3817 2089 3889 physicam

507 3905 806 3974 appellant,
833 3911 888 3957 et
927 3903 980 3958 in
1009 3903 1312 3975 physicam,
1344 3921 1509 3975 quam
1541 3908 1819 3977 appellant
1848 3911 2087 3978 vitalem,

507 4013 740 4067 quarum
775 4005 970 4053 neutra
1006 3996 1202 4051 rationi
1246 3996 1513 4052 obediens
1559 3999 1760 4068 agitur,
1809 4016 1917 4054 non
1960 4001 2092 4055 obe-

507 4093 665 4147 diens
685 4107 820 4148 vero
849 4091 1044 4146 rationi
1072 4091 1200 4145 ideo
1228 4092 1558 4161 appellatur,
1589 4094 1716 4163 quia
1744 4110 1852 4148 non
1881 4096 2090 4150 ratione

508 4184 708 4252 agitur.
733 4182 995 4238 Crescere
1025 4183 1197 4246 enim,
1230 4185 1312 4236 vel
1358 4182 1502 4238 bona
1529 4186 1846 4240 valetudine
1874 4187 1974 4249 uti,
2005 4189 2089 4242 vel

507 4275 717 4338 vivere,
745 4288 856 4331 non
898 4286 1070 4341 penes
1113 4286 1214 4326 nos
1253 4280 1357 4326 est.
1387 4272 1484 4328 llla
1525 4281 1708 4327 autem
1739 4290 1860 4342 qua:
1889 4277 2087 4330 rationi

506 4367 695 4423 obedit
712 4366 766 4422 in
784 4365 895 4421 duo
912 4363 1200 4427 dividitur,
1221 4361 1276 4415 in
1302 4363 1852 4433 concupiscentivum
1875 4375 1930 4420 et
1955 4368 2093 4422 iudi-

506 4461 808 4533 gnativum.
836 4455 1116 4513 Obediens
1131 4470 1262 4509 vero
1285 4455 1482 4510 rationi
1503 4466 1700 4510 vocant
1728 4461 1854 4526 quia
1890 4459 2089 4516 rationi

2192 465 2331 532 στως
2362 470 2658 524 ὲνωθεῖσαν
2686 471 2814 538 ὅλην
2839 473 2917 532 ὡς
2941 472 3248 541 ἀρχετύπου
3273 476 3467 528 εἰκόνα
3491 477 3641 528 κατὰ
3669 477 3807 530 νοῦν

2192 559 2284 611 καὶ
2323 559 2481 626 λόγον
2513 560 2609 613 καὶ
2640 555 2894 630 πνεῦμα,
2939 561 3017 625 ὡς
3069 564 3286 631 ἐφικτὸν
3333 565 3464 616 καθ’
3523 567 3805 635 ὁμοίωσιν

2191 649 2424 719 ἔχουσαν
2466 653 2527 704 τὸ
2560 653 2799 722 ἐμφερὲς
2835 652 3184 724 θεασάμενοι,
3221 656 3323 724 τὴν
3364 659 3425 709 ἐν
3466 661 3537 727 τῇ
3586 659 3802 730 ,Τριάδι

2192 745 2492 814 νοουμένην
2537 745 2763 814 ἑνότητα
2799 745 3075 815 μυστικῶς
3108 747 3494 818 ἐδιδάχθησαν.
3527 748 3717 819 τυχὸν
3743 750 3804 803 δὲ

2193 836 2286 892 καὶ
2309 836 2399 888 τὸν
2430 836 2601 905 θυμὸν
2634 837 2729 889 καὶ
2755 837 2852 906 τὴν
2882 837 3178 907 ἐπιθυμίαν
3193 837 3385 909 ὑλικὴν
3407 839 3582 892 δυάδα
3608 857 3800 910 προσ-

2195 929 2498 999 ηγόρευσεν
2538 931 2566 982 ὀ
2597 928 2941 994 διδάσκαλος,
2976 930 3066 983 διὰ
3094 933 3156 982 τὸ
3213 932 3526 1002 προσύλους
3564 935 3665 986 καὶ
3697 934 3803 987 τοῦ

2193 1019 2498 1089 παθητικοῦ
2523 1020 2622 1090 τῆς
2649 1021 2832 1092 ψυχῆς
2863 1022 3064 1092 μέρους
3111 1023 3280 1084 αὑτὰς
3317 1019 3459 1076 εῖναι
3495 1024 3800 1095 δυνάμεις,

2193 1114 2441 1184 καὶπρὸς
2465 1114 2560 1168 τὸν
2583 1113 2743 1182 λόγον
2766 1118 3188 1181 στασιαζούσας,
3222 1117 3316 1169 καὶ
3343 1118 3424 1180 είς
3448 1118 3626 1171 πολλὰ
3658 1135 3800 1171 σκε-

2193 1205 2353 1259 δάσαι
2373 1205 2464 1258 τὸν
2484 1204 2610 1260 νοῦν
2624 1205 2950 1277 δυναμένας,
2969 1209 3018 1260 εἰ
3039 1207 3112 1277 μὴ
3130 1208 3188 1273 ἐξ
3208 1209 3384 1278 ἀρχῆς
3398 1209 3812 1280 ἐπιστημόνως

2193 1298 2378 1367 ἄγχων
2413 1297 2592 1367 ἑαυτῷ
2619 1298 2989 1365 ύποζεύξειεν.
3024 1293 3123 1352 Ὧν
3148 1301 3202 1352 ετ
3233 1318 3318 1360 τις
3350 1303 3660 1371 κρατήσειε
3696 1305 3800 1355 καὶ

2195 1390 2280 1458 ἐφ’
2333 1389 2480 1442 ἃδεῖ
2537 1391 2856 1462 πρεπόντως
2911 1392 3173 1461 φέρεσθαι
3236 1394 3468 1456 πείσειε,
3517 1393 3801 1457 δουλικῶς

2195 1480 2610 1549 ύπεζευγμένας
2644 1484 2711 1551 τῇ
2742 1481 3038 1553 δυναστείᾳ
3066 1482 3162 1536 τοῦ
3194 1484 3378 1551 λόγου,
3424 1485 3456 1556 ἢ
3501 1487 3597 1538 καὶ
3648 1504 3799 1540 παν-

2193 1573 2363 1636 τελῶς
2392 1573 2566 1638 αὑτὰς
2599 1574 2888 1629 ἀπολιπὼν
2917 1576 3198 1638 ἀπολίποι,
3232 1578 3330 1630 καὶ
3360 1579 3521 1646 μόνος
3551 1579 3658 1647 τῆς
3692 1580 3801 1648 ἀρ-

2198 1665 2398 1736 ῥεποῦς
2429 1666 2550 1719 κατ’
2579 1667 2804 1738 ἀγάπην
2843 1669 3154 1738 γνωστικῆς
3195 1668 3282 1720 διὰ
3320 1668 3480 1735 λόγου
3519 1671 3619 1723 καὶ
3659 1674 3800 1724 Θεω-

2200 1757 2320 1828 ρίας
2365 1757 2550 1827 ἔχεται
2601 1757 2855 1823 θέλξεως,
2906 1761 3002 1811 καὶ
3048 1761 3184 1830 πρὸς
3233 1759 3362 1830 μίαν
3393 1760 3489 1813 καὶ
3519 1761 3700 1832 μόνην
3726 1764 3798 1813 ἐκ

2195 1849 2303 1901 τῶν
2338 1848 2550 1901 πολλῶν
2583 1849 2830 1919 καθαράν
2871 1867 2928 1902 τε
2954 1852 3048 1904 καὶ
3098 1851 3274 1922 ἁπλῆν
3321 1853 3416 1904 καὶ
3469 1852 3797 1923 ἀδιαίρετον

2194 1943 2291 2009 τῆς
2324 1941 2440 1993 κατ’
2466 1940 2654 2010 ἔφεσιν
2675 1941 3059 2012 ἀρρενωτάτης
3091 1941 3373 2010 δυνάμεως
3405 1943 3623 2014 κίνησιν
3667 1960 3798 1995 συν-

2195 2034 2415 2104 εστάλη,
2442 2033 2565 2086 καθ’
2605 2036 2674 2103 ῆν
2704 2035 2835 2105 περὶ
2863 2035 2994 2088 Θεὸν
3045 2036 3443 2106 ἀκαταλήκτως
3489 2039 3552 2088 ὲν
3588 2040 3797 2090 ταυτό-

2194 2143 2315 2196 τητι
2367 2126 2482 2196 τῆς¹
2517 2126 2636 2182 κατ’
2669 2126 2856 2196 ἔφεσιν
2879 2128 3220 2198 ἀεικινησίας
3249 2127 3429 2198 ἑαυτῷ
3473 2131 3796 2198 φιλοσόφως

2195 2219 2436 2288 ἐπήξατο
2479 2221 2578 2290 τὴν
2615 2220 2976 2290 μονιμότητα,
3027 2221 3299 2291 μακάριος
3329 2222 3498 2284 ὅντως
3527 2223 3650 2275 ἐστι
3689 2223 3793 2292 τῆς

2195 2307 2428 2379 ἀληθοῦς
2453 2328 2514 2363 τε
2545 2313 2641 2364 καὶ
2683 2311 2959 2381 μακαρίας
2987 2311 3164 2382 τυχὼν
3211 2313 3270 2364 οὐ
3325 2315 3488 2382 μόνον
3531 2315 3791 2377 ὲνὼσεως

2193 2402 2294 2472 τῆς
2324 2402 2460 2473 πρὸς
2488 2405 2587 2472 τὴν
2620 2403 2781 2471 ἁγίαν
2804 2402 3030 2473 Τριάδα,
3063 2403 3198 2456 ἀλλὰ
3248 2406 3342 2457 καὶ
3389 2407 3644 2477 ἑνότητός
3683 2407 3790 2476 τῆς

2195 2494 2252 2545 ὲν
2271 2496 2337 2564 τῇ
2368 2495 2502 2564 ἁγίᾳ
2523 2493 2717 2564 Τριάδι
2745 2494 3062 2565 νοουμένης,
3101 2495 3175 2558 ὼς
3199 2495 3407 2560 ἁπλοῦς
3462 2500 3556 2552 καὶ
3604 2500 3790 2553 eam.

2197 2601 2350 2654 ρετος
2380 2587 2472 2638 καὶ
2491 2586 2766 2656 μονοειδὴς
2791 2579 2930 2640 κατᾶ
2945 2586 3042 2657 τὴν
3055 2586 3283 2657 δύναμιν
3307 2589 3443 2658 πρὸς
3468 2589 3567 2660 τὴν
3595 2591 3788 2661 ἁπλῆν

2196 2678 2290 2732 καὶ
2317 2680 2622 2749 ἀδιαίρετον
2673 2680 2815 2732 κατὰ
2855 2680 2953 2749 τὴν
3003 2679 3191 2732 ουσίαν
3231 2685 3624 2753 γεγενημένος,
3689 2687 3787 2737 καὶ

2195 2775 2336 2827 κατᾶ
2360 2774 2460 2842 τὴν
2495 2773 2607 2838 ἕξιν
2664 2774 2774 2825 τῶν
2825 2772 3038 2843 ἀρετῶν
3083 2773 3183 2846 τὴν
3235 2774 3502 2840 ὡσαύτως
3547 2778 3784 2848 ἔχουσαν

2194 2861 2506 2932 ἀγαθότητα
2531 2863 2673 2916 κατὰ
2717 2862 2780 2916 τὸ
2817 2864 3038 2932 ἐφικτὸν
3073 2865 3506 2936 ἐκμιμούμενος,
3550 2871 3646 2922 καὶ
3681 2872 3784 2940 τὴν

2197 2957 2436 3026 ἰδιότητα
2460 2956 2566 3008 τῶν
2588 2957 2727 3009 κατὰ
2752 2955 2912 3026 φύσιν
2943 2958 3216 3027 μεριστῶν
3245 2958 3534 3029 δυνάμεων
3561 2962 3651 3015 διὰ
3679 2964 3781 3034 τὴν

2118 3068 2160 3124 C
2194 3049 2287 3104 τοῦ
2315 3048 2607 3113 ὲνωθέντος
2631 3048 2766 3102 Θεοῦ
2803 3050 2846 3080 ¹⁸
2867 3049 3025 3121 χάριν
3059 3050 3418 3122 ἀποθέμενος.

2208 3247 2530 3315 Ἔξήγησις
2574 3247 2705 3314 περὶ
2735 3246 2839 3300 τοῦ
2867 3249 3200 3314 παθητικοῦ
3230 3249 3342 3316 τῆς
3367 3251 3580 3319 ψυχῆς
3604 3293 3620 3316 ,
3677 3259 3775 3308 λαὶ

2262 3338 2381 3391 τῶν
2415 3337 2603 3390 αὐτοῦ
2633 3338 2970 3392 καθολικῶν
3016 3338 3366 3407 διιιιρέσεὼν
3393 3359 3456 3395 τε
3503 3345 3599 3398 καὶ
3632 3350 3780 3400 ὐπο-

2260 3428 2627 3496 διαιρέσεων.

2266 3539 2452 3609 (176
2474 3537 2527 3607 b)
2559 3541 2858 3608 Διαιρεῖται
2900 3540 3028 3611 γὰρ,
3065 3541 3140 3604 ὥς
3173 3559 3307 3611 φασι
3328 3586 3340 3606 ,
3376 3547 3437 3599 τὸ
3478 3549 3780 3619 παθητικῦν

2194 3631 2289 3700 τῆς
2314 3630 2492 3700 ψυχῆς
2518 3631 2597 3693 εῐς
2620 3647 2680 3683 τε
2707 3631 2768 3683 τὸ
2795 3632 3078 3696 ὲπιπειθὲς
3099 3634 3268 3704 λόγῳ,
3294 3638 3388 3690 καὶ
3411 3639 3474 3691 τὸ
3503 3641 3582 3712 μὴ
3606 3644 3782 3695 ττειθό⁸

2173 3739 2355 3804 ,μενον
2400 3723 2564 3792 λόγῳ.
2625 3723 2734 3776 Καὶ
2772 3724 2834 3776 τὸ
2867 3724 2965 3794 μὲν
2997 3725 3139 3796 λόγῳ
3179 3729 3254 3797 μὴ
3288 3730 3616 3801 πειθόμενον
3645 3734 3784 3789 διαιέ

2195 3815 2381 3886 ροῦσιν
2432 3817 2513 3879 εις
2561 3817 2623 3868 τὸ
2670 3817 2993 3887 θρεπτικὸν,
3044 3819 3072 3870 ὅ
3117 3820 3344 3874 καλοῦσι
3379 3827 3644 3892 φυσικὸν,
3692 3829 3780 3880 καὶ

2193 3909 2272 3969 είς
2304 3908 2364 3960 τὸ
2394 3907 2651 3976 φυσικὸν,
2700 3908 2728 3961 ὃ
2763 3909 2987 3978 καλοῦσι
3017 3909 3284 3976 ζωτικὸν,
3328 3908 3402 3968 ὢν
3432 3916 3779 3989 οὐδέτερονη

2193 3999 2335 4068 λόγῳ
2389 3999 2710 4069 πειθόμενον
2764 4001 2960 4069 ἄγεται
2991 4019 3005 4033 ο
3070 4005 3172 4058 οὐκ
3219 4006 3507 4072 ὲπιπειθὲς
3544 4010 3603 4062 δὲ
3645 4012 3781 4081 λόγῳ

2194 4091 2472 4155 καλεῖται,
2515 4091 2706 4163 ἐπειδὴ
2743 4093 2816 4163 μὴ
2844 4093 3088 4162 πέφυκεν
3117 4095 3348 4164 ἄγεσθαι
3375 4097 3542 4170 λόγῳ.
3581 4101 3656 4154 Τὸ
3681 4104 3780 4172 γὰρ

2193 4185 2446 4249 αὐξάνειν
2472 4225 2486 4248 ,
2543 4185 2577 4256 ἢ
2615 4185 2880 4254 ὑγιαίνειν
2904 4225 2918 4248 ,
2970 4188 3004 4257 ἢ
3041 4187 3177 4258 ζῇν,
3227 4191 3328 4242 οὐκ
3359 4191 3512 4244 ἔστιν
3546 4194 3605 4245 ὲν
3634 4197 3777 4264 ἡμῖν.

2194 4277 2267 4330 Τὸ
2305 4277 2361 4328 δὲ
2392 4276 2670 4341 ὲπιπειθὲς
2711 4277 2853 4348 λόγῳ
2881 4277 3171 4348 διαιρεῖται
3214 4283 3294 4345 εἰς
3323 4283 3441 4345 δύο,
3477 4284 3540 4337 τό
3575 4302 3636 4338 τε
3666 4290 3778 4339 ἐπι-

2195 4368 2498 4439 θυμητικὸν
2525 4369 2618 4421 καὶ
2643 4368 2704 4421 τὸ
2729 4367 2978 4438 θυμικόν.
2999 4370 3317 4436 Ἐπιπειθὲς
3337 4375 3398 4428 δὲ,
3418 4375 3567 4446 λόγῳ
3593 4377 3779 4430 καλοῦ-

2197 4477 2280 4513 σιν
2332 4460 2494 4525 αὐτὸ,
2549 4460 2685 4513 διότι
2731 4460 2875 4536 λόγῳ
2917 4463 3160 4530 πέφυκεν
3209 4466 3268 4516 ἐν
3313 4469 3427 4528 τοῖς
3473 4470 3781 4533 σπουδαίοις

509 4559 562 4608 in
587 4551 747 4608 bonis
772 4557 964 4620 agatur
989 4558 1046 4604 et
1067 4548 1415 4617 subjiciatur.
1455 4549 1668 4604 Rursus
1691 4551 2089 4621 concupiscen-

2196 4551 2424 4620 ἄγεσθαί
2451 4569 2510 4604 τε
2541 4554 2634 4604 καὶ
2665 4553 3090 4606 ὑποτάσσεσθαι.
3129 4555 3300 4610 Πάλιν
3329 4557 3386 4611 δὲ
3422 4559 3481 4611 τὸ
3513 4562 3780 4631 ἐπιθυμη-

507 4647 678 4699 tivum
706 4642 962 4698 dividunt
992 4641 1046 4696 in
1071 4640 1408 4708 voluptatem
1436 4651 1493 4696 et
1515 4641 1783 4700 dolorem.
1818 4643 2092 4714 Concupi-

507 4737 713 4792 sccntia
764 4735 912 4791 enim
964 4734 1077 4788 voti
1114 4733 1199 4788 sui
1242 4748 1468 4802 compos
1512 4735 1850 4803 voluptatem
1897 4736 2087 4801 efficit,

507 4842 615 4881 non
647 4841 896 4894 compos,
937 4823 1206 4880 dolorem.
1238 4824 1306 4877 Et
1347 4839 1538 4877 rursus
1570 4825 1872 4880 secundum
1919 4827 2089 4882 alium

508 4915 729 4969 modum
765 4913 1268 4983 concupiscentiam
1315 4913 1540 4969 tradunt
1570 4914 1804 4970 divisam
1850 4927 2092 4986 quatuor

509 5024 616 5060 una
647 5023 772 5062 cum
802 5022 860 5062 se
903 5007 1017 5076 ipsa
1047 5006 1250 5061 fortnas
1281 5005 1500 5061 etlicere
1536 5007 1841 5073 universas,
1889 5025 2093 5064 concu—

509 5100 852 5165 piscentiam,
884 5099 1243 5169 voluptatem,
1279 5108 1509 5164 metum,
1540 5100 1809 5155 dolorem.
1842 5101 2092 5172 Cumque

512 5204 695 5243 rerum
722 5205 850 5258 pars
878 5190 1020 5244 bona
1051 5189 1142 5252 sit,
1172 5205 1297 5258 pars
1329 5192 1489 5254 mala,
1524 5192 1639 5245 hate
1667 5208 1798 5247 vero
1830 5203 1926 5247 aut
1957 5209 2095 5264 prae—

515 5282 689 5334 sentia
733 5282 844 5336 sint
886 5291 980 5336 aut
1028 5282 1234 5346 futura,
1285 5281 1491 5336 bonum
1539 5283 1686 5352 quod
1737 5294 2094 5354 exspectatur

517 5371 1013 5438 concupiscentiam
1049 5370 1285 5438 vocavit,
1335 5374 1480 5443 quod
1530 5387 1793 5444 przescns,
1840 5377 2093 5446 volupta-

528 5472 655 5522 [πη
687 5467 742 5511 et
785 5474 976 5516 rursus
1020 5461 1222 5516 malum
1258 5459 1402 5532 quod
1453 5475 1820 5534 exspectatur,
1860 5478 2092 5534 metum,

2197 4647 2348 4700 τικὺν
2389 4646 2690 4716 διαιροῦσιν
2735 4649 2814 4710 εἰς
2851 4647 3044 4718 ἡδονὴν
3090 4649 3187 4702 καὶ
3211 4649 3415 4722 λύπην.
3459 4653 3783 4724 Ἐπιτυγχά-

2201 4753 2368 4788 νουσα
2408 4736 2518 4804 γὰρ
2565 4735 2829 4806 ἐπιθυμία
2860 4737 3052 4808 ἡδονὴν
3079 4739 3416 4809 ἐργάζεται,
3468 4743 3782 4815 ἀποτυγχά-

2199 4845 2365 4881 νουσα
2390 4827 2446 4880 δὲ
2477 4827 2674 4898 λύπην.
2735 4827 2846 4881 Καὶ
2876 4829 3033 4882 πάλιν
3063 4829 3186 4882 καθ’
3211 4831 3399 4902 ἕτερον
3425 4836 3630 4906 τρόπον
3661 4839 3783 4906 φασὶ

2199 4921 2298 4991 τὴν
2358 4920 2652 4990 ἐπιθυμίαν
2707 4920 3089 4992 διαιρουμένην
3149 4923 3396 4995 τέσσαρα
3464 4931 3563 4982 σὺν
3623 4931 3781 4999 ἑαυτῇ

2198 5013 2267 5066 τὰ
2318 5015 2492 5066 πάντα
2539 5013 2654 5084 εἴδη
2700 5017 2900 5077 ποιεῖν,
2959 5013 3285 5083 ἐπιθυμίαν,
3337 5018 3555 5087 ἡδονὴν,
3604 5022 3784 5090 φόϐον,

2201 5105 2294 5156 καὶ
2310 5104 2505 5176 λύπην.
2538 5107 2646 5157 Καὶ
2666 5104 2855 5174 ἐπειδὴ
2877 5103 2984 5156 τῶν
3007 5103 3177 5157 ὄντων
3200 5107 3271 5160 τὰ
3297 5109 3399 5178 μέν
3416 5113 3569 5165 ἐστιν
3590 5113 3783 5180 ἀγαθὰ,

2199 5198 2266 5250 τὰ
2289 5197 2343 5249 δὲ
2375 5197 2553 5265 φαῦλα
2579 5235 2592 5252 .
2625 5196 2794 5250 ταῦτα
2834 5197 2888 5248 δὲ
2935 5197 2966 5266 ἢ
3004 5198 3250 5267 παρόντα
3294 5201 3326 5272 ἧ
3362 5203 3629 5272 μέλλοντά
3651 5207 3781 5269 ἐστι,

2201 5289 2651 5358 προσδοκώμενον
2717 5290 2847 5358 μὲν
2881 5288 3086 5355 ἀγαθὸν
3157 5291 3466 5364 ἐπιθυμίαν
3525 5297 3782 5360 ἐκάλεσε,

2201 5386 2376 5455 παρὸν
2396 5385 2450 5438 δὲ
2479 5385 2689 5454 ἡδονὴν,
2721 5387 2810 5438 καὶ
2833 5384 2993 5438 πάλιν
3026 5385 3486 5458 προσδοκώμενον
3510 5391 3678 5444 κακδν
3701 5393 3776 5459 φὴ

2199 5473 2292 5526 σον
2317 5514 2332 5539 ,
2386 5477 2556 5547 παρἰν
2587 5477 2643 5529 δὲ
2677 5475 2848 5545 λύπην
2875 5493 2886 5505 ·
2944 5475 3017 5536 ὡς
3065 5469 3208 5527 εἷναί
3233 5493 3293 5528 τε
3333 5480 3430 5532 καὶ
3465 5479 3779 5552 θεωρεῖσθαι

1784 5607 2020 5662 γΑιιιτΕ
2067 5608 2449 5667 ιΕοΤΙΟΝΕς

581 5703 626 5734 ³⁵
663 5704 894 5770 Χριστοῦ
923 5711 1043 5763 cmi.
1075 5712 1193 5763 (iani
1258 5731 1324 5766 nt.
1363 5733 1441 5785 pr.

1526 5719 1566 5747 ³⁸
1596 5719 1654 5769 οὗ
1689 5719 1937 5791 δ;ύτερον
1968 5721 2092 5776 cod.
2127 5722 2268 5778 Gud.
