4038 6146
232 324 380 393 1197

1492 322 2013 384 AMBIGUORUM
2049 323 2321 384 LIBER:

3360 319 3500 386 1198

229 447 372 517 περὶ
399 446 498 517 μὲν
530 444 599 499 τά
627 444 764 499 καλὰ
789 484 803 508 ,
855 441 966 496 sive
1015 438 1280 517 τάὅντως
1306 436 1465 502 ὄντα,
1499 437 1609 491 εἴτε
1640 436 1710 492 τά
1730 454 1818 493 νο-

1923 452 2163 507 praesens
2186 452 2340 503 vero,
2366 437 2612 493 dolorem
2639 453 2652 490 :
2682 433 2823 491 adeo
2846 443 2909 490 ut
2934 433 3188 505 voluptas
3211 442 3269 490 et
3292 450 3468 493 conca
3494 468 3501 476 -

241 516 512 610 μιζόμενσ
535 577 553 601 ,
604 537 704 607 τὴν
742 535 936 607 ἡδονὴν
971 533 1066 588 καὶ
1090 516 1191 603 τὴν
1220 527 1518 599 ἐπιθυμίαν
1538 570 1553 593 ,
1608 529 1738 601 περὶ
1764 528 1820 582 δὲ

237 632 310 685 τὰ
337 629 519 700 φαῦλα
546 629 642 699 τὴν
666 627 844 697 λύπην
878 627 971 680 καὶ
1000 624 1092 679 τὸν
1120 621 1306 693 φόϐον.
1335 620 1506 675 Πάλιν
1524 621 1582 674 δὲ
1608 621 1706 692 τὴν
1730 620 1823 674 λύ-

239 738 353 790 πην
402 719 702 791 διαιροῦσιν
749 721 829 781 είς
876 718 1139 787 τέσσαρα,
1198 714 1282 776 είς
1324 714 1475 785 ἄχος,
1519 713 1817 785 είςοάχθος,

240 813 326 875 είς
363 810 561 881 φθόνον
582 850 599 876 ,
651 811 729 875 εἰς
757 808 925 863 ἔλεον.
980 808 1092 861 Καὶ
1130 805 1193 858 τὸ
1225 806 1325 876 μὲν
1353 806 1485 876 ἄχος
1516 800 1656 858 εἷναί
1687 820 1819 874 φασι

237 902 419 973 λύπην
446 903 689 973 ἀφωνίαν
718 897 1061 972 ἐμποιοῦσαν
1085 890 1168 960 οἷς
1192 896 1267 971 ἂν⁸
1283 897 1595 967 ἐγγένηται,
1617 896 1703 953 διά
1721 895 1820 965 τὴν

237 996 323 1057 είς
352 978 514 1063 βάθος
542 992 774 1063 πάροδον
805 989 898 1044 τοῦ
925 986 1255 1056 λογιστικοῦ·
1287 986 1348 1040 τὸ
1372 987 1428 1040 δὲ
1454 986 1617 1058 ἄχθος
1643 986 1821 1055 λύπην

238 1086 518 1156 βαροῦσάν
546 1101 607 1136 τε
651 1085 745 1136 καὶ⁵
774 1080 1087 1151 διοχλοῦσαν
1139 1079 1226 1132 ἐπ’
1248 1079 1573 1150 ἀϐουλήτοις
1604 1079 1821 1148 συμϐά-

236 1194 396 1230 σεσι·
446 1175 538 1229 τὸν
582 1175 640 1228 δὲ
689 1173 882 1242 φθόνον
920 1171 1097 1243 λύπην
1121 1173 1210 1224 ἐπ’
1233 1170 1534 1241 ἀλλοτρίοις
1546 1171 1817 1249 ,ἀγαθοῖςο

232 1267 300 1320 τὸ
335 1268 391 1321 δὲ
433 1267 581 1329 ἔλεος
628 1264 805 1332 λύπην
839 1264 926 1319 ἐπ’
949 1264 1254 1335 ἀλλοτρίοις
1286 1266 1498 1325 κακοῖς.
1553 1262 1737 1317 Κακὺν
1764 1262 1821 1317 δὲ

234 1355 421 1408 πᾶσαν
467 1352 646 1424 λύπην
692 1352 899 1421 ἔφασαν
954 1355 1018 1424 τῇ
1069 1340 1271 1424 ἑαυτῆς
1319 1352 1500 1421 φύσει·
1561 1352 1680 1406 Κᾶν
1710 1353 1822 1422 γὰρ

229 1447 262 1497 ὁ
288 1445 578 1507 σπουδαῖος
600 1445 689 1496 ἐπ’
716 1442 1021 1514 ἀλλοτρίοις
1047 1443 1228 1515 (177
1251 1442 1304 1513 ο)
1329 1441 1564 1512 λυπῆται
1605 1444 1819 1508 κακοῖς,

230 1537 315 1600 ὡς
345 1537 622 1605 ἐλεήμων,
674 1534 789 1587 ἀλλ’
809 1535 871 1587 ού
902 1535 1330 1605 προηγουμένως
1370 1530 1819 1605 κατά’πρόθεσιν,

231 1629 356 1681 ἀλλ’
380 1627 733 1698 ὲφεπομένως
763 1627 904 1679 κατά
932 1626 1274 1695 περίστασιν.
1313 1625 1372 1679 '0
1399 1625 1457 1679 δὲ
1487 1625 1822 1699 θεωρητικὸς

232 1722 343 1773 κὰν
388 1714 860 1787 τούτοιςάπαθὴς
902 1716 1150 1787 διαμένει
1177 1755 1192 1778 ,
1251 1717 1494 1786 συνάψας
1520 1717 1712 1770 ἑαυτὸν
1744 1716 1823 1786 τῷ

230 1809 380 1881 Θεῷ,
409 1811 503 1863 καὶ
522 1808 635 1862 τῶν
652 1808 776 1881 τῇδε
804 1807 1085 1877 παρόντων
1105 1805 1492 1879 ἀλλοτριώσας.
1514 1802 1622 1861 Τὸν
1648 1807 1703 1861 δὲ
1726 1808 1823 1877 φό-

228 1903 333 1956 ϐον
364 1902 524 1957 πάλιν
550 1901 852 1971 διαιροῦσιν
883 1902 962 1963 είς
984 1898 1078 1966 ἒξ,
1122 1901 1203 1963 είς
1228 1898 1405 1963 ὄκνον,
1443 1900 1522 1962 είς
1547 1899 1702 1965 αἱδὼ,
1738 1901 1819 1965 εἰς

228 1993 523 2067 αἰσχύνην,
554 1993 633 2056 είς
656 1990 1013 2062 κατάπληξω,
1043 1992 1124 2067 είς
1148 1990 1535 2062 ἔκπληξιν,ίείς
1555 1993 1816 2061 ἀγωνίαν.

233 2086 349 2138 Καὶ
396 2084 488 2137 τὸν
535 2083 634 2154 μὲν
679 2082 838 2136 ὄκνον
887 2076 1030 2147 εἶναί
1056 2066 1245 2151 φασι,
1304 2083 1469 2157 φόϐον
1517 2082 1819 2156 μελλούσης

227 2175 517 2247 ἐνεργείας
539 2214 556 2239 ,
590 2175 689 2246 τὴν
720 2173 853 2231 αίδὼ
881 2174 939 2226 δὲ
970 2172 1136 2243 φόϐον
1179 2172 1273 2227 ἐπὶ
1301 2173 1599 2246 προσδοκίᾳ
1623 2175 1816 2247 ψόγοιι⁷

229 2267 334 2339 τὴν
382 2267 441 2320 δὲ
493 2264 757 2336 αἰσχύνην
801 2264 964 2335 φόϐον
1016 2264 1102 2318 ἐπ’
1147 2265 1358 2336 αἰσχρῷ
1408 2267 1816 2340 πεπραγμένῳ,

228 2360 335 2429 τὴν
382 2358 440 2411 δὲ
489 2356 832 2426 κατάπληξιν
880 2354 1044 2424 φόϐον
1091 2357 1156 2410 ὲκ
1206 2357 1452 2428 μεγάλης
1494 2358 1817 2426 φαντασίας,

228 2454 333 2520 τὴν
387 2451 443 2503 δὲ
497 2448 759 2520 ἔκπληξιν
811 2448 976 2518 φόϐον
1032 2451 1098 2502 ὲκ
1151 2448 1405 2521 μεγάλων
1455 2450 1818 2523 ἀκουσμάτων

229 2542 331 2614 τὴν
380 2542 633 2613 αίσοησιν
673 2540 1076 2612 ἀφαιρούμενον
1100 2581 1117 2610 ,
1168 2541 1267 2610 τὴν
1296 2541 1536 2609 ἀγωνίαν
1559 2541 1616 2595 δὲ
1655 2544 1818 2611 φόϐον

167 2620 177 2626 ’
228 2632 620 2698 διαπτώσεως,
665 2634 945 2687 τουτέστιν
975 2632 1297 2703 ἀποτυχίας.
1349 2632 1678 2703 Φοϐούμενοι
1707 2636 1817 2708 γὰρ

228 2728 529 2797 ἀποτυχεῖν
559 2725 902 2798 ἀγωνιῶμεν.
965 2724 1207 2780 Καλοῦσι
1238 2726 1295 2779 δέ
1341 2742 1487 2787 τινες
1518 2728 1689 2799 αὐτὴν
1722 2731 1818 2782 καὶ

223 2818 461 2872 δειλίαν.
522 2818 629 2872 Τὸν
678 2819 734 2871 δὲ
785 2819 956 2889 θυμὸν
1003 2818 1167 2872 πάλιν
1212 2812 1354 2872 εῖναι
1399 2818 1618 2887 λέγουσι
1666 2819 1817 2883 ζέσιν

220 2912 320 2965 τοῦ
369 2912 735 2984 περικαρδίου
787 2914 1019 2982 αἵματος
1066 2912 1136 2965 δι’
1160 2912 1340 2980 δρεξιν
1381 2902 1812 2983 ἀντιλυπήσεωςζ

215 3003 515 3075 Διαιροίισι
542 3004 598 3056 δὲ
633 3005 724 3057 καὶ
750 3003 939 3075 τοῦτον
968 3005 1047 3067 είς
1072 3004 1216 3075 τρία,
1254 3004 1333 3067 είς
1357 3005 1547 3075 ὀργὴν,
1579 3005 1647 3074 ἦν
1671 3020 1817 3066 τινες

217 3098 503 3151 ἐκάλεσαν
532 3094 694 3167 χολὴν
723 3097 819 3149 καὶ
849 3095 1026 3166 χόλον,
1058 3096 1151 3148 καὶ
1180 3096 1260 3159 είς
1291 3095 1473 3165 μῆνιν,
1501 3097 1596 3149 καὶ
1618 3097 1697 3158 εἰς
1720 3095 1814 3148 κό-
1842 3132 1885 3188 C

217 3206 337 3242 τον.
370 3188 490 3242 Καὶ
518 3187 617 3257 τὴν
649 3188 748 3256 μὲν
772 3186 946 3258 ὀργὴν
970 3183 1112 3240 εἶναί
1139 3203 1271 3256 φασι
1301 3185 1474 3257 θυμὸν
1503 3187 1640 3258 πρὸς
1669 3187 1816 3257 ἐνέρ-

223 3297 383 3350 γειαν
411 3278 596 3350 ἀρχὴν
638 3278 733 3331 καὶ
767 3277 981 3346 κίνησιν
1006 3275 1204 3346 ἔχοντα
1224 3316 1241 3338 ,
1291 3276 1325 3347 ἢ
1362 3275 1531 3347 θυμὸν
1561 3276 1817 3345 ἐνεργού-

226 3385 413 3440 μενονο
445 3367 555 3440 τὴν
585 3367 641 3421 δὲ
673 3366 835 3439 χολὴν
865 3367 965 3438 τὴν
992 3368 1060 3421 δι’
1083 3366 1246 3421 ἄλλου
1277 3365 1493 3436 ἄμυναν
1516 3366 1612 3420 τοῦ
1640 3366 1820 3438 λυπή-

223 3477 417 3524 σαντος
438 3476 458 3492 ο
522 3458 613 3512 τὸν
641 3457 698 3510 δὲ
729 3454 886 3527 χόλον
916 3458 1018 3526 τὴν
1046 3457 1116 3511 δι’
1134 3456 1330 3512 ἑαυτοῦ
1357 3457 1453 3511 τοῦ
1480 3457 1818 3529 λυπηθέντος

220 3550 588 3618 ὲπεξέλευσιν
614 3550 695 3611 είς
720 3550 814 3601 τὸν
841 3549 1159 3621 λυπήσαντα
1178 3566 1192 3580 ⁶
1247 3548 1427 3620 met
1457 3550 1619 3620 μῆνιν
1646 3549 1819 3621 θυμὸν

218 3643 304 3705 εἰς
332 3640 650 3695 παλαίωσιν
703 3638 958 3710 (εἴρηται
1005 3639 1063 3692 δὲ
1114 3640 1266 3711 παρά
1306 3642 1368 3694 τὺ
1400 3642 1583 3710 μένειν
1626 3643 1815 3715 καὶ’τῇ

222 3735 418 3807 μνήμῃ
448 3732 939 3803 παρακατέχεσθαι
962 3730 1015 3800 ),
1077 3733 1170 3784 τὸν
1206 3731 1263 3785 δὲ
1309 3733 1468 3791 κότον
1493 3732 1665 3803 θυμὸν
1693 3734 1817 3787 ἔπι-

220 3826 501 3897 τηροῦντα
535 3823 729 3894 καιρὸν
770 3825 851 3886 είς
879 3823 1153 3893 τιμωρίαν
1177 3839 1192 3853 ⁸
1244 3823 1462 3895 εἴρηται
1487 3825 1548 3878 δὲ
1581 3826 1733 3895 παρά
1757 3825 1820 3878 τό

224 3920 438 3973 κεῖσθαι
473 3918 578 3973 καὶ
609 3912 782 3980 οὗτος.
824 3917 1101 3989 Διαιροῦσι
1135 3917 1191 3971 δὲ
1227 3918 1555 3973 καὶτούτων
1585 3918 1817 3973 ἕκαστον

220 4012 306 4073 είς
335 4010 474 4064 ἀλλα
507 4008 708 4063 πολλὰ.
738 4008 918 4079 Ἀπερ
948 4011 998 4061 εί
1037 4008 1326 4078 βουληθείη
1353 4027 1436 4074 τις
1466 4008 1533 4063 δι’
1554 4008 1817 4079 ἀκριϐοῦς

224 4101 535 4168 ἐξετάσεως
565 4090 904 4174 παραδοῦναι
927 4104 1116 4172 γραφῇ
1140 4142 1156 4167 ,
1193 4102 1362 4155 πολὺν
1388 4100 1635 4172 ἀθροίσει
1661 4100 1818 4169 λόγον

227 4197 323 4250 καὶ
366 4197 566 4265 χρόνον
612 4194 953 4264 δαπανήσει,
1004 4193 1078 4257 ὡς
1112 4193 1311 4264 (177
1338 4194 1391 4264 ό)
1425 4193 1558 4263 μηδὲ
1590 4193 1818 4246 ἀνεκτὸν

227 4282 369 4339 εἶναι
397 4290 509 4349 τοῖς
541 4287 932 4356 ἐντυγχάνωσι
961 4285 1049 4340 διὰ
1076 4286 1139 4339 τὺ
1166 4286 1390 4355 πλῆθος.
1415 4284 1576 4353 Μέγα
1598 4284 1693 4337 οὖν
1723 4285 1815 4338 καὶ

225 4376 545 4447 θαυμαστὸν
593 4379 761 4441 ὅντως
807 4378 926 4431 ἐστὶ
981 4380 1076 4430 καὶ
1108 4378 1326 4448 -πολλῆς
1361 4377 1615 4447 δεόμενον
1645 4393 1815 4447 προσ-

1921 530 2188 601 piscentia
2221 530 2289 584 ad
2321 530 2465 585 bona
2490 530 2805 601 pertineant
2832 537 2890 585 et
2911 529 3061 585 circa
3087 543 3153 583 ea
3178 537 3499 599 appareant,

1921 620 2041 675 sive
2082 636 2273 675 revera
2319 629 2469 685 sunt,
2513 621 2630 676 sive
2671 629 2957 690 putantur,
3000 620 3152 677 circa
3185 621 3329 675 mala
3369 608 3503 675 vero

1921 711 2080 767 dolor
2111 723 2170 769 et
2212 723 2412 770 metus.
2446 716 2663 770 Rursus
2688 714 2935 770 dolorem
2969 713 3224 777 dividunt
3267 714 3324 767 in
3366 729 3505 783 qna-

1920 812 2071 869 tuor,
2106 804 2159 858 in
2210 820 2524 872 Humorem,
2573 806 2629 860 in
2663 804 2992 868 molestiam,
3029 803 3085 858 in
3126 803 3409 869 invidiam,
3444 801 3500 854 in

1922 893 2379 950 misericordiam.
2412 896 2589 965 Atque
2632 910 2925 950 maerorem
2964 895 3156 950 dicunt
3183 909 3303 949 esse
3344 892 3500 949 dolo-

1922 1000 2037 1039 rem
2063 987 2443 1043 obmutescere
2468 988 2755 1045 facientem
2782 1003 2880 1045 eos
2894 986 2987 1058 qui
3012 987 3123 1041 sint
3154 987 3271 1056 ipso
3294 986 3498 1051 alicui,

1922 1087 2217 1148 propterea
2242 1082 2387 1151 quod
2414 1097 2478 1136 ea
2505 1083 2700 1139 animm
2723 1096 2853 1151 pars
2876 1095 2996 1149 qua
3020 1078 3248 1134 rationis
3276 1093 3343 1132 ac.
3372 1092 3502 1132 con-

1922 1169 2034 1224 siiii
2075 1173 2235 1227 sedes
2277 1184 2381 1238 est,
2426 1173 2534 1229 hoc
2564 1188 2649 1228 εει
2693 1173 3020 1239 λογιστικὸν,
3064 1172 3119 1227 in
3166 1169 3499 1241 profundum

1925 1261 2394 1330 transgrediatur;
2432 1263 2737 1317 molestiam
2768 1274 2953 1317 autem
2992 1262 3236 1319 dolorem
3265 1275 3500 1331 gravan-

1925 1358 2036 1406 tem
2066 1360 2121 1406 et
2159 1352 2470 1407 turbantem
2514 1354 2567 1407 in
2604 1352 2823 1408 casibus
2853 1352 3205 1423 injucundis;
3238 1351 3500 1407 invidiam

1922 1457 2053 1497 vero
2087 1443 2330 1497 dolorem
2362 1443 2416 1501 in
2443 1444 2583 1497 hetis
2615 1444 2781 1497 rebus
2807 1444 3035 1510 alienis;
3068 1443 3499 1498 misericordiam

1924 1534 2162 1604 denique
2203 1535 2448 1589 dolorem
2500 1534 2556 1588 in
2601 1535 2767 1589 rebus
2804 1535 3001 1590 alienis
3044 1534 3292 1590 adversis
3333 1543 3504 1605 atque

1926 1625 2161 1681 miseris.
2210 1626 2408 1681 Malum
2453 1642 2589 1679 vero
2636 1640 2853 1680 omnem
2899 1626 3145 1681 dolorem
3190 1634 3506 1683 statuerunt

1907 1731 2021 1769 rsua
2060 1715 2245 1784 ipsius
2274 1725 2490 1773 natura.
2516 1715 2743 1770 Etiamsi
2764 1715 2943 1769 enim
2965 1714 3049 1769 vir
3075 1714 3255 1771 bonus
3278 1714 3334 1768 in
3369 1714 3507 1769 alio-

1929 1823 2049 1860 rum
2075 1807 2241 1861 rebus
2263 1806 2512 1863 adversis
2533 1807 2701 1872 dolet,
2732 1814 2793 1860 ut
2816 1805 3154 1873 misericors,
3182 1814 3365 1860 tamen
3393 1822 3501 1860 non

1926 1912 1992 1950 ex
2018 1898 2271 1967 professo
2293 1907 2350 1952 et
2375 1897 2679 1957 secundum
2720 1896 3086 1968 propositum,
3114 1897 3209 1957 sed
3238 1897 3507 1953 seuinda~
3604 1890 3609 1897 ’

1927 1993 2014 2046 rio
2043 2008 2143 2063 per
2184 1993 2552 2049 occasionem.
2578 1992 3052 2063 Contemplativus
3079 2002 3271 2049 contra
3311 1996 3399 2049 vel
3448 1996 3501 2050 in

1925 2079 2014 2135 bis
2044 2092 2204 2155 vacat
2247 2082 2469 2146 alfectn,
2512 2084 2627 2140 Deo
2647 2094 3035 2154 congregatus,
3071 2093 3127 2139 et
3152 2084 3241 2141 bis
3264 2087 3505 2145 terrenis

1926 2172 2093 2228 rebus
2115 2174 2405 2231 alienatus.
2430 2175 2634 2231 Melum
2656 2191 2794 2232 vero
2823 2191 3016 2231 rursus
3042 2175 3300 2237 dividunt
3331 2178 3386 2234 in
3410 2193 3503 2239 sex

1925 2275 2131 2336 partes,
2154 2267 2208 2321 in
2228 2268 2757 2339 tergiversationem,
2777 2267 3191 2333 verecundiam,
3211 2269 3503 2339 pudorem,

1926 2365 2226 2428 stuporem,
2250 2359 2780 2425 consternationem,
2806 2369 3108 2430 torporem.
3142 2360 3211 2416 Et
3242 2361 3498 2432 tergiver-

1925 2449 2191 2503 sationem
2219 2449 2442 2520 quidem
2476 2449 2747 2505 deﬁniunt
2780 2457 2988 2506 metum
3023 2450 3255 2507 actionis
3281 2450 3500 2518 futuras,

1921 2542 2317 2599 verecundiam
2348 2559 2479 2598 vero
2506 2556 2712 2601 metum
2744 2543 2812 2599 de
2849 2544 3261 2616 exspectatione
3284 2545 3501 2618 vitupe-

1925 2632 2023 2699 rii;
2059 2634 2325 2703 pudorem
2352 2634 2480 2689 dein
2528 2642 2737 2691 metum
2770 2634 2839 2689 de
2870 2651 2930 2691 re
2958 2636 3110 2707 turpi
3155 2646 3499 2708 perpetrata;

1924 2730 2206 2793 stuporem
2250 2733 2456 2779 metum
2484 2725 2552 2780 de
2598 2725 2787 2795 grandi
2820 2732 2877 2781 et
2902 2727 3214 2782 vehementi
3242 2727 3504 2799 imagina-

1925 2812 2074 2867 tione
2116 2822 2475 2884 conceptum;
2523 2815 3262 2871 constcmationemmetum
3301 2832 3369 2872 ev
3403 2817 3504 2870 im-

1925 2905 2180 2960 manibus
2207 2907 2519 2960 rumoribus
2548 2907 2640 2975 qui
2674 2920 2894 2961 sensum
2931 2907 3219 2973 auferunt;
3252 2910 3501 2979 agoniaut

1923 2995 2180 3066 denique,
2226 2997 2310 3051 vel
2345 3004 2643 3066 torporem.
2684 3006 2891 3052 metum
2923 2997 3129 3068 lapsus,
3167 2999 3222 3054 id
3258 3009 3345 3055 est
3381 3017 3505 3056 suc-

1923 3103 2108 3143 cessus
2145 3088 2381 3143 infelicis
2402 3098 2568 3159 alque
2602 3088 2721 3159 spei
2750 3088 3044 3146 frustrate.
3069 3091 3204 3146 Nam
3233 3091 3362 3149 dum
3391 3109 3507 3148 mc-

1921 3180 2127 3234 tuimus
2167 3196 2240 3235 ne
2267 3181 2381 3235 voti
2428 3189 2712 3251 compotes
2745 3181 2962 3248 namus,
2993 3191 3299 3253 torpemus.
3328 3185 3501 3252 Quam

1919 3283 2049 3329 sunt
2092 3277 2260 3330 etiam
2306 3277 2400 3346 qui
2452 3277 2802 3332 timiditatem
2848 3287 3049 3335 vocant
3078 3295 3092 3332 :
3121 3279 3339 3349 Θυμδν,
3386 3282 3504 3337 sive

1919 3364 2375 3435 indignationem,
2420 3383 2557 3421 vero
2600 3383 2792 3422 rursus
2836 3369 3275 3439 interpretantur
3319 3364 3523 3427 fervo?

1917 3473 2035 3512 rem
2084 3458 2364 3527 sanguinis
2411 3459 2623 3514 circum
2669 3459 2977 3529 praecordia
3014 3469 3242 3530 propter
3284 3460 3504 3519 deside—

1914 3548 2062 3602 rium
2092 3548 2302 3603 doloris
2329 3546 2572 3604 vicissim
2603 3548 2906 3620 inligendi.
2949 3550 3132 3607 Etiam
3178 3551 3322 3607 hanc
3362 3554 3505 3610 οἰνί-

1918 3637 2060 3693 dunt
2085 3637 2249 3693 modo
2288 3638 2512 3708 triplici,
2541 3639 2596 3696 in
2626 3639 2825 3710 ὀργὴν,
2853 3656 3018 3710 quam
3057 3643 3309 3712 sunt-qui
3336 3644 3503 3715 χολὴν

1916 3738 1974 3784 et
2000 3730 2153 3800 χόλον
2184 3731 2556 3800 appellarunt,
2587 3740 2645 3786 et
2685 3732 2742 3786 in
2780 3731 2966 3803 μῆνιν,
3005 3741 3064 3788 et
3101 3734 3158 3789 in
3201 3736 3376 3790 κότον.
3407 3737 3504 3793 At-

1916 3838 2025 3893 que
2069 3822 2239 3893 ὀργὴν
2287 3822 2512 3893 quidem
2562 3823 2835 3880 deﬁniunt
2896 3822 3330 3898 indignationem
3378 3844 3504 3900 quae

1916 3916 2250 3986 principium
2276 3926 2334 3972 et
2362 3924 2573 3972 motum
2603 3916 2771 3973 habet
2791 3917 2861 3973 ad
2888 3919 3188 3988 agendum,
3218 3922 3335 3977 sive
3361 3922 3503 3977 indi«

1915 4002 2228 4079 gnationem
2278 4009 2569 4079 agitatam;
2618 4009 2781 4080 χολὴν
2829 4018 3013 4065 autem
3052 4012 3357 4068 vindictam
3400 4031 3503 4085 per

1909 4099 2152 4155 alterum
2192 4105 2465 4167 sumptam
2492 4097 2561 4152 de
2585 4114 2653 4153 eo
2682 4099 2778 4168 qui
2808 4098 3064 4170 iniuriam
3095 4100 3312 4170 intulit;
3343 4104 3502 4174 χόλον

1916 4197 2106 4243 contra
2136 4190 2179 4244 si
2219 4190 2345 4259 quis
2380 4205 2479 4260 per
2509 4190 2774 4259 seipsum,
2825 4192 2915 4247 cui
2958 4192 3108 4247 illata
3151 4204 3238 4249 est
3277 4195 3497 4267 iniuria,

1915 4303 2042 4341 eum
2069 4287 2162 4357 qui
2192 4287 2378 4341 intulit
2413 4287 2806 4358 persequitur:
2837 4289 3000 4359 μῆνιν
3043 4306 3213 4360 porro
3251 4293 3501 4366 indigna-

1918 4384 2122 4441 tionem
2154 4383 2649 4439 inveterascentem
2685 4384 2896 4456 (vocata
2931 4394 3017 4441 est
3046 4387 3193 4443 enim
3239 4393 3401 4461 μῆνις
3429 4394 3498 4449 de

230 4468 362 4536 οχῆς
387 4483 447 4519 τε
479 4468 575 4521 καὶ
604 4469 862 4538 σπουδῆς,
895 4468 990 4521 καὶ
1020 4469 1125 4536 πρὸ
1154 4467 1360 4520 τούτων
1395 4469 1491 4536 τῆς
1518 4466 1669 4531 θείας
1693 4469 1811 4519 ἐπι.

1920 4488 1982 4527 co
2010 4472 2156 4541 quod
2192 4473 2458 4527 memoria
2501 4472 2828 4546 retinetur);
2877 4474 3116 4546 denique
3159 4480 3319 4533 κότον
3358 4480 3500 4537 indi-

231 4559 458 4628 κουρίας
479 4599 493 4618 ,
548 4560 608 4612 τὸ
634 4559 928 4629 δυνηθῆναι
961 4558 1302 4631 πρῶτονμὲν
1332 4560 1430 4637 τῆς
1460 4554 1665 4628 ὑλικῆς
1680 4558 1811 4613 δυά-

228 4648 318 4710 δος
360 4650 470 4702 τῶν
500 4651 758 4721 ἐμφύτων
783 4650 1058 4721 κρατῆσαι
1085 4650 1368 4722 δυνάμεων
1391 4693 1405 4714 .
1460 4651 1632 4722 θυμοῦ
1667 4650 1812 4720 λέγω

227 4742 324 4795 καὶ
368 4744 699 4814 ἐπιθυμίας,
756 4745 852 4798 καὶ
900 4744 992 4798 τοῦ
1023 4748 1146 4799 κατ’
1173 4746 1344 4811 αὺτάς
1376 4744 1681 4817 μερισμοῦ,
1716 4746 1812 4799 καὶ

230 4836 497 4903 μακάριος
552 4837 610 4901 ὃς
659 4838 816 4906 ἄγειν
864 4839 1100 4909 ἑτοίμως
1144 4839 1347 4902 ταύτας
1392 4840 1516 4892 ὅποι
1562 4838 1639 4910 τῷ
1664 4838 1810 4909 λόγῳ

228 4923 376 4976 δοκεῖ
403 4924 686 4994 δεδύνηται
710 4966 726 4991 ,
783 4928 977 4998 μέχρις
1012 4929 1077 4983 ἂν
1101 4932 1213 4993 τοῖς
1242 4933 1567 5000 πρακτικοῖς
1594 4930 1685 4984 διά
1710 4932 1810 4999 τῆς

226 5013 429 5083 ἠθικῆς
486 5015 804 5086 φιλοσοφίας
861 5018 970 5071 τῶν
1015 5020 1296 5091 προτέρων
1344 5021 1675 5097 καθαίρηται
1718 5022 1809 5074 λσ-

226 5121 468 5172 γισμων.
1054 5134 1059 5139 -
1270 5128 1293 5133 θ

1917 4564 2229 4634 gnationem
2278 4572 2495 4635 tempus
2526 4564 2784 4620 vindictae
2824 4567 3142 4635 observans,
3189 4572 3283 4641 qui
3316 4571 3497 4631 dictus

1915 4664 2003 4712 est
2041 4656 2171 4711 item
2215 4655 2343 4711 inde
2385 4656 2531 4726 quod
2558 4658 2715 4728 quasi
2742 4661 3062 4716 reconditus
3077 4664 3229 4732 jacet
3266 4665 3417 4729 intus
3449 4678 3499 4723 et

1916 4757 2122 4801 manet.
2149 4747 2412 4802 Dividunt
2439 4763 2571 4804 vero
2609 4749 2807 4804 horum
2836 4756 3269 4825 unumquodque
3301 4757 3356 4812 in
3393 4756 3501 4814 alia

1916 4840 2118 4906 multa;
2153 4855 2276 4909 quae
2304 4840 2349 4895 si
2384 4840 2517 4912 quid
2561 4852 2813 4898 accurate
2856 4846 3180 4915 perquirere
3214 4855 3272 4902 et
3296 4849 3498 4906 litteris

1918 4932 2136 4987 tradere
2164 4931 2424 4999 voluerit,
2455 4948 2767 4989 sermonem
2809 4934 3042 4991 nimium
3086 4939 3398 4997 cumulabit
3442 4950 3500 4997 et

1918 5028 2135 5092 tempus
2160 5020 2419 5085 insumet,
2450 5039 2574 5094 quae
2596 5024 2935 5081 abundantia
2960 5042 2991 5082 α
3026 5028 3328 5086 lectoribus
3363 5030 3497 5089 ferri

1917 5128 2029 5167 non
2062 5114 2253 5183 possit.
2294 5115 2542 5186 Magnum
2585 5117 2771 5189 itaque
2793 5127 2957 5191 atque
2986 5119 3368 5180 admirandum
3411 5141 3499 5182 re-

229 5210 361 5249 vera
411 5204 513 5259 est,
558 5209 618 5254 et
669 5200 817 5269 quod
860 5201 1032 5255 multa
1098 5202 1404 5256 attentione
1463 5211 1519 5257 et
1562 5202 1768 5265 studio,
1816 5217 1881 5258 ac
1932 5202 2117 5260 divina
2162 5207 2467 5276 pra-sortita
2515 5222 2620 5279 ope
2669 5209 2938 5282 indigeat,
2987 5213 3227 5283 primum
3269 5217 3494 5286 quidem

228 5302 389 5356 posse
438 5288 786 5347 materialem
830 5293 1140 5348 innotarum
1189 5302 1519 5363 potestatum
1574 5296 1804 5367 dyadem
1842 5313 2128 5368 superare,
2189 5299 2641 5370 indignationem,
2687 5302 2931 5373 inquam,
2978 5313 3035 5359 et
3097 5308 3496 5378 concupiscen-

224 5380 379 5476 tiam,
407 5394 723 5476 earumque
753 5385 807 5437 in
851 5398 988 5476 quas
1029 5393 1219 5455 patent
1244 5385 1435 5441 divisae
1463 5388 1698 5457 species,
1731 5395 1895 5458 atque
1925 5391 2120 5446 beatus
2169 5401 2254 5445 cst
2299 5392 2394 5461 qui
2460 5393 2713 5463 expedite
2745 5395 2844 5450 has
2899 5396 3101 5453 ducere
3163 5413 3494 5476 quocunque

222 5472 420 5564 rationi
470 5473 722 5542 placebit
762 5475 1023 5545 potuerit,
1069 5492 1245 5546 usque
1280 5476 1409 5531 dum
1453 5479 1736 5548 practicis.
1767 5478 1822 5533 id
1883 5489 1967 5535 est
2030 5482 2245 5547 activis,
2312 5485 2380 5539 ab
2415 5484 2496 5540 eis
2529 5501 2666 5556 quas
2698 5496 2827 5544 ante
2862 5488 3055 5545 habuit
3098 5502 3367 5562 purgetur
3396 5472 3498 5564 per

222 5563 640 5633 philosophiam
679 5566 969 5622 moralem.
1054 5584 1061 5587 ·

1812 5706 1883 5717 αι’-ν
