4038 6146
565 278 702 343 mo
1611 362 1621 371 .
1745 279 1805 336 s.
1850 276 2136 337 MAXIMI
2176 262 2689 338 CONFESSORIS
3737 271 3881 337 12m

559 391 950 462 Contemplatio
982 405 1044 442 ex
1080 388 1363 459 Scriptura
1389 389 1453 442 de
1496 406 1570 442 ,ρο
1635 388 1772 460 quod
1816 389 1907 458 qui
1943 404 2117 459 cogito!

2247 390 2467 459 Θεωριά
2494 392 2562 443 ἐκ
2593 390 2703 459 τῆς
2732 390 2980 460 ("pagach
3007 390 3139 459 περὶ
3162 390 3271 444 τοῦ
3295 391 3389 460 μὴ
3415 387 3559 444 δεῖν
3588 390 3703 442 τὸν
3725 406 3878 458 γνω-

628 484 808 536 sceudi
840 479 1099 551 facultate
1122 480 1377 551 prwditus
1404 490 1615 534 estcum
1650 481 1764 550 lege
1796 489 2005 534 natum
2036 496 2117 532 ηοι

2318 481 2534 535 στικὸν
2558 480 2637 547 τῷ
2659 481 2772 551 τῆς
2793 482 3033 552 φύσεως
3054 485 3218 553 νόμῳ
3236 480 3355 538 τόγ’
3369 482 3492 552 τῆς
3510 483 3759 550 σοφίας
3775 486 3875 535 λόο

628 573 811 627 debeat
840 574 1164 643 conjungere
1224 572 1395 642 legem
1442 576 1741 644 sapientiw,
1790 583 1837 626 et
1872 572 1998 644 quid
2040 573 2117 626 sib

2315 591 2426 643 γον
2450 575 2817 641 συνάπτειν,
2840 572 2845 575 ’
2871 576 2968 629 καὶ
2998 576 3089 642 τίς
3119 577 3156 644 ή
3185 575 3521 643 προσθήκη
3555 573 3672 628 τοῦ
3705 573 3875 642 ἄλφα

626 665 746 720 velit
790 664 969 719 littera
995 664 1160 735 alpha
1182 666 1478 721 A'brahami
1510 668 1713 720 nomini
1737 666 1942 719 addita;

2314 668 2622 736 στοιχείου
2650 670 2736 733 είς
2762 668 2829 721 τὸ
2857 667 3044 738 ὄνομα
3073 668 3182 723 τοῦ
3210 668 3500 738 Ἀϐραάμ.

626 781 838 836 Deinde
889 770 1023 837 vero
1074 783 1243 838 etiam
1292 797 1555 852 superare
1604 798 1699 838 eas
1749 792 2053 854 potestates
2074 798 2117 837 ai

2317 779 2549 832 Ἔπειτα
2577 779 2634 833 δὲ
2663 780 2759 833 καὶ
2788 779 2929 852 ὑπὲρ
2961 781 3129 846 αὐτὰς
3151 781 3411 850 γενέσθαι
3439 781 3540 835 καὶ
3568 779 3868 842 παντελῶς

554 888 786 944 prorsus
810 884 1098 941 excutere,
1139 883 1399 946 tanquam
1453 877 1685 946 Agarem
1720 884 1776 930 et
1832 875 2113 930 lsmaelem

2243 868 2596 935 ἀπώσασθαι,
2624 869 2701 933 ὡς
2722 871 2819 937 τὴν
2835 872 3017 942 Ἀγαρ
3042 872 3252 925 καὶτὸν
3276 872 3534 943 Ἰσμαὴλ,
3551 872 3585 923 ὁ
3602 870 3868 941 ’Δὸραάμ

563 966 913 1021 Abrahamus
942 966 1036 1022 ille
1066 982 1318 1038 magnus,
1352 985 1481 1023 cum
1507 970 1629 1039 ejus
1655 983 1813 1022 mens
1834 967 1944 1038 jam
1982 975 2042 1021 ut
2082 968 2117 1021 ii

2243 963 2452 1037 ἐκεῖνος
2486 958 2515 1015 6
2544 962 2721 1033 μέγας
2746 1003 2760 1027 ,
2815 960 2908 1015 τοῦ
2944 962 3254 1031 λογιστικοῦ
3305 964 3410 1035 ἤδη
3464 957 3718 1033 περὶτὰ
3749 961 3867 1015 θεῖα

556 1059 724 1113 lsaaci
761 1058 910 1113 illius
928 1057 1204 1113 sacriﬁcio
1226 1058 1372 1115 circa
1401 1059 1599 1123 divina
1626 1059 1941 1129 spectacula
1975 1073 2117 1114 exer-

2243 1054 2385 1108 κατὰ
2438 1055 2531 1108 τὸν
2576 1054 2768 1108 Ἰσαὰκ
2815 1055 3024 1106 ἐκεῖνον
3085 1053 3478 1124 γυμνασθῆναι
3539 1053 3864 1122 δυναμένου

553 1151 665 1205 ceri
698 1151 867 1213 norit.
893 1168 923 1206 a
946 1165 1083 1206 voce
1109 1151 1298 1206 divina
1345 1168 1446 1223 per
1471 1153 1859 1223 cogitationem
1909 1152 2117 1207 descent

2242 1147 2518 1217 θεάματα,
2549 1146 2656 1198 ὑπὸ
2683 1146 2783 1217 τῆς
2808 1146 2954 1199 κατὰ
2983 1146 3083 1217 τὴν
3110 1146 3315 1215 γνῶσιν
3344 1147 3680 1218 φερομένης
3710 1145 3867 1207 θείας

550 1241 772 1296 dentem
794 1241 1052 1297 eruditus
1084 1242 1327 1297 divinam
1389 1243 1578 1299 libera:
1615 1243 1920 1313 spiritualis
1947 1243 2117 1313 cogni-

2243 1239 2432 1313 φωνῆς
2481 1239 2909 1310 διδασκόμενος,
2974 1239 3048 1309 μὴ
3097 1237 3361 1292 δύνασθαι
3412 1238 3475 1291 τὸ
3532 1237 3693 1291 κατὰ
3740 1236 3865 1289 νοῦν

550 1334 717 1389 tionis
742 1334 797 1387 in
825 1342 1009 1388 mente
1038 1335 1383 1405 progeniem,
1428 1350 1552 1405 qua:
1575 1351 1701 1390 cum
1741 1336 1927 1390 servili
1955 1336 2117 1391 carni:

2242 1332 2385 1385 θεῖον
2416 1331 2516 1401 τῆς
2544 1331 2840 1403 ἐλευθέρας
2870 1331 3012 1385 κατὰ
3040 1329 3259 1401 πνεῦμα
3282 1329 3545 1399 γνώσεως
3569 1330 3861 1399 γέννημα,

549 1424 759 1478 semine
786 1425 1091 1494 conjuncta
1123 1435 1229 1490 est,
1284 1426 1500 1481 beatam
1528 1428 2007 1482 annuntiationem
2037 1427 2110 1481 im

2238 1422 2317 1495 τῷ
2363 1422 2598 1494 δουλικῷ
2645 1424 2744 1494 τῆς
2792 1424 2995 1495 σαρκὸς
3046 1422 3493 1493 ὲπὶσυνημμένον
3538 1421 3858 1490 σπέρματι,

548 1526 768 1586 petrare
810 1533 923 1572 non
980 1532 1180 1587 posse,
1235 1534 1358 1589 qua:
1413 1529 1499 1575 est
1545 1519 1913 1575 deiﬁcationis
1962 1520 2117 1592 grati:

2238 1516 2340 1587 τῆς
2369 1515 2650 1588 μακαρίας
2681 1518 2868 1588 τυχεῖν
2898 1515 3262 1585 ἐπαγγελίας,
3311 1515 3436 1586 ἥτις
3463 1515 3629 1568 ἐστὶν
3663 1515 3700 1582 ἡ
3738 1512 3859 1565 κατ’

546 1625 741 1666 eorum
765 1622 886 1679 quae
916 1611 1211 1665 Dominum
1237 1612 1476 1683 diligunt
1500 1613 1619 1683 spei
1656 1613 1928 1685 exposita,
1966 1593 2117 1684 quan

2240 1607 2465 1683 ἐλπίδας
2514 1609 2857 1681 προκειμένη
2904 1611 3017 1674 τοῖς
3057 1608 3318 1679 ἀγαπῶσι
3363 1606 3456 1661 τὸν
3487 1606 3717 1677 Κύριον
3761 1604 3858 1674 τῆς

549 1703 729 1776 typice
757 1703 869 1774 jam
900 1702 1322 1773 anticipaverat,
1342 1688 1595 1760 monadis
1614 1706 1811 1761 rationi
1843 1722 1943 1778 per
1970 1706 2117 1762 ﬁden

2240 1700 2491 1765 θεὼσεως
2542 1704 2741 1773 χάρις,
2809 1702 2882 1775 ἢν
2927 1702 3030 1773 ἤδη
3092 1700 3338 1764 τυπικῶς
3382 1700 3608 1771 ὑπῆρχε
3658 1714 3857 1769 προει-

552 1789 782 1864 mystice
816 1793 1132 1864 adjunctus,
1157 1811 1264 1864 qua
1296 1796 1587 1865 uniformis
1621 1796 1819 1861 factus,
1843 1798 1927 1852 vel
1952 1798 2117 1868 potius

2239 1791 2446 1865 ληφὼς,
2480 1793 2557 1865 τῷ
2585 1796 2716 1867 περὶ
2747 1794 2976 1866 μονάδος
2999 1794 3142 1866 λόγῳ
3169 1794 3257 1848 διὰ
3284 1792 3526 1875 πίστεως
3555 1791 3856 1861 μυστικῶς

545 1883 612 1939 de
639 1882 829 1937 multis
855 1899 1020 1948 unus,
1074 1885 1228 1939 solus
1271 1889 1339 1940 ad
1403 1886 1581 1941 solum
1608 1887 1769 1958 plane
1803 1888 1976 1947 Deum
2014 1904 2117 1943 ma-

2240 1884 2538 1954 συναφθεὶς
2560 1922 2576 1948 ,
2642 1884 2768 1938 καθ’
2788 1885 2847 1939 ὃν
2895 1885 3131 1964 ἑνοειδὴς
3164 1885 3491 1954 γενόμενος,
3547 1883 3775 1952 μᾶλλον
3803 1882 3853 1934 δὲ

461 2022 502 2046 ,ς
546 1976 749 2048 gniﬁce
779 1989 1150 2050 congregatus
1171 1988 1277 2047 est,
1315 1980 1464 2034 nulla
1500 1981 1729 2035 omnino
1786 1981 1936 2036 circa
1980 1981 2117 2036 aliud

2238 1977 2304 2030 ὲκ
2335 1975 2547 2030 πολλῶν
2577 1971 2657 2041 εἷς
2678 2017 2695 2043 ,
2747 1977 2907 2048 μόνος
2957 1977 3095 2048 πρὸς
3134 1977 3292 2048 μόνον
3338 1976 3405 2029 δι’
3428 1976 3555 2029 ὅλου
3585 1974 3695 2028 τὸν
3714 1974 3850 2027 Θεὸν

544 2070 677 2141 quid
697 2086 891 2126 eorum
918 2087 1041 2143 qua:
1087 2071 1353 2143 dissipata
1404 2082 1534 2127 sunt
1587 2073 2117 2144 qualiscunque‘co-

2242 2065 2681 2138 μεγαλοπρεπῶς
2732 2066 3007 2138 συνήχθη,
3069 2066 3275 2138 μηδένα
3323 2068 3385 2120 τὸ
3431 2067 3717 2137 παράπαν
3749 2068 3849 2133 τῆς

543 2144 810 2233 gnitionis
855 2162 1097 2234 imagine
1161 2162 1327 2218 simul
1357 2163 1527 2230 illata,
1570 2165 1624 2220 id
1650 2166 1799 2236 quod
1848 2165 2011 2237 alpha
2040 2166 2117 2221 lit-

2237 2156 2460 2211 οίασοῦν
2490 2157 2620 2230 περί
2647 2175 2701 2212 τι
2725 2157 2856 2212 ἄλλο
2886 2159 2995 2212 τῶν
3026 2159 3340 2213 σκεδαστῶν
3368 2157 3635 2228 γνώσεως
3669 2158 3847 2212 τύπον

542 2263 695 2320 terte,
741 2269 864 2323 quae
923 2255 1137 2309 nomini
1182 2256 1304 2327 ejus
1356 2254 1545 2312 addita
1588 2266 1693 2324 est,
1732 2258 1786 2313 vi
1828 2258 2117 2330 signiﬁcari

2227 2246 2408 2318 ἑαυτῷ
2468 2247 3011 2320 συνεπιφερόμενος,
3042 2256 3045 2261 ⁷
3075 2249 3213 2320 ὅπερ
3270 2244 3424 2319 οἶμαι
3472 2247 3690 2319 δηλοῦν
3748 2249 3846 2319 τὴν

543 2351 697 2413 puto.
739 2342 923 2409 Quare
974 2343 1141 2399 etiam
1174 2359 1371 2399 eorum
1415 2340 1535 2414 qui,
1567 2346 1831 2402 omnibus
1852 2363 1976 2418 quie
2002 2358 2117 2418 posl

2226 2336 2599 2406 ⁸τοιῖιδοθιξντος
2626 2343 2706 2407 είς
2731 2342 3053 2413 προσθήκην
3076 2341 3171 2394 τοῦ
3196 2341 3462 2412 ὀνόματος
3484 2338 3640 2409 ἄλφα
3657 2341 3843 2411 γράμ-

542 2435 714 2489 Deum
735 2444 865 2490 sunt
893 2434 1187 2501 abdicatis,
1222 2451 1321 2506 per
1365 2435 1529 2491 ﬁdem
1560 2437 1627 2492 ad
1678 2438 1850 2494 Deum
1904 2438 2117 2495 adducti

2231 2451 2403 2506 ματος
2423 2433 2674 2506 δύναμιν.
2705 2433 2797 2487 Διὸ
2820 2434 2915 2486 καὶ
2937 2432 3121 2504 πατὴρ
3147 2432 3256 2486 τῶν
3277 2434 3368 2487 διὰ
3386 2432 3634 2496 πίστεως
3660 2449 3839 2503 προσ-

541 2537 692 2593 sunt,
723 2537 881 2597 pater
907 2527 1216 2598 appellatus
1260 2536 1345 2583 est
1370 2537 1418 2594 ι’,
1449 2538 1638 2600 utpote
1662 2530 1757 2600 qui
1784 2531 1994 2587 eisdem
2029 2547 2117 2602 pet

2229 2526 2517 2599 αγομένων
2552 2527 2741 2598 (178
2760 2527 2817 2598 'a)
2843 2525 2963 2597 Θεῷ
2990 2527 3132 2580 κατὰ
3178 2528 3437 2597 στέρησιν
3470 2527 3707 2580 πάντων
3732 2526 3841 2578 τῶν

542 2618 705 2673 ﬁdem
732 2619 787 2673 in
811 2618 1011 2689 spiritu
1037 2616 1371 2691 imaginibus
1400 2620 1540 2691 patri
1574 2621 1783 2679 similes
1805 2638 1929 2682 esse
1962 2623 2117 2678 liberi

2236 2621 2377 2690 μετά
2402 2619 2536 2672 Θεὸν
2563 2610 2957 2691 ἐχρημάτισεν,
2991 2619 3066 2683 ὡς
3095 2619 3224 2682 τοὺς
3250 2618 3450 2682 αὐτοὺς
3477 2616 3625 2671 κατὰ
3647 2617 3840 2671 πίστιν

541 2722 787 2781 possent.
1133 2780 1139 2784 Ι
2231 2712 2291 2766 ὲν
2321 2711 2596 2783 πνεύματι
2646 2711 2850 2777 τύπους
2885 2712 2962 2783 τῷ
2982 2711 3164 2784 πατρὶ
3193 2711 3304 2765 ⁴ιξῶν
3333 2712 3540 2766 τέκνων
3566 2712 3837 2785 ἐμφερῶς

2230 2804 2377 2876 ἔχειν
2404 2805 2744 2876 δυναμένων.

665 3021 1053 3094 Contemplatio
1075 3025 1131 3079 in
1176 3004 1391 3096 Moysen
1409 3027 1471 3079 de
1503 3028 1752 3083 detractis
1781 3029 1991 3083 calceis.

2233 3028 2455 3098 Θεωρία
2500 3030 2583 3095 εἰς
2622 3025 3029 3094 τὸνΜωῡσῆν
3059 3016 3193 3096 περῖ
3219 3024 3339 3080 τῶν
3365 3026 3832 3096 ἀφαιρουμένων

2153 3142 2199 3203 C
2810 3119 3233 3189 ὑποδημάτων.

607 3224 768 3292 Quod
801 3225 858 3280 in
893 3225 1174 3296 principio
1208 3227 1474 3299 gnosticae
1501 3228 1629 3284 vita:
1677 3227 1910 3285 fortasse
1952 3230 2117 3286 etiam

2299 3233 2471 3287 Τοῦτο
2501 3232 2667 3306 τυχὸν
2715 3234 2773 3288 ὲν
2805 3235 2949 3305 ἀρχῇ
2982 3233 3079 3304 τῆς
3109 3235 3427 3304 γνωπικῆς
3451 3232 3697 3309 ἀγωγῆςΔ
3736 3235 3829 3289 καὶ

541 3317 752 3390 Moyses
782 3318 896 3383 ille,
930 3333 1054 3374 cum
1081 3320 1374 3377 accederet
1395 3320 1464 3376 ad
1491 3329 1849 3392 conspectum
1903 3322 2045 3378 lucis
2066 3322 2117 3378 in

2227 3329 2257 3381 ὁ
2282 3326 2459 3398 μέγας
2485 3325 2730 3397 Μωῦσῆς
2759 3327 2967 3389 ἐκεῖνος
2991 3325 3383 3396 διδασκόμενος
3413 3325 3520 3379 ὑπὸ
3538 3325 3645 3388 τῆς
3668 3325 3826 3387 θείας

540 3412 680 3467 rubo
708 3411 944 3484 mystice
965 3414 1317 3483 apparentis,
1342 3430 1373 3469 ιι
1396 3414 1583 3469 divina
1609 3431 1777 3471 voce:
1811 3414 1964 3472 Solve
2003 3417 2117 3472 cal-

2230 3417 2414 3487 φωνῆς
2452 3414 2791 3478 ὲπαιδεὸετο,
2819 3414 2981 3485 ἡνίκα
3008 3417 3291 3486 προσῆγεν
3316 3415 3452 3468 ἰδεῖν
3473 3415 3536 3466 τὸ
3558 3417 3619 3467 ὲν
3639 3419 3706 3486 τῇ
3733 3416 3822 3485 βά.

535 3521 649 3559 reos
679 3504 744 3558 de
766 3505 986 3576 pedibus
1021 3508 1150 3572 tuis,
1176 3522 1303 3561 nam
1340 3507 1429 3561 ubi
1450 3516 1562 3563 stas
1586 3517 1731 3561 terra
1752 3517 1942 3563 sancta
1966 3519 2049 3567 est
2070 3518 2117 3573 τι,

2227 3527 2306 3580 τῳ
2338 3507 2616 3579 μυστικῶς
2646 3507 3057 3578 φανταζόμενον
3089 3509 3204 3577 φῶς
3235 3508 3582 3577 φασκούσης,
3615 3506 3820 3561 Λῦσον

534 3597 731 3652 didicit
778 3598 1018 3653 animam
1043 3599 1112 3653 ab
1162 3590 1426 3654 omnibus
1476 3600 2117 3670 corporalibussecun-

2228 3600 2302 3656 τὰ
2329 3600 2686 3671 ὑποδήματα
2714 3601 2836 3656 ἀπὸ
2867 3600 2986 3655 τῶν
3009 3600 3213 3655 ποδῶν
3239 3618 3362 3657 σου
3382 3643 3397 3665 ,
3433 3605 3467 3656 d
3496 3600 3610 3671 γὰρ
3641 3605 3815 3666 τόπος

534 3689 665 3744 dum
687 3689 1041 3745 aﬁ'ectionem
1068 3691 1314 3761 perfecte
1365 3692 1602 3748 solutam
1663 3709 1805 3758 esse,
1848 3710 1970 3750 eam
2000 3709 2117 3765 quae

2226 3696 2296 3749 ἐν
2315 3689 2365 3765 ᾦ
2392 3695 2660 3763 ἕστηκας
2684 3692 2761 3766 τῆ
2787 3694 2925 3762 ἁγία
2949 3694 3102 3755 ἐστὶ,
3138 3694 3201 3747 τὸ
3225 3694 3439 3758 δεινῶς,
3485 3691 3666 3765 οἶμαι,
3712 3693 3815 3746 τῶν

534 3783 1014 3852 contemplationis
1062 3786 1151 3840 via
1198 3785 1269 3841 ad
1300 3801 1390 3841 res
1435 3786 1693 3843 caelestes
1740 3787 2117 3857 intelligendas

2228 3786 2560 3858 σωματικῶν
2619 3785 2879 3841 ἁπάντων
2935 3786 3303 3839 ἀπολελύσθαι
3383 3788 3527 3840 κατὰ
3579 3788 3812 3841 διάθεσιν

533 3871 837 3943 gnosticam
870 3876 1268 3944 perfectionem
1294 3879 1377 3934 sit
1406 3878 1680 3941 instituta,
1724 3894 1788 3934 ac
1819 3878 2117 3949 perfectam

2226 3877 2327 3949 τὴν
2351 3877 2554 3949 ψυχὴν,
2587 3877 2890 3949 μέλλουσαν
2917 3877 3015 3948 τὴν
3040 3878 3130 3931 διὰ
3157 3879 3397 3950 θεωρίας
3429 3880 3567 3951 πρὸς
3587 3882 3685 3952 τὴν
3709 3880 3812 3932 τῶν

534 3964 780 4032 pristina:
812 3965 868 4020 in
896 3967 1080 4024 carnis
1107 3969 1301 4025 habitu
1334 3970 1461 4026 vitae
1491 3971 1882 4026 alienationem
1932 3979 2117 4027 tenere

2233 3968 2622 4040 ὑπερκοσμίων
2669 3969 2857 4041 νόησιν
2900 3972 3213 4041 γνωστικὴν
3257 3973 3535 4026 ποιεῖσθαι
3573 3973 3807 4043 πορείαν,

531 4071 631 4125 per
652 4058 866 4113 calceos
892 4059 1200 4129 dcpositos.
1588 4110 1595 4117 .

2232 4061 2329 4115 καὶ
2372 4060 2588 4115 τελείαν
2639 4060 2737 4115 τοῦ
2780 4062 2843 4116 ὲν
2887 4045 3071 4133 σχέσει
3126 4063 3331 4136 σαρκὸς
3379 4066 3656 4136 προτέρου
3704 4066 3810 4135 βίον

2226 4153 2583 4225 ἀλλοτρίωσιν
2635 4153 2725 4209 διὰ
2762 4154 2862 4225 τῆς
2893 4156 3006 4210 τῶν
3031 4157 3402 4230 ὑποδημάτων
3435 4159 3587 4231 ἔχειν
3617 4160 3809 4215 ἀποθέ-

2231 4261 2386 4310 σεως.
2840 4270 2851 4275 —

771 4465 1160 4539 Contemplatio
1179 4472 1233 4524 in
1260 4479 1438 4542 partes
1467 4472 1871 4542 sacriﬁciorum.

2548 4476 2767 4541 θεωρία
2799 4478 2885 4540 είς
2909 4474 3061 4543 μέρη
3097 4471 3217 4526 τῶν
3239 4472 3493 4529 θυσιῶν.

602 4581 717 4637 Hoc
767 4598 961 4665 rursus
992 4582 1226 4641 fortasse
1267 4585 1416 4641 idem
1460 4587 1784 4657 perdivinus
1813 4588 2028 4661 Moyses
2057 4589 2114 4645 in

2294 4583 2465 4638 Τοῦτο
2520 4586 2681 4639 πάλιν
2741 4586 2869 4648 ἴσως
2930 4588 2960 4638 ὁ
3016 4585 3181 4651 αὐτὸς
3241 4587 3525 4652 θειότατος
3577 4591 3807 4661 Μωῦσῆς

531 4675 934 4732 sacriﬁciorum
988 4678 1194 4749 regulis
1243 4679 1610 4751 signiﬁcabat,
1671 4679 1894 4750 adipem
1935 4687 1994 4736 et
2031 4696 2117 4737 re-

2226 4680 2280 4732 ὲν
2308 4682 2426 4743 ταῖς
2454 4678 2562 4732 τῶν
2591 4678 2795 4749 θυσιῶν
2821 4678 3094 4744 διατάξεσι
3123 4682 3436 4753 παρεδήλου
3466 4683 3580 4736 τῶν
3605 4684 3806 4755 ἱερείων

529 4784 630 4824 nes
655 4777 712 4823 et
752 4777 950 4839 pectus
977 4777 1034 4825 et
1055 4771 1321 4842 jecinoris
1342 4771 1538 4828 ﬁbram
1573 4772 1642 4828 de
1672 4772 1871 4829 hostiis
1912 4772 2117 4852 jubens

2226 4771 2477 4841 ἀφαιρεῖν
2509 4768 2570 4822 τὸ
2600 4771 2791 4851 στέαρ,
2828 4770 2925 4824 καὶ
2952 4771 3080 4835 τοὺς
3106 4762 3367 4843 νεφροὺς,
3398 4775 3498 4827 καὶ
3527 4777 3591 4828 τὸ
3620 4775 3807 4846 στηθύ-

532 4861 755 4931 praecidi
791 4872 839 4929 π,
872 4864 1021 4933 ipsas
1045 4863 1309 4918 nimirum
1330 4864 1618 4935 generales
1644 4872 1964 4919 noStrarum
1993 4880 2117 4934 pas-

2226 4879 2354 4924 νιον,
2389 4865 2489 4917 ’καὶ
2522 4863 2612 4915 τὸν
2645 4862 2801 4916 λοϐὸν
2834 4863 2931 4917 τοῦ
2961 4864 3194 4935 ἥπατος,
3232 4867 3573 4929 ἐπιτάσσων.
3613 4870 3674 4921 τὸ
3704 4870 3806 4922 δεῖν

530 4956 749 5010 sionum
770 4963 1096 5026 potestates,
1127 4955 1565 5028 indignationem
1599 4957 1725 5013 dico
1769 4966 1827 5027 et
1854 4958 2117 5027 concupi-

2226 4956 2394 5018 αὐτάς
2423 4974 2483 5009 τε
2526 4955 2625 5018 τὰς
2651 4956 2874 5025 γενικὰς
2908 4954 3018 5009 τῶν
3047 4959 3104 5009 ὲν
3130 4959 3264 5027 ἡμῖν
3298 4957 3493 5013 παθῶν
3527 4959 3802 5031 δυνάμεις,

535 5046 819 5111 ιοοιιιὶιιιη,
849 5064 972 5118 qua:
1002 5062 1134 5102 vera
1178 5056 1262 5104 est
1288 5048 1592 5104 materialis
1620 5047 1775 5120 dyas,
1808 5061 2116 5117 earumque

2226 5048 2312 5102 τὸν
2343 5049 2511 5120 θυμὸν
2537 5048 2680 5118 λέγω
2709 5049 2803 5101 καὶ
2827 5049 2926 5121 τὴν
2952 5048 3277 5120 ἐπιθυμίαν,
3300 5052 3401 5121 τὴν
3423 5052 3601 5117 ὅντως
3625 5054 3807 5121 ὑλικὴί

530 5140 677 5195 vires
716 5139 925 5196 activas
974 5155 1097 5195 esse
1159 5139 1536 5211 praecidendas
1586 5148 1644 5195 et
1709 5139 2115 5196 comburendas

2226 5139 2422 5207 δυάδα,
2488 5142 2583 5195 καὶ
2640 5140 2739 5204 τὰς
2788 5142 3069 5212 ἐνεργείας
3125 5142 3310 5196 αὐτῶν
3362 5144 3653 5217 ἀφαιρεῖν,
3719 5143 3808 5198 καὶ

532 5229 722 5285 divino
772 5231 881 5302 igni
931 5234 1218 5302 potestatis
1268 5232 1514 5303 mystica:
1559 5247 1658 5302 per
1708 5231 2107 5302 cognitionem,

2226 5231 2296 5303 τῷ
2342 5233 2474 5304 θείῳ
2517 5233 2653 5303 πυρὶ
2706 5233 2804 5302 τῆς
2838 5233 2992 5288 ,κατὰ
3029 5234 3234 5302 γνῶσιν
3279 5237 3556 5307 μυστικῆς
3589 5235 3809 5306 ἐκτῆξαι

534 5324 984 5393 concupiscentia
1011 5324 1234 5395 quidem
1266 5340 1367 5395 per
1399 5339 1581 5389 renes,
1627 5323 1807 5378 activa
1836 5340 1971 5382 vero
1991 5325 2114 5396 ejus

2226 5322 2521 5394 δυνάμεως,
2551 5325 2650 5395 τῆς
2676 5325 2774 5396 μὲν
2801 5326 3097 5398 ἐπιθυμίας
3124 5327 3215 5381 διὰ
3238 5329 3348 5383 τῶν
3373 5331 3614 5401 νεφρῶν,
3640 5332 3737 5400 τῆς
3753 5330 3808 5384 δὲ

531 5412 607 5482 vi,
648 5414 753 5471 hoc
775 5424 860 5470 est
885 5417 1183 5486 voluptate.
1202 5432 1302 5486 per
1339 5414 1702 5487 pinguedinis
1756 5425 1961 5486 partes,
1994 5417 2112 5473 sive

2226 5416 2500 5489 ἐνεργείας
2529 5418 2736 5488 αἰιτῆς,
2791 5420 3040 5473 τουτέστι
3074 5419 3175 5489 τῆς
3208 5421 3443 5492 ἡδονῆς,
3494 5422 3585 5476 διὰ
3610 5423 3703 5474 τοῦ
3731 5421 3805 5472 λίς

532 5504 771 5576 adipem,
801 5508 1173 5578 indignatione
1204 5524 1301 5577 per
1345 5519 1558 5578 pectus,
1585 5518 1640 5563 et
1683 5510 1859 5564 activa
1912 5511 2031 5579 ejus
2059 5511 2110 5565 vi

2226 5526 2354 5573 πους
2380 5551 2394 5573 ,
2453 5513 2574 5582 ἦτοι
2601 5510 2697 5564 τοῦ
2727 5512 2945 5576 στέατος
2980 5511 3351 5583 δηλουμένης.
3394 5515 3491 5569 καὶ
3517 5514 3613 5568 τοῦ
3640 5510 3807 5582 θυμοῦ

534 5746 555 5758 ρ
604 5692 627 5730 r
659 5684 791 5735 (2mg.
828 5698 954 5741 xm,
987 5683 1038 5733 5.
1116 5693 1142 5730 τι
1179 5684 1348 5738 Exod.
1389 5701 1465 5748 ιιι,
1505 5687 1555 5738 5.
1640 5698 1658 5723 ι’
1696 5687 1870 5741 chit.
1905 5704 1995 5753 vn,
2029 5690 2117 5743 ὅθ.
