4038 6146
322 281 460 350 1209

1560 293 2084 358 AMBIGUORUM
2123 297 2376 358 LIBER.
2399 359 2402 361 _

3450 299 3584 363 1210

320 407 414 472 καὶ
441 405 610 460 πάλαι
634 408 928 480 γνωρίμων
951 406 1045 460 καὶ
1075 406 1337 470 ὡσαύτως
1360 408 1596 478 ἐχόντων
1624 410 1698 472 ώς
1724 409 1906 463 ἑώλων

2015 427 2134 481 quae
2166 413 2404 483 vulgaris
2442 429 2577 469 usus
2619 420 2750 468 sunt
2781 423 2839 469 et
2872 414 3084 484 pridem
3127 413 3343 485 cognita
3383 425 3439 467 et
3476 431 3588 468 non

322 496 418 549 xui
465 497 872 569 πεπατημένων
910 499 1007 550 καὶ
1034 495 1264 566 μηδενὸς
1292 496 1480 560 ἀξίων,
1513 497 1903 563 κατεξανισταο

327 594 542 654 μένους,
586 586 684 639 καὶ
734 585 934 655 μᾶλλον
987 584 1057 638 τὰ
1088 584 1403 654 νεαρώτερα
1437 585 1905 656 προσδεχομένους

325 677 635 742 ἀσπασίως,
683 677 788 730 κᾶν
829 665 1004 746 ψευδῆ
1049 675 1265 745 τύχοιεν
1297 674 1450 739 ὄντα,
1499 677 1593 728 καὶ
1633 676 1904 747 μηδεμίαν

325 770 407 832 εἰς
433 769 612 840 ψυχὴν
643 768 1028 823 διαϐαίνουσαν
1060 767 1328 836 ὠφέλειαν
1369 767 1581 836 ἔχοντα.
1621 767 1793 838 Ὑπὲρ
1836 764 1906 839 ἦς

329 860 566 930 μάλιστα
622 861 731 923 πᾶς
778 858 1009 929 εὐσεϐὴς
1071 858 1227 926 λόγος
1265 858 1362 910 καὶ
1417 858 1578 920 πόνος
1627 859 1904 929 σωτήριος

325 951 511 1022 ᾇδεταί
534 969 592 1004 τε
618 951 714 1003 καὶ
747 952 1012 1020 γράφεται
1029 949 1124 1002 καὶ
1151 949 1550 1020 ἐπιτηδεύεται,
1578 951 1606 1001 ὁ
1637 953 1736 1019 μὲν
1762 953 1906 1006 κατά

325 1045 424 1113 τῆς
450 1043 754 1111 ἀγνωσίας.
781 1044 810 1095 ό
835 1043 893 1095 δέ
925 1040 1068 1094 κατὰ
1096 1041 1196 1108 τῆς
1231 1040 1427 1111 ἡδονῆς
1469 1041 1854 1112 όπλιζόμενος,
1878 1043 1906 1095 ό

330 1135 428 1204 μὲν
457 1135 542 1188 ἵνα
562 1136 658 1202 τῆς
690 1134 912 1202 ἀγνοίας
942 1132 1192 1203 ἐκτεμὼν
1231 1133 1299 1186 τά
1334 1132 1648 1204 πηρώματα
1677 1133 1776 1204 τῆς
1804 1135 1907 1202 ψυκ-

326 1227 427 1296 χῆς
453 1226 713 1296 οίκειώσῃ
740 1224 860 1294 Θεῷ
897 1224 988 1278 διὰ
1025 1216 1281 1291 γνώσεως
1332 1224 1432 1296 τὴν
1463 1224 1723 1294 ἀλήθειαν
1753 1223 1906 1294 ἔχον-

325 1335 444 1380 τας,
490 1317 620 1381 τοὺς
669 1317 758 1370 διὰ
791 1314 950 1370 τοῦτο
976 1317 1090 1380 τοῖς
1130 1315 1416 1387 μαθήμασι
1465 1317 1779 1387 χαίροντας,
1813 1316 1908 1369 καὶ

327 1407 434 1460 τῶν
467 1407 762 1477 ὁρωμένων
795 1424 855 1459 τε
884 1406 982 1459 καὶ
1025 1407 1330 1476 νοουμένων
1373 1407 1628 1478 ὑπεράνω
1657 1407 1748 1460 τὸν
1781 1407 1908 1460 νοῦν

327 1499 706 1568 παραπέμψας
752 1497 916 1570 θέλξῃ
939 1498 1017 1568 τῷ
1050 1498 1275 1569 ἀρρήτῳ
1305 1499 1405 1567 τῆς
1448 1497 1598 1561 θείας
1646 1497 1910 1568 καλλονῆς

328 1591 516 1661 ἔρωτι,
559 1591 655 1644 καὶ
701 1590 1035 1662 προσηλώσῃ
1061 1589 1144 1660 τῷ
1176 1589 1327 1660 πόθῳ
1358 1590 1612 1662 μηδαμοῦ
1644 1591 1909 1662 φέρεσθαι

328 1682 652 1751 δυνάμενον,
695 1681 898 1752 μᾶλλον
930 1681 988 1734 δὲ
1022 1679 1322 1752 δυνηθῆναι
1365 1681 1438 1751 μὴ
1489 1681 1852 1752 ἀνεχόμενον·
1881 1684 1910 1735 ὁ

329 1774 387 1827 δέ
419 1775 507 1827 ἵνα
535 1774 636 1844 τῆς
654 1773 776 1828 καθ’
798 1774 992 1846 ἡδονὴν
1023 1773 1263 1843 σχέσεως
1287 1774 1412 1836 τοὺς
1427 1773 1588 1844 ἥλους
1605 1773 1910 1845 ἐκκρούση-
1942 1759 1986 1814 Β

329 1859 420 1918 ται
448 1861 526 1928 οἷς
565 1867 594 1918 ό
623 1865 752 1936 περὶ
780 1864 913 1918 Θεὸν
953 1864 1054 1935 τῆς
1076 1865 1254 1936 ψυχῆς
1276 1863 1438 1929 πόθος
1458 1882 1518 1918 τε
1547 1863 1640 1919 καὶ
1661 1866 1814 1928 τόνος
1844 1867 1911 1919 ἐκ

331 1955 432 2025 τῆς
459 1955 691 2027 ἀρχαίας
716 1956 997 2027 παρακοῆς
1019 1954 1156 2027 πρὸς
1169 1956 1272 2026 τὴν
1295 1955 1427 2023 ὓλην
1455 1954 1698 2025 ἐνεπάγη
1727 1955 1823 2008 καὶ
1840 1955 1912 2010 τὰ

331 2048 687 2122 φθειρόμενα,
721 2051 814 2104 καὶ
842 2049 1133 2120 ἀπαλλάξῃ
1181 2049 1380 2113 κακίας
1420 2049 1549 2112 τοὺς
1603 2049 1908 2119 ἐνεσχημέ-

329 2153 453 2204 νους
472 2140 538 2205 ⁸ο,
575 2142 669 2194 καὶ
688 2140 889 2212 ἀρετῆς
921 2142 1165 2211 ποιήσειε
1190 2139 1468 2211 φοιτητὰς
1487 2139 1770 2209 γνησίους,
1815 2139 1911 2192 καὶ

331 2236 579 2290 ἄσειστον
610 2234 745 2304 πρὸς
777 2235 954 2288 πάντα
978 2233 1046 2288 τὰ
1071 2233 1300 2287 κωλύειν
1325 2231 1591 2286 δοκοῦντα
1610 2233 1708 2304 τῆς
1732 2231 1910 2302 ψυχῆς

331 2329 430 2400 τὴν
455 2329 590 2400 πρὸς
626 2327 688 2381 τὺ
719 2325 884 2380 καλὸν
930 2325 1205 2380 οίκείωσιν
1249 2307 1656 2396 ἀπεργάσηται,
1691 2322 1908 2386 διδάξας

334 2420 470 2492 πρὸς
509 2418 996 2492 μὲν,ἀποστροφὴν
1045 2417 1260 2489 ἡδονῆς,
1310 2417 1516 2488 (182
1547 2416 1620 2485 a)
1670 2414 1760 2468 διὰ
1799 2412 1909 2467 τῶν

334 2514 419 2582 ἐφ’
449 2513 578 2582 ἡμῖν
617 2510 837 2564 ἀτόπων
879 2509 1178 2579 ἀπατηλῶς
1233 2507 1527 2578 σαινούσης
1573 2506 1667 2560 καὶ
1700 2503 1908 2575 μαλασ-

337 2604 538 2676 σούσης
600 2603 662 2657 τὸ
737 2603 962 2674 στερῤὺν
999 2601 1100 2670 τῆς
1152 2601 1400 2670 γνώμης,
1461 2599 1556 2652 καὶ
1613 2583 1909 2666 πειθούσης

335 2696 720 2768 προαιρεῖσθαι
757 2695 827 2748 τὰ
879 2693 1126 2764 παρόντα
1161 2693 1270 2745 τῶν
1316 2691 1643 2762 μελλόντων,
1693 2690 1787 2746 καὶ
1841 2688 1910 2742 τά

336 2788 592 2860 ὁρώμενα
639 2788 747 2842 τῶν
793 2786 1126 2856 νοουμένων,
1159 2784 1513 2854 ἐγκράτειαν,
1561 2781 1696 2852 πρὸς
1727 2780 1784 2834 δὲ
1815 2780 1908 2848 φόο

338 2879 433 2932 σου
469 2879 562 2932 καὶ
585 2877 782 2941 δειλίας
813 2876 1099 2941 ἀπόθεσιν,
1128 2875 1195 2928 δι’
1223 2873 1407 2928 αὐτῶν
1427 2874 1473 2904 ¹¹
1508 2871 1608 2924 οὐκ
1651 2869 1738 2939 ἐφ’
1776 2871 1910 2940 ἡμῖν

336 2971 422 3024 τά”
449 2973 729 3042 ἀνήκεστα
762 2969 857 3022 καὶ
883 2967 1232 3039 ἀνθρωπίνης
1271 2960 1411 3018 εἶναι
1442 2963 1704 3032 δοκοῦντα
1737 2961 1915 3032 κρείτ-

337 3082 466 3118 τονα
496 3063 782 3132 δυνάμεως
819 3059 1247 3130 ὑποτιθεμένων,
1274 3057 1368 3111 καὶ
1417 3056 1508 3128 βίᾳ
1553 3057 1776 3127 κρατεῖν
1822 3055 1912 3108 διά

337 3156 436 3228 τῆς
467 3155 575 3208 τῶν
613 3152 862 3225 φοϐερῶν
901 3151 1200 3220 ἐπαγωγῆς
1227 3148 1323 3203 τοῦ
1347 3147 1623 3219 σώφρονος
1647 3145 1910 3218 λογισμοῦ

341 3246 776 3321 μηχανωμένων,
814 3243 1092 3314 ὑπομονὴν
1136 3243 1231 3297 καὶ
1278 3241 1406 3311 τὴν·
1429 3244 1494 3295 ἐκ
1531 3239 1738 3294 τούτων
1772 3257 1913 3310 συμ-

340 3343 730 3414 πληρουμένην
757 3339 1000 3410 ἀνδρίαν,
1078 3337 1176 3409 τὴν
1215 3337 1351 3406 πρὸς
1385 3337 1569 3390 πᾶσαν
1593 3335 1785 3406 ἡδονὴν
1810 3335 1917 3387 τῶν

339 3435 426 3502 ἐφ’
456 3434 590 3503 ἡμῖν
613 3430 708 3483 καὶ
737 3424 934 3498 ὀδύνην
956 3427 1065 3480 τῶν
1103 3426 1206 3480 οὐκ
1241 3426 1326 3495 ἐφ’
1353 3426 1486 3495 ἡμῖν
1513 3424 1794 3477 ἀνένδοτον
1823 3423 1916 3476 καὶ

339 3523 608 3593 ἀήττητον
635 3519 768 3586 ἕξιν.
792 3516 1211 3586 Κνηθομένους
1239 3516 1297 3569 δὲ
1320 3514 1435 3583 τὴν
1461 3514 1658 3582 ἀκοὴν
1686 3513 1784 3567 καί
1806 3513 1920 3581 τὴν

341 3613 634 3683 γλῶσσαν
685 3610 943 3663 ἐκάλεσεν
989 3611 1018 3661 6
1069 3606 1390 3669 διδάσκαλος
1438 3606 1563 3667 τοὺς
1612 3604 1740 3675 περὶ
1788 3598 1863 3658 ὧν
1891 3606 1921 3658 ό

341 3707 519 3774 λόγος,
548 3704 739 3775 ἐπειδὴ
771 3705 880 3767 πᾶς
914 3702 1072 3770 λόγος
1103 3700 1193 3755 διὰ
1231 3697 1484 3768 γλώσσης
1528 3697 1816 3751 καλεῖσθαί
1860 3713 1919 3750 τε

343 3801 438 3852 καὶ
481 3795 854 3870 προφέρεσθαι
904 3781 1117 3848 καὶδι⁹
1152 3793 1325 3863 ἀκοῆς
1370 3790 1669 3844 ἀκούεσθαί
1717 3807 1779 3843 τε
1825 3789 1920 3842 καὶ

267 3940 276 3950 ,
348 3888 715 3960 μανθάνεσθαι
760 3887 1030 3955 πέφυκεν.
1062 3883 1128 3937 El
1167 3884 1223 3938 δέ
1257 3883 1353 3938 καὶ
1386 3881 1507 3936 κατ’
1537 3881 1706 3950 ἀλλην
1740 3880 1922 3935 ἐπιϐο-

343 3981 440 4052 λὴν
462 3978 779 4051 ἐκδέχεσθαι
833 3978 1135 4050 θελήσομεν
1170 3976 1231 4030 τὸ
1269 3975 1586 4046 λεγόμενον,
1616 3973 1921 4041 Κνηθόμε-

341 4092 436 4128 ιι·οι
467 4074 583 4142 τὴν
613 4075 810 4141 ἀκοὴν
853 4071 950 4126 καὶ
995 4070 1112 4138 τὴν
1139 4068 1451 4140 γλῶσσαν,
1480 4066 1644 4136 τυχὸν
1678 4067 1728 4118 oi
1762 4055 1924 4135 μόνον

344 4163 482 4233 πρὸς
523 4163 690 4233 ψόγον
727 4162 823 4216 καὶ
864 4161 964 4229 τῆς
1000 4159 1120 4214 κατ’
1158 4157 1336 4212 ἄλλων
1384 4155 1642 4225 διαβολῆς
1682 4155 1714 4225 ἢ
1761 4154 1924 4208 λοιδο-

347 4257 472 4323 ρίας
516 4253 740 4308 ἀκούειν
772 4270 834 4306 τε
877 4254 970 4306 καὶ
1002 4251 1188 4306 καλεῖν
1234 4248 1698 4322 προθυμούμενοι,
1734 4249 1828 4300 καὶ
1861 4248 1922 4300 τὸ

345 4348 488 4402 κατά
525 4347 745 4410 παντὸς,
769 4345 996 4417 ἀμαθῶς
1043 4342 1367 4414 ἐπαίρεσθαι
1401 4341 1560 4410 λόγου
1599 4357 1656 4396 τε
1708 4339 1806 4394 καὶ
1835 4341 1924 4392 ἀν-

2005 513 2207 560 novata
2231 507 2383 565 velut
2411 515 2603 561 contra
2638 507 2885 562 obsoleta
2917 517 2973 562 et
3006 507 3134 563 trita
3165 517 3220 562 et
3244 508 3371 562 vilia
3409 509 3581 562 insur-

2005 609 2154 669 gant,
2185 599 2322 653 adeo
2356 607 2417 653 ut
2449 599 2780 664 recentiora,
2807 600 2893 654 vel
2927 600 2972 654 si
3008 601 3295 655 mendacia
3329 601 3459 666 sint,
3492 617 3588 654 ne-

2004 706 2114 760 que
2149 691 2262 744 ulla
2299 689 2426 745 inde
2461 692 2517 745 in
2554 691 2792 744 animam
2829 690 3040 746 utilitas
3078 690 3369 754 redundet,
3404 699 3584 744 tamen

2005 783 2262 837 lubenter
2315 775 2604 852 recipiant.
2659 782 2871 840 Animae
2922 783 3226 851 praesertim
3289 782 3581 836 commodo

2005 875 2189 929 omnis
2233 875 2360 944 pius
2406 884 2463 929 et
2505 890 2692 930 sermo
2735 883 2792 929 et
2832 875 2988 928 labor
3030 874 3285 929 salutaris
3329 874 3580 943 praedica-

2007 970 2116 1027 tur,
2151 963 2541 1028 conscribitur,
2574 973 2896 1029 accuratur;
2937 978 3172 1031 quorum
3218 962 3356 1018 alter
3397 971 3588 1016 contra

2007 1051 2410 1122 ignorantiam,
2465 1052 2605 1107 alter
2659 1061 2850 1106 contra
2906 1053 3245 1121 voluptatem
3310 1060 3587 1112 armatur,

2007 1143 2157 1195 alter.
2179 1150 2240 1195 ut
2271 1141 2506 1196 inﬁrmis
2540 1152 2596 1195 et
2629 1142 2840 1195 inutilis
2873 1141 3070 1196 animae
3100 1143 3350 1211 partibus
3390 1141 3592 1195 excisis

2006 1248 2105 1288 eos
2136 1233 2234 1301 qui
2268 1247 2368 1301 per
2397 1232 2771 1302 cognitionem
2799 1232 3090 1287 veritatem
3124 1233 3330 1286 habent
3357 1233 3591 1301 ideoque

2009 1324 2066 1377 in
2099 1323 2407 1392 disciplinis
2434 1323 2645 1378 versari
2676 1322 2948 1393 gaudent,
2975 1323 3087 1376 Deo
3121 1323 3407 1387 conciliet,
3441 1337 3593 1376 men-

2011 1426 2233 1486 temque
2272 1429 2495 1469 sursum
2534 1430 2701 1485 supra
2741 1430 2806 1469 ea
2846 1431 2966 1484 qua:
3003 1416 3264 1470 videntur
3305 1423 3361 1468 et
3395 1414 3597 1470 intelli-

2008 1516 2214 1580 guntur
2264 1507 2521 1562 emissam
2577 1506 2846 1561 ineffabili
2903 1505 3108 1560 divinae
3164 1504 3597 1574 pulchritudinis

2009 1615 2196 1655 amore
2224 1598 2556 1662 demulceat,
2582 1606 2749 1668 atque
2779 1597 2854 1651 ita
2883 1595 3064 1667 aﬂigat
3091 1604 3154 1650 ut
3184 1596 3340 1650 nullo
3363 1611 3594 1664 usquam

2010 1690 2287 1769 desiderio
2334 1688 2606 1744 stimulari
2655 1688 2858 1758 possit,
2891 1687 3008 1742 sive
3052 1687 3238 1756 potius
3282 1702 3443 1757 posse
3484 1702 3593 1742 non

2011 1784 2285 1840 sustineat
2318 1801 2331 1836 :
2367 1783 2507 1837 alter
2535 1789 2599 1835 ut
2627 1780 2928 1850 voluptatis
2955 1780 3178 1834 habitus
3209 1781 3394 1834 clavos
3431 1793 3590 1833 excu-

2013 1876 2115 1931 tiat
2136 1874 2341 1945 quibus
2369 1874 2566 1928 animae
2591 1872 2738 1927 circa
2763 1872 2937 1926 Deum
2965 1871 3304 1926 desiderium
3333 1879 3391 1926 et
3417 1871 3594 1926 inten-

2013 1969 2089 2023 tio
2118 1968 2187 2022 de
2219 1973 2404 2022 vetere
2441 1963 2830 2019 inobedientite
2861 1962 3065 2017 delicto
3105 1962 3174 2016 ad
3215 1963 3505 2017 materiam
3540 1970 3596 2017 et

2009 2076 2076 2116 ea
2103 2076 2225 2131 quae
2246 2058 2499 2114 interitui
2523 2058 2807 2129 subjaCent
2830 2056 3105 2126 applicata
3128 2064 3279 2120 sunt,
3305 2063 3363 2111 et
3387 2055 3598 2126 impro-

2009 2148 2181 2203 bitate
2209 2147 2434 2202 indutos
2462 2146 2687 2211 liberet,"
2705 2153 2760 2200 et
2788 2145 3016 2200 virtutis
3038 2160 3204 2200 veros
3228 2145 3393 2200 faciat
3417 2147 3597 2200 culto—

2010 2255 2130 2305 res,
2162 2247 2220 2296 et
2258 2233 2574 2293 immobiles
2613 2253 2717 2291 nos
2754 2245 2811 2291 et
2853 2238 3214 2292 inconcussos
3251 2245 3398 2292 stare
3435 2237 3596 2291 faciat

2011 2340 2205 2387 contra
2248 2330 2432 2386 omnia
2464 2345 2586 2400 quae
2615 2329 2813 2384 animae
2847 2345 2972 2384 cum
3003 2329 3239 2384 honesto
3271 2338 3328 2384 et
3356 2331 3596 2400 pulchro

2011 2422 2438 2478 familiaritatem
2485 2421 2784 2477 iucundam
2829 2422 3128 2491 prohibere
3167 2421 3482 2486 videantur,
3519 2422 3588 2475 ad

2011 2513 2391 2571 declinandam
2418 2513 2640 2583 quidem
2667 2513 3031 2582 voluptatem,
3061 2530 3183 2583 quae
3213 2529 3314 2582 per
3342 2512 3598 2567 absurdi-

2012 2613 2152 2660 tates
2175 2613 2396 2659 nostras
2421 2602 2805 2657 fraudulenter
2827 2603 3058 2658 consilii’
3076 2603 3376 2658 duritatem
3406 2603 3599 2658 adula-

2011 2702 2103 2750 tur
2124 2703 2181 2750 et
2211 2694 2407 2757 mollit,
2429 2701 2488 2747 et
2512 2693 2818 2762 praesentia-
2835 2693 3058 2758 futuris,
3082 2709 3314 2763 quaeque
3338 2692 3599 2747 vide‘ntur

2011 2787 2094 2842 eis
2122 2801 2246 2856 qua:
2279 2784 2615 2855 cogitatione
2648 2783 3038 2854 percipiuntur
3071 2785 3333 2854 praaferre
3365 2785 3596 2848 suadet,
3622 2827 3640 2842 .

2012 2879 2294 2934 instruens
2327 2875 2689 2941 continentia,
2724 2875 2792 2929 ad
2835 2875 3226 2944 deponendum
3265 2892 3398 2930 vero
3441 2876 3604 2930 timo-

2011 2988 2130 3028 rem
2161 2981 2325 3040 atque
2354 2977 2584 3034 metum,
2610 2968 2704 3038 qui
2736 2967 2839 3038 ipsi
2869 2967 3190 3037 gravissima
3221 2983 3454 3035 quisque
3479 2984 3588 3020 non

2015 3067 2072 3121 in
2114 3074 2309 3120 nostra
2352 3078 2519 3118 manu
2561 3062 2659 3117 sed
2700 3060 2998 3114 humanam
3043 3068 3375 3130 potestatem
3422 3061 3599 3115 videri

2017 3168 2280 3226 superare
2340 3148 2681 3221 persuadent
2728 3148 3115 3218 violenterque
3174 3165 3272 3218 per
3325 3159 3602 3202 terrorum

2017 3244 2362 3302 invasionem
2396 3241 2626 3298 rationis
2655 3239 2984 3310 consiliique
3018 3240 3374 3296 sobrietatem
3411 3241 3604 3309 oppri-

2016 3325 2168 3393 mere
2202 3345 2498 3398 conantur,
2531 3335 2814 3388 instruens
2849 3332 3159 3386 constantia
3191 3339 3247 3384 et
3278 3331 3603 3384 fortitudine

2017 3427 2146 3482 inde
2177 3433 2578 3486 consummata,
2604 3423 2794 3478 habitu
2827 3423 2892 3477 ad
2927 3422 3232 3491 quamlibet
3258 3437 3449 3476 eorum
3482 3439 3604 3491 quae

2018 3515 2075 3569 in
2104 3514 2267 3569 nobis
2294 3521 2424 3568 sunt
2453 3513 2811 3582 voluptatem,
2839 3521 2895 3566 et
2922 3511 3226 3581 quemlibet
3255 3525 3447 3564 eorum
3479 3527 3604 3578 qum

2017 3615 2174 3677 egrtra
2197 3621 2298 3661 nos
2319 3615 2450 3660 sunt
2469 3604 2717 3660 dolorem
2743 3601 3120 3672 imperterrito
3141 3611 3197 3657 et
3217 3601 3441 3656 invicto.
3463 3601 3607 3656 Pru-

2020 3699 2212 3752 rientes
2247 3705 2425 3750 autem
2461 3695 2647 3749 auditu
2682 3703 2731 3747 et
2765 3693 2950 3764 lingua
2983 3693 3243 3764 magister
3265 3693 3484 3749 vocavit
3511 3709 3608 3746 eos

2020 3792 2089 3846 ad
2119 3805 2261 3860 quos
2298 3797 2510 3858 spectat
2535 3801 2741 3852 sermo,
2771 3785 3050 3855 siquidem
3081 3783 3263 3840 omnis
3291 3800 3474 3840 sermo
3509 3802 3608 3854 per

2021 3883 2262 3954 linguam
2293 3889 2350 3936 et
2377 3881 2686 3951 appellatur
2711 3886 2768 3934 et
2795 3877 3096 3948 profertur,
3126 3886 3291 3948 atque
3320 3892 3420 3947 per
3451 3876 3608 3931 audi-

2022 3983 2139 4031 tum
2167 3973 2510 4029 auscultatur
2533 3981 2592 4027 et
2616 3971 2904 4026 ediscitur.
2933 3970 3052 4026 Jam
3087 3971 3135 4025 si
3169 3971 3335 4025 etiam
3373 3971 3442 4025 ad
3473 3972 3606 4024 alte—

2024 4083 2148 4122 rum
2192 4080 2414 4136 quoque
2457 4065 2800 4134 propositum
2844 4062 3103 4132 excipere
3144 4063 3401 4117 volumus
3449 4063 3605 4124 illud,

2022 4160 2332 4216 Prurientes
2357 4158 2544 4212 auditu
2570 4166 2618 4210 et
2641 4156 2844 4227 lingua,
2865 4155 3097 4210 fortasse
3119 4164 3284 4210 erunt
3304 4156 3399 4225 qui
3431 4157 3607 4209 solum

2024 4253 2093 4308 ad
2132 4249 2470 4321 vituperium
2514 4248 2748 4302 aliorum
2796 4255 2854 4301 et
2893 4245 3355 4301 obtrectationem
3400 4246 3608 4300 calum-

2027 4345 2289 4414 niamque
2333 4340 2666 4397 audiendam
2706 4349 2764 4394 et
2801 4338 3192 4410 proferendam
3230 4337 3522 4400 inclinant,
3554 4344 3614 4390 et

344 4437 468 4508 δρός
502 4435 885 4506 σεμνολόγημα
923 4433 1224 4504 κρίνοντες,
1254 4431 1347 4484 καὶ
1381 4429 1490 4500 πρὸ
1523 4429 1614 4482 τοῦ
1657 4445 1708 4480 τι
1754 4429 1914 4496 φάναι

2027 4445 2221 4493 contra
2254 4434 2506 4505 quemvis
2541 4433 2655 4488 sive
2690 4446 3005 4487 sermonem
3039 4430 3156 4485 sive
3185 4429 3470 4484 hominem
3505 4429 3610 4482 im-

346 4528 435 4579 τὸν
473 4525 711 4579 ὕποπτον
757 4526 939 4588 αὐτοῖς
993 4524 1086 4576 καὶ
1130 4520 1497 4592 φθονούμενον
1551 4518 1914 4588 σφαδάζοντες

2022 4529 2201 4600 perite
2239 4536 2294 4582 et
2327 4525 2534 4580 rustice
2574 4525 2908 4580 insolescere
2938 4531 3232 4578 venustum
3272 4535 3329 4577 et
3360 4521 3608 4591 lepidum

345 4619 424 4689 τῷ
452 4617 720 4688 πνεύματι
753 4617 848 4670 καὶ
893 4611 1004 4669 οἷον
1041 4614 1139 4686 τὴν
1172 4613 1350 4684 ψυχὴν
1394 4610 1772 4684 προωθοῦντες
1825 4612 1914 4665 καὶ

2019 4621 2290 4691 judicant,
2324 4633 2388 4672 ac
2423 4617 2744 4687 priusquam
2792 4615 2836 4670 is
2875 4615 2968 4685 qui
3007 4615 3114 4669 sibi
3151 4615 3288 4684 ipsis
3321 4621 3614 4682 suspectus

348 4709 445 4780 τὴν
481 4709 652 4781 ἀκοὴν
707 4705 1089 4777 ἐτοιμάζοντες
1120 4706 1215 4759 καὶ
1240 4705 1336 4776 τὴν
1375 4703 1789 4774 γλῶσσανπρὸς
1817 4702 1914 4773 ,θή-

2023 4721 2130 4778 est,
2149 4712 2237 4767 vel
2266 4711 2356 4765 cui
2380 4709 2650 4773 invident,
2675 4708 2882 4777 aliquid
2910 4707 3080 4772 dicat,
3105 4706 3303 4776 Spiritu
3331 4704 3613 4760 exsultant

350 4817 447 4867 ραν
482 4799 624 4862 τινὸς
667 4797 937 4866 συλλαᾶῆς
969 4796 1002 4865 ἢ
1049 4794 1269 4861 λέξεως,
1305 4795 1402 4864 οὐχ
1456 4795 1542 4847 ἵνα
1581 4793 1918 4864 εύθυμῶσιν,

349 4889 463 4942 ἀλλ’
511 4891 596 4942 ἵνα
633 4889 903 4944 κακίσωσι
950 4887 1043 4940 καὶ
1090 4885 1224 4956 ὓλην
1277 4885 1440 4955 ἔχωσι
1473 4886 1572 4955 τῆς
1607 4887 1729 4962 κατ’
1759 4883 1924 4938 αὑτοῦ

350 4980 755 5050 γλωσσαλγίας.
785 4979 964 5048 Ὅπερ
996 4976 1282 5031 ἐποιοῦντο
1303 4977 1382 5046 τῷ
1409 4979 1549 5047 ἁγίῳ
1571 4977 1746 5048 τούτῳ
1770 4978 1924 5044 ἀνδρὶ

349 5075 399 5126 οἱ
433 5072 553 5145 κατ’
583 5071 760 5124 ἐκεῖνο
811 5067 1004 5138 καιροῦ
1037 5068 1136 5137 τῆς
1166 5067 1424 5135 ἀληθείας
1470 5067 1672 5136 ἐχθροὶ,
1704 5085 1922 5138 προπη-

349 5161 568 5226 δῶντες,
613 5160 708 5215 καὶ
741 5158 1285 5229 προεξανιστάμενοι,
1332 5159 1426 5211 καὶ
1471 5160 1599 5229 πρὶν
1643 5161 1923 5232 λεχθῆναι,

353 5253 461 5306 τῶν
496 5250 809 5322 λεγομένων
830 5266 842 5280 ·
879 5249 1133 5318 καθάπερ
1178 5248 1286 5299 τῶν
1333 5249 1514 5301 ἵππων
1537 5251 1661 5313 τοὺς
1695 5251 1922 5321 πολεμι-

2023 4815 2080 4861 et
2102 4803 2273 4860 veluti
2298 4802 2539 4858 animam
2569 4801 2886 4871 propellunt
2911 4801 3271 4868 auditumque
3298 4803 3610 4867 praeparant

2032 4907 2090 4952 et
2137 4897 2382 4966 linguam
2431 4895 2500 4950 ad
2547 4894 2808 4965 syllabam
2855 4893 3096 4962 aliquam
3141 4891 3228 4945 vel
3278 4890 3614 4944 locutionem

2029 4987 2360 5048 venandam,
2392 5002 2504 5041 non
2533 5003 2645 5057 quo
2680 4984 2870 5040 laetitia
2904 4994 2960 5039 et
2989 4983 3266 5038 hilaritate
3300 4979 3476 5036 animi,
3500 4977 3615 5033 alli-

2035 5081 2202 5142 ciant,
2227 5077 2338 5140 ,sed
2378 5085 2440 5132 ut
2480 5077 2738 5149 iniuriam
2782 5076 3022 5131 inferant
3058 5074 3457 5143 materiamque
3501 5086 3614 5126 sua:

2035 5167 2354 5238 petulantia:
2380 5167 2640 5230 habeant.
2673 5167 2730 5221 ld
2764 5166 2912 5236 quod
2943 5166 3073 5221 huic
3107 5173 3299 5220 sancto
3323 5163 3445 5218 viro
3471 5162 3616 5217 acci-

2034 5261 2115 5315 dit
2144 5262 2237 5316 illo
2270 5270 2516 5331 tempore
2547 5259 2616 5315 ab
2647 5260 2896 5315 veritatis
2929 5259 3190 5324 inimicis,
3215 5254 3485 5328 ejusmodi
3517 5253 3636 5322 qui.

355 5347 609 5417 στηρᾱης
640 5361 702 5398 τε
729 5343 823 5396 καὶ
854 5329 1587 5412 (1826)’ἀμιλλητηρίους,
1622 5344 1670 5396 οἳ
1699 5345 1790 5398 καὶ
1821 5347 1914 5416 πρὲ

2034 5353 2347 5422 prosiliunt,
2384 5329 2440 5408 et
2483 5353 2568 5406 vel
2615 5352 2935 5422 priusquam
2980 5351 3125 5405 dicta
3171 5351 3300 5410 sint,
3335 5349 3393 5405 in.
3426 5345 3612 5400 verbis

353 5437 464 5490 τῶν
511 5437 740 5504 ἀγώνων
781 5435 878 5488 καὶ
914 5435 1009 5503 τῆς
1056 5433 1356 5501 σάλπιγγος
1391 5433 1651 5504 εύθυτενῆ
1695 5436 1764 5488 τά
1807 5432 1914 5492 ὦτα

2031 5458 2222 5497 ansam
2251 5451 2307 5497 et
2335 5442 2682 5497 occasionem
2721 5457 2777 5497 se
2817 5440 3082 5516 incitandi
3116 5439 3360 5508 arripere
3397 5437 3606 5498 solent;

1620 5567 1853 5624 VARIjE
1893 5573 2291 5631 LECTIONES.

429 5685 474 5714 πο
511 5681 899 5752 ἐνισχημένους
929 5681 1049 5735 cod.
1082 5680 1219 5735 Gud.
1300 5681 1338 5710 ¹¹
1377 5679 1458 5732 διὰ
1497 5679 1600 5732 τῶν
1636 5682 1758 5736 cod.
1784 5683 1926 5738 Gud.
