4038 6146
534 264 662 330 1211

1703 266 1765 322 S.
1807 260 2094 322 MAXIMI
2129 259 2637 318 CONFESSORIS

3673 243 3834 305 1212

523 380 580 435 in
626 379 851 434 modum
895 391 1164 447 equorum
1211 375 1540 430 bellatorum
1591 376 1976 442 celetumque,
2013 371 2097 440 qui

2211 367 2448 430 ποιοῦσι,
2492 369 2584 420 καὶ
2626 368 2753 428 τοὺς
2797 364 2963 426 πόδας
2992 365 3055 432 τῇ
3090 364 3160 432 γῇ
3200 357 3688 430 προσαράσσουσι,
3725 360 3831 408 καὶ

523 474 610 529 vel
642 482 770 526 ante
799 479 1078 526 certamen
1105 475 1160 522 et
1183 469 1370 522 tubam
1402 483 1566 522 aures
1595 466 1848 537 arrigunt
1875 472 1929 519 et
1953 463 2108 533 pedi-

525 565 628 618 bus
660 573 859 618 terram
884 562 1104 632 pulsant
1126 570 1184 616 et
1207 561 1428 631 ungulis
1453 559 1690 623 fodiunt,
1709 567 1766 612 et
1788 557 1856 611 ad
1881 571 2105 611 cursum

519 667 586 707 se
619 653 853 706 incitant
886 660 943 706 et
975 651 1250 722 flagellum
1290 650 1554 720 instigaus
1593 650 1740 704 haud
1783 665 1908 704 raro
1948 659 2106 702 ante-

516 751 778 808 vertunt;
833 744 938 798 nisi
986 744 1131 813 quod
1180 744 1394 798 nullum
1441 758 1648 812 equos,
1693 742 1822 811 quia
1875 740 2107 795 rationis

524 844 652 888 sunt
678 844 953 904 expertes,
985 835 1322 905 vituperium
1357 834 1549 904 tangit,
1576 834 1621 888 si
1659 833 1900 903 legitima
1929 840 2108 887 certa-

527 925 737 978 minum
782 933 1027 993 tempora
1067 939 1178 978 non
1213 930 1536 993 exspectant
1575 938 1696 993 quae
1731 921 1878 977 tubae
1921 921 2105 976 sonitu

525 1025 582 1070 ct
613 1015 810 1085 ﬂagelli
846 1017 956 1070 ictu
991 1015 1389 1086 signiﬁcantur,
1417 1015 1556 1070 tales
1587 1023 1779 1070 contra
1812 1015 1917 1068 viri
1953 1013 2106 1069 nullo

525 1107 797 1176 vituperio
837 1116 1071 1176 possunt
1104 1107 1171 1161 ad
1205 1123 1360 1162 suam
1393 1105 1697 1176 nequitiam
1729 1105 2104 1160 aestimandam

520 1198 876 1252 commoveri.
905 1197 1196 1269 Negotium
1227 1199 1308 1254 eis
1343 1206 1401 1254 et
1432 1195 1676 1253 studium
1715 1206 1801 1252 est
1829 1196 2101 1252 mendacii

521 1289 808 1343 meditatio
855 1298 912 1344 et
962 1291 1216 1345 veritatis
1266 1291 1621 1359 expugnatio.
1669 1289 1850 1356 Quare
1903 1287 2104 1342 merito

519 1379 811 1449 ejusmodi,
839 1383 1134 1448 prurientes
1155 1381 1344 1434 auditu
1368 1390 1414 1433 et
1443 1379 1645 1450 lingua,
1675 1378 1951 1442 dicantur,
1980 1392 2106 1447 pro-

520 1476 708 1536 pterea
741 1469 889 1538 quod
922 1478 984 1524 ut
1011 1469 1216 1539 aliquis
1246 1485 1446 1524 succus
1459 1469 1853 1528 acerbissimus
1873 1477 1929 1522 et
1958 1483 2106 1522 cras-

519 1559 794 1625 sissimus,
821 1560 915 1629 qui
953 1561 1008 1614 in
1042 1561 1292 1631 corporis
1322 1561 1598 1632 profundo
1631 1559 1926 1623 delitescit,
1957 1559 2104 1614 haud

522 1665 646 1704 Iaro
679 1665 779 1720 per
803 1653 1144 1722 pruriginem
1179 1654 1432 1710 irritatus
1464 1655 1518 1708 in
1550 1662 1800 1722 apertum
1836 1665 2100 1722 provoca-

2214 461 2647 532 προσκνὴθονται
2670 457 2874 526 ταύτην
2905 457 3023 519 ταῖς
3051 454 3260 515 ὁπλαῖς,
3300 454 3394 505 καὶ
3433 451 3574 521 πρὸς
3607 451 3831 518 δρόμον

2212 554 2441 616 ἑαυτοὺς
2493 552 2862 622 διεγείρουσι,
2916 547 3012 602 καὶ
3076 546 3176 616 τὴν
3229 543 3484 598 ὠθοῦσαν
3541 542 3829 604 πολλάκις

2213 644 2695 715 προλαμϐάνοντες
2741 641 3015 712 μάστιγα·
3047 638 3188 709 πλὴν
3225 638 3309 689 ὅτι
3339 635 3455 689 τῶν
3486 636 3680 688 ἵππων
3714 634 3826 686 οὑ-

2209 735 2322 797 δεὶς
2361 736 2593 786 ἅπτεται
2641 731 2808 801 ψόγος
2851 728 2956 782 ὑπὸ
2999 727 3098 797 τῆς
3147 724 3384 794 φυσικῆς
3427 720 3684 789 ἀλογίας,
3738 720 3826 790 μὴ

2209 827 2592 896 ἀναμενόντων
2645 825 2770 886 τούς
2815 817 3072 883 εὐθέτους
3114 819 3221 872 τῶν
3267 815 3500 886 ἀγώνων
3547 813 3820 884 καιροὺς,

2209 918 2304 980 οὒς
2350 917 2702 988 διασημαίνει
2737 916 2772 985 ἦ
2811 931 2871 967 τε
2912 915 3066 982 φωνὴ
3110 910 3210 981 τῆς
3261 908 3571 980 σάλπιγγος
3623 905 3726 959 καὶ
3786 907 3822 972 ἡ

2208 1011 2308 1081 τῆς
2345 1011 2613 1080 μάστιγος
2641 1007 2846 1078 πληγὴ,
2873 1008 2985 1069 τοῖς
3018 1004 3074 1057 δὲ
3103 1003 3367 1066 τοιούτοις
3405 988 3675 1072 ἀνδράσιν
3718 1001 3820 1053 οὐ·

2205 1102 2318 1165 δείς
2352 1103 2501 1155 ἐστιν
2538 1102 2566 1153 ό
2601 1099 2738 1171 πρὸς
2762 1097 2919 1162 ἀξίαν
2952 1095 3055 1165 τῆς
3102 1094 3281 1148 αὐτῶν
3319 1092 3524 1156 κακίας
3570 1094 3814 1162 ἐπινοη-

2210 1193 2367 1252 θῆναι
2395 1193 2693 1263 δυνάμενος
2725 1190 2912 1260 ψόγος.
2947 1189 3151 1258 Ἔργον
3185 1185 3372 1256 έχουσι
3413 1184 3511 1237 καὶ
3558 1182 3812 1236 σπούδα-

2209 1299 2323 1352 σμα
2361 1283 2461 1353 τὴν
2499 1281 2732 1351 μελέτην
2775 1278 2872 1333 τοῦ
2923 1277 3177 1346 ψεύδους,
3237 1274 3334 1328 καὶ
3380 1274 3481 1344 τὴν
3518 1273 3671 1326 κατὰ
3707 1274 3812 1340 τῆς

2208 1375 2469 1445 ἀληθείας
2505 1374 2781 1427 ἔνστασιν.
2824 1371 3066 1431 Εἰκότως
3095 1370 3144 1421 οἱ
3174 1367 3410 1421 τοιοῦτοι
3437 1367 3810 1434 κνηθόμενοι

2207 1462 2324 1531 τὴν
2377 1464 2573 1528 ἀκοὴν
2625 1462 2724 1515 καί
2771 1461 2887 1526 τὴν
2933 1457 3207 1529 γλῶτταν
3260 1456 3634 1524 λεγέσθωσαν,
3669 1456 3811 1509 διότι

2207 1555 2460 1626 καθάπερ
2506 1572 2590 1618 τις
2628 1553 2802 1625 χυμὸς
2840 1551 3172 1624 δριμύτατός
3217 1567 3278 1603 τε
3309 1551 3403 1604 καὶ
3452 1549 3809 1620 παχύτατος,

2206 1648 2284 1718 τῷ
2323 1647 2477 1719 βάθει
2505 1645 2600 1700 τοῦ
2629 1645 2882 1714 σώματος
2908 1641 3266 1713 ὲμφωλεύων,
3299 1640 3569 1704 πολλάκις
3593 1641 3694 1692 διὰ
3709 1641 3806 1693 τοῦ

519 1749 631 1806 tur,
662 1717 738 1795 ita
772 1717 936 1795 etiam
966 1717 1071 1796 bos
1101 1743 1373 1798 bonorum
1413 1717 1731 1798 sermonum
1770 1717 2097 1798 obtreCtato—

2206 1717 2504 1812 κνήθεσθαι
2540 1739 2677 1811 πρὸς
2705 1739 2804 1809 τὴν
2829 1739 3152 1806 ἐπιφάνειαν
3176 1734 3565 1804 ἐρεθιζόμενος
3589 1734 3807 1786 ὲκδίόο·

519 1847 608 1886 res
635 1833 852 1887 occulta
875 1831 1126 1902 quadam
1152 1833 1399 1900 affectio,
1427 1843 1721 1904 postquam
1746 1849 1936 1887 ansam
1967 1835 2106 1888 arri-

519 1932 780 1992 puerunt,
805 1924 875 1980 ad
911 1927 1109 1980 animae
1138 1927 1536 1997 malignitatem
1573 1927 1629 1980 in
1664 1911 1945 1995 publicum
1975 1939 2104 1979 evo-

517 2015 774 2070 mendum
817 2017 1094 2086 praecipue
1139 2017 1336 2082 irritat,
1363 2033 1486 2087 quze
1523 2016 1744 2071 affectio
1781 2023 1935 2071 tanto
1977 2032 2104 2086 pro-

516 2108 741 2163 fundius
771 2107 926 2164 sedet
954 2118 1162 2180 quanto
1194 2123 1458 2179 processu
1491 2123 1592 2164 suo
1620 2109 1877 2164 videatur
1905 2109 2102 2164 debili-

515 2202 636 2255 tari.
664 2201 881 2256 Etenim
915 2218 1023 2257 non
1063 2204 1282 2260 excedit
1309 2204 1378 2258 de
1412 2202 1692 2273 profundo
1721 2217 1822 2272 per
1851 2201 2096 2256 facinora

511 2293 660 2346 edita
708 2293 1092 2363 improborum
1142 2295 1430 2350 hominum
1479 2293 1733 2360 aﬁ'ectio,
1782 2292 1879 2348 sed
1926 2292 2094 2346 etiam

509 2394 736 2440 externa
786 2387 975 2442 omnia
1023 2388 1207 2443 furore
1253 2403 1354 2442 suo
1397 2387 1742 2457 depascitur,
1769 2395 1825 2442 et
1851 2401 2006 2441 suam
2039 2386 2095 2439 in

510 2477 694 2533 anima
722 2479 908 2535 sedem
935 2481 1359 2552 haudquaquam
1388 2480 1675 2550 relinquit.

509 2745 595 2800 Ex
623 2747 802 2801 eodem
832 2764 1101 2813 sermone,
1127 2750 1185 2802 in
1217 2747 1353 2803 illud
1390 2765 1408 2802 :
1451 2767 1469 2799 ι
1511 2747 1967 2813 Quemadmodum
1997 2751 2095 2820 ﬂos

577 2842 636 2892 in
669 2841 837 2894 hieme
871 2840 1031 2910 plane
1064 2843 1482 2910 intempestivus,
1507 2849 1558 2894 et
1588 2839 1893 2894 mulieribus
1925 2840 2096 2895 uirilis

579 2937 800 2983 ornatus
830 2929 915 2984 vel
941 2931 1070 2984 viris
1102 2929 1396 2995 muliebris,
1425 2937 1519 2984 aut
1553 2930 1766 2983 mori
1797 2930 2097 2999 geometria

579 3018 833 3072 studium.
873 3037 892 3070 ι

582 3123 970 3182 Moderationis
994 3127 1050 3182 in
1078 3129 1230 3184 omni
1257 3143 1510 3184 sermone
1543 3129 1802 3198 omnique
1834 3129 2090 3200 negotio,

510 3230 620 3284 qua
663 3215 1101 3288 uniuscujusque
1148 3227 1205 3273 et
1246 3218 1640 3274 universorum
1689 3218 1909 3274 decoris
1956 3219 2096 3273 ratio

512 3305 726 3376 integra
756 3322 821 3362 ac
846 3323 985 3378 pura
1011 3310 1419 3376 manifestatur,
1451 3326 1551 3382 per
1579 3310 1934 3366 dissimilium
1961 3325 2097 3366 enu-

508 3399 873 3454 merationem
909 3403 1224 3473 exemplum
1258 3418 1574 3474 proponens
1605 3404 1725 3458 haec
1755 3403 1894 3458 dicit
1921 3398 2097 3474 magi-

505 3495 645 3552 ster,
671 3489 877 3558 quibus
919 3501 979 3546 ut
1020 3491 1287 3547 moderati
1331 3508 1454 3548 esse
1491 3501 1549 3548 et
1581 3493 1730 3548 cauti
1762 3493 1937 3548 velint
1972 3507 2100 3564 pro-

506 3582 650 3636 tervi
685 3591 742 3637 et
775 3583 1123 3639 immoderati
1155 3586 1473 3656 nulliusque
1505 3586 1652 3643 modi
1683 3586 1863 3658 gnari,
1888 3586 2099 3642 nullius

505 3674 732 3742 quidem
768 3675 870 3741 rei,
899 3675 1089 3731 sed-in
1117 3678 1314 3748 primis
1341 3678 1659 3749 disputandi
1687 3681 1756 3736 de
1782 3681 1896 3736 Deo
1923 3680 2095 3748 modi,

507 3782 702 3819 verum
733 3767 996 3823 audacter
1020 3779 1217 3825 cuncta
1242 3771 1614 3844 discrepantia
1638 3774 1782 3830 inter
1807 3791 1866 3831 se
1891 3783 2097 3832 temere

507 3859 933 3914 conuniscentcs
960 3871 1123 3932 atque
1154 3864 1559 3921 confundentes
1592 3868 1851 3923 instruat.
1879 3869 2094 3924 Etenim

507 3948 551 4001 si
592 3958 792 4018 praeter
828 3962 1081 4007 naturam
1124 3965 1210 4010 est
1251 3955 1676 4027 legitimumque
1716 3975 1902 4013 rerum
1942 3960 2094 4013 ordi-

508 4055 632 4102 nem
661 4040 762 4095 flos
793 4042 847 4095 in
877 4042 1059 4100 hieme
1086 4056 1383 4115 spectatus,
1412 4064 1476 4103 ac
1510 4049 1839 4105 mulieribus
1865 4058 2096 4107 ornatus

507 4132 681 4188 virilis
713 4135 939 4192 indutus
962 4149 1058 4193 aut
1081 4141 1215 4194 viris
1240 4142 1551 4205 muliebris,
1577 4151 1629 4197 et
1655 4143 1880 4198 maerori
1912 4153 2093 4214 aptam

505 4228 864 4295 geometriam
899 4229 1087 4286 dicere
1123 4231 1246 4303 (ille
1280 4233 1428 4287 enim
1463 4244 1682 4304 tempus
1716 4245 1882 4290 novat
1912 4252 2096 4291 suam-

507 4332 615 4386 que
664 4319 995 4388 positionem
1046 4331 1102 4376 et
1149 4325 1403 4380 ordinem
1453 4325 1732 4393 destituit,
1776 4329 1917 4384 alter
1960 4314 2103 4384 vero.

2200 1851 2316 1897 ται,
2347 1833 2521 1896 οὕτως
2542 1832 2638 1884 καὶ
2665 1832 2794 1894 τούς
2826 1829 3174 1900 έπηρεαστάς
3201 1827 3310 1881 τῶν
3340 1826 3520 1890 καλῶς
3555 1825 3804 1896 λεγομέ-

2200 1943 2309 1979 νων
2360 1925 2598 1996 ὲρεθίζει
2647 1923 2982 1992 λαϐομένους
3026 1920 3282 1990 ἀφορμῆς
3339 1919 3578 1989 μάλιστα
3623 1920 3806 1989 δημοο

2203 2017 2405 2071 σιεύειν
2437 2017 2537 2084 τὴν
2568 2016 2709 2070 κατά
2751 2014 2930 2086 ψυχὴν
2979 2014 3323 2084 κακουργίαν
3350 2015 3383 2084 ἠ
3417 2013 3799 2082 κεκρυμμένη

2197 2108 2459 2174 διάθεσις,
2498 2109 2621 2179 ἣτις
2661 2105 2916 2168 τοσοῦτον
2959 2105 3020 2159 τό
3073 2105 3234 2175 βάθος
3267 2105 3526 2175 κατέχειν
3571 2104 3800 2172 πέφυκε

2207 2203 2429 2273 μᾶλλον,
2481 2203 2604 2256 ὅσον
2643 2200 2934 2255 κενοῦσθαι
2972 2194 3042 2270 τῇ
3081 2198 3296 2269 προόδῳ
3343 2197 3487 2251 κατὰ
3528 2199 3594 2251 τδ
3641 2198 3798 2260 εἰκός

2197 2294 2403 2360 ἔδοξεν.
2439 2295 2514 2349 Οὐ
2563 2294 2671 2365 γὰρ
2703 2293 2986 2358 ἐξίσταται
3013 2291 3108 2347 τοῦ
3151 2291 3354 2361 βάθους
3397 2291 3800 2360 προφερομένη

2199 2387 2289 2441 διὰ
2317 2387 2423 2440 τῶν
2446 2387 2622 2460 ἔργων
2653 2387 2688 2456 ή
2717 2385 2829 2438 τῶν
2861 2383 3154 2455 μοχθηρῶν
3179 2382 3486 2454 ἀνθρώπων
3514 2381 3796 2445 διάθεσις,

2203 2479 2337 2533 ἀλλὰ
2366 2480 2462 2533 παλ⁸
2504 2479 2576 2532 τά
2618 2478 2776 2542 tm;
2814 2477 2995 2531 πάντα
3029 2475 3274 2547 μανικῶς
3319 2475 3669 2544 ἐπινέμεται,
3699 2474 3798 2528 καὶ

2203 2569 2302 2640 τῆς
2322 2570 2464 2624 κατά
2486 2569 2665 2640 ψυχὴν
2695 2568 2948 2640 οὐδαμῶς
2979 2567 3256 2635 ἐξίσταται
3291 2565 3498 2636 χώρας.

2215 2749 2314 2802 Ἐκ
2342 2748 2448 2802 τοῦ
2485 2747 2673 2802 αὐτοῦ
2701 2746 2911 2815 λόγου.
2945 2747 3033 2810 εἰς
3063 2746 3154 2809 τὸ,
3192 2765 3210 2797 ι
3237 2745 3465 2812 Ὥσπερ
3504 2744 3694 2811 ἄνθος
3722 2747 3796 2800 ἐν

2273 2836 2515 2907 χειμῶνι
2541 2835 2854 2900 παντελῶς
2885 2833 3099 2902 ἄωρον,
3149 2832 3247 2886 καὶ
3287 2830 3525 2902 γυναιξὶ
3557 2831 3794 2901 κόσμος

2274 2927 2550 2994 ἀνδρεῖος
2574 2927 2612 2996 ἢ
2652 2925 2912 2995 ἀνδράσι
2940 2924 3299 2994 γυναικεῖος,
3326 2924 3364 2991 ἣ
3395 2922 3604 2978 πένθει
3648 2941 3793 2993 γεω-

2268 3023 2482 3092 μετρία
2503 3021 2600 3091 (9).
2635 3039 2654 3071 ι

2268 3135 2382 3206 Τὴν
2407 3135 2498 3187 ἐπὶ
2525 3133 2729 3196 παντὸς
2754 3132 2917 3200 λόγου
2945 3147 3005 3185 τε
3032 3131 3127 3186 καὶ
3150 3131 3476 3201 πράγματος
3507 3129 3790 3198 εὐταξίαν,

2199 3225 2320 3280 καθ’
2352 3225 2421 3295 ἢν
2451 3223 2552 3293 τῆς
2585 3222 2818 3276 ἑκάστου
2857 3221 2954 3274 καὶ
3005 3223 3228 3275 πάντων
3267 3221 3609 3290 εὐπρεπείας
3640 3223 3669 3274 ὁ
3697 3221 3791 3274 λό-

2201 3334 2294 3385 γος
2344 3314 2740 3385 ἀναφαίνεσθαι
2789 3315 3039 3384 πέφυκεν
3091 3312 3293 3384 (183
3336 3314 3406 3382 α)
3449 3314 3790 3384 ἀκραιφνὴς,

2197 3411 2286 3464 διὰ
2335 3411 2432 3480 τῆς
2508 3408 2618 3461 τῶν
2677 3405 3134 3477 ἀπεμφαινόντων
3202 3405 3640 3475 ἀπαριθμήσεως
3675 3408 3789 3458 είσ-

2198 3501 2527 3573 ηγούμενος,
2557 3499 2734 3555 ταῦτά
2775 3514 2942 3569 φησιν
2968 3499 2997 3551 ὁ
3033 3497 3377 3563 διδάσκαλος,
3419 3499 3504 3551 ἶνα
3528 3498 3620 3553 διὰ
3660 3499 3788 3552 τοὺ-

2195 3615 2302 3650 των
2346 3595 2641 3658 εὐτάκτους
2684 3592 2825 3648 εἶναι
2861 3591 2955 3647 καὶ
2996 3590 3247 3653 εὐλαϐεῖς
3277 3591 3404 3654 τούς
3431 3591 3657 3661 θρασεῖς
3697 3595 3790 3646 καὶ

2197 3689 2474 3752 ἀτάκτους
2502 3687 2601 3741 καὶ
2633 3687 2907 3758 μηδεμίαν
2941 3685 3099 3750 τάξιν
3134 3684 3369 3747 εἰδότας,
3417 3685 3639 3747 οὐδενὸς
3667 3687 3784 3754 μὲν,

2201 3779 2436 3848 μάλιστα
2477 3777 2535 3830 δὲ
2581 3778 2684 3847 τῆς
2728 3777 2856 3847 περὶ
2898 3775 3034 3829 Θεοῦ
3069 3774 3384 3840 διαλέξεως,
3423 3775 3564 3828 ἀλλὰ
3603 3778 3782 3830 πάντα

2196 3869 2486 3941 τολμηρῶς
2527 3867 2783 3940 ἀλλήλοις
2829 3867 3140 3939 παμμιγῶς
3172 3868 3241 3920 τά
3283 3867 3551 3920 διεστῶτα
3583 3868 3784 3937 φύρον-

2196 3963 2296 4027 τάς
2323 3980 2384 4016 τε
2421 3963 2518 4016 καὶ
2563 3962 2898 4032 συγχέοντας
2945 3960 3230 4025 διδάξειεν.
3271 3959 3337 4012 Εἰ
3382 3961 3493 4032 γὰρ
3547 3961 3657 4014 τῶν
3687 3963 3783 4015 οὐκ

2195 4056 2432 4126 ἐχόντων
2457 4053 2620 4124 φύσιν
2647 4054 2788 4119 ἐστὶ,
2817 4055 2914 4107 καὶ
2944 4053 3034 4106 διὰ
3060 4052 3224 4106 τοῦτο
3265 4053 3390 4106 οὐδὲ
3413 4054 3597 4120 τάξιν,
3627 4057 3690 4108 τό
3720 4072 3778 4106 τε

2196 4147 2358 4210 ἄνθος
2418 4149 2477 4200 ὲν
2521 4145 2756 4216 χειμῶνι
2804 4143 3108 4216 ὁρώμενον,
3158 4146 3255 4198 καὶ
3299 4146 3524 4213 γυναιξὶ
3582 4147 3781 4214 κόσμος

2196 4239 2440 4310 ἀνδρεῖος
2489 4237 2944 4309 ἐπιϐεϐλημένος,
2995 4237 3092 4290 καὶ
3160 4237 3390 4308 ἀνδράσι
3452 4242 3779 4306 γυναικεῖος,

2195 4333 2290 4385 καὶ
2318 4331 2504 4385 πένθει
2546 4329 2902 4401 συνημμένην
2924 4329 3274 4400 γεωμετρίαν
3311 4329 3498 4397 λέγειν
3534 4331 3554 4401 <
3575 4331 3636 4384 τὺ
3688 4331 3779 4400 μὲν

505 4409 740 4465 invicem
775 4412 828 4466 in
855 4413 978 4467 viro
1010 4422 1065 4468 et
1091 4415 1323 4471 muliere
1353 4432 1622 4488 apparens
1650 4429 1905 4475 naturam
1937 4421 2093 4477 adul-

2205 4425 2305 4495 γὰρ
2344 4426 2662 4493 καινοτομεί
2705 4422 2795 4476 τὸν
2836 4424 3030 4494 χρόνον
3061 4423 3157 4475 κα)⁵
3191 4421 3294 4491 τῆς
3325 4419 3464 4488 ἰδίας
3508 4423 3779 4488 ἐξίσταται

505 4509 646 4557 terat
665 4513 722 4558 et
743 4505 966 4560 modum
991 4522 1059 4562 ex
1084 4515 1280 4563 natura
1309 4509 1395 4565 eis
1420 4513 1840 4569 convenientem
1867 4529 1932 4569 ac
1961 4531 2090 4585 pro-

503 4593 687 4662 prium
719 4596 882 4660 tollit,
910 4599 1074 4654 tertia
1104 4601 1235 4655 dum
1265 4617 1388 4672 quae
1419 4605 1753 4661 coexsistere
1781 4616 2084 4677 nequeunt,

503 4683 798 4754 gaudium,
834 4687 1088 4759 inquam,
1119 4701 1177 4748 et
1215 4709 1540 4760 maerorem,
1576 4696 1629 4750 in
1677 4713 1848 4752 unum
1891 4713 2089 4770 cogere

505 4782 700 4838 tentat,
723 4774 976 4847 inquinat
997 4797 1060 4836 ea
1087 4799 1319 4852 prorsus
1342 4797 1398 4840 et
1421 4788 1683 4856 perimit),
1707 4805 1890 4844 nonne
1915 4791 2089 4845 multo

504 4867 691 4944 potius
726 4883 909 4925 sermo
935 4873 1003 4928 de
1035 4873 1149 4929 Deo
1185 4885 1392 4932 temere
1427 4887 1482 4932 et
1509 4895 1537 4933 a
1571 4881 1821 4949 quolibet
1849 4883 2002 4937 fusus
2033 4892 2092 4938 et

503 4971 614 5025 quo
645 4957 794 5014 haud
830 4959 992 5018 decet
1027 4974 1276 5035 tempore
1315 4975 1373 5023 et
1404 4970 1527 5023 loco
1562 4968 1787 5040 insuper
1820 4974 2086 5041 prolatus,

505 5048 757 5105 informis
781 5059 837 5107 et
861 5053 1261 5113 inconveniens
1287 5060 1416 5126 erit,
1439 5068 1495 5115 et
1518 5077 1865 5132 nequaquam
1892 5065 2090 5134 dignus

505 5139 598 5206 qui
640 5141 917 5207 audiatur,
951 5160 1075 5199 cum
1095 5187 1109 5209 ,
1139 5157 1201 5202 ut
1231 5163 1332 5217 ego
1361 5151 1570 5216 sentio,
1604 5160 1756 5204 tanto
1786 5151 1967 5221 potius
1997 5168 2094 5208 ne-

507 5247 661 5287 cesse
699 5236 772 5290 sit
805 5236 1065 5293 idoneum
1103 5240 1172 5294 de
1211 5241 1320 5294 Deo
1356 5242 1666 5296 disserendi
1703 5250 1920 5313 tempus
1956 5245 2093 5298 deli-

507 5335 638 5391 gant
668 5328 987 5395 prudentes,
1014 5341 1221 5401 quanto
1255 5335 1308 5388 in
1344 5335 1510 5390 rebus
1540 5336 1700 5404 plane
1731 5334 2090 5407 discrepanti-

510 5413 612 5470 bus
651 5419 974 5489 nullumque
1016 5427 1407 5482 commercium
1449 5427 1594 5483 inter
1631 5444 1689 5483 sc
1731 5428 2087 5494 habentibus,

509 5517 646 5569 quas
684 5516 1136 5570 commemoravit
1172 5518 1454 5588 magister,
1483 5520 1840 5588 geometriam
1880 5537 1908 5574 a
1954 5537 2090 5576 ma:-

2195 4509 2420 4580 θέσεως,
2458 4516 2486 4568 ό
2517 4515 2574 4569 δὲ
2599 4515 3018 4587 παραχαράττει
3048 4513 3149 4585 τὴν
3189 4515 3353 4582 φύσιν
3397 4516 3651 4583 ἐναλλάξ,
3695 4520 3776 4570 ἀν-

2193 4608 2281 4681 δρί
2327 4625 2388 4661 τε
2441 4609 2536 4662 καὶ
2588 4608 2811 4676 γυναικὶ
2843 4607 3300 4676 ἐπιφαινόμενος,
3335 4608 3433 4661 καὶ
3475 4609 3580 4679 τὴν
3601 4612 3776 4673 αὐτοῖς

2195 4696 2509 4771 προσοῦσαν
2552 4699 2617 4751 ὲκ
2649 4696 2867 4766 φύσεως
2896 4696 3053 4764 τάξιν
3081 4697 3380 4768 ἐξίστησιν,
3407 4701 3440 4768 ἡ
3475 4699 3534 4752 δὲ
3576 4701 3646 4752 τὰ
3680 4717 3774 4770 μηδ

2194 4789 2342 4843 δέπω
2367 4789 2734 4859 συνυπάρχειν
2757 4787 3006 4857 ἀλλήλοις
3036 4787 3332 4858 δυνάμενα,
3353 4788 3533 4858 χαράν
3553 4789 3616 4842 τέ
3645 4807 3778 4858 φημι

2195 4884 2288 4936 καὶ
2317 4880 2535 4944 πένθος,
2569 4883 2649 4944 εἰς
2676 4879 2733 4933 ἒν
2765 4881 2996 4948 ἀγαγεῖν
3035 4879 3332 4950 βιαζομένη
3364 4878 3532 4949 φόρει
3563 4881 3780 4941 πάντως

2195 4974 2291 5028 καὶ
2320 4972 2636 5044 ἀφανίζει),
2668 4973 2728 5026 οὐ
2761 4971 2943 5043 πολλῷ
2977 4971 3180 5043 μᾶλλον
3209 4973 3237 5024 ό
3263 4971 3392 5042 περὶ
3436 4971 3578 5025 Θεοῦ
3609 4972 3779 5040 λόγος,

2195 5067 2269 5130 ὡς
2297 5066 2454 5136 ἔτυχε
2483 5066 2578 5118 καὶ
2605 5065 2712 5118 ὑπὸ
2739 5063 2834 5117 τοῦ
2869 5064 3151 5134 τυχόντος,
3179 5064 3272 5116 καὶ
3298 5062 3463 5132 ἡνίκα
3495 5066 3593 5116 καὶ
3621 5060 3682 5116 οῦ
3712 5063 3778 5132 μὴ

2197 5156 2438 5230 καθῆκον
2478 5157 2558 5210 ἔτι
2591 5157 3026 5229 προφερόμενος,
3065 5155 3252 5224 ἀειδὴς
3290 5155 3448 5209 ἔσται
3483 5159 3581 5210 καὶ
3609 5159 3776 5224 ἀπρε-

2199 5250 2324 5321 πὴς,
2360 5251 2453 5304 καὶ
2485 5250 2594 5302 οὐδ’
2621 5249 2762 5313 ὅλως
2790 5249 3123 5320 ἀκουσθῆναι
3160 5248 3290 5321 περὶ⁵
3327 5249 3465 5302 Θεοῦ
3497 5249 3668 5316 ἄξιος,
3698 5247 3778 5316 ἐφ’

2194 5337 2256 5396 οῦ
2291 5341 2492 5412 μᾶλλον
2525 5341 2782 5395 τοσοῦτον
2819 5343 3027 5395 τιθέναι
3073 5340 3188 5394 δεῖν
3229 5337 3384 5411 οἶμαι
3429 5342 3492 5394 τὸ
3525 5338 3777 5412 εὐκαιρον

2194 5431 2324 5493 τοὺς
2375 5429 2502 5483 νοῦν
2544 5430 2787 5501 ἔχοντας,
2820 5431 2944 5483 ὅσον
2991 5430 3211 5483 πάντων
3259 5430 3614 5501 ἀσυγκρίτως
3649 5445 3776 5500 προ-

2193 5523 2566 5594 ϐεϐλημένων,
2597 5523 2781 5578 πένθει
2806 5525 2863 5578 δὲ
2889 5522 3233 5593 γεωμετρίαν
3272 5523 3626 5594 ἀνὶρμοστόν
3661 5538 3772 5595 pq-

581 5664 655 5732 (9)
699 5664 845 5716 Mem
901 5668 1020 5721 ibid.
1067 5691 1183 5742 mp.
1236 5677 1277 5736 ί,
1322 5693 1373 5745 ι).
1421 5677 1531 5731 iltO.
1580 5687 1706 5730 ιυιιι.
1750 5679 1790 5740 l,
1824 5679 1959 5749 Opp.
1997 5679 2085 5732 ed.
2129 5679 2336 5735 Bened.
