4038 6146
379 271 528 355 1213,

1615 284 2131 348 AMBIGUORUM
2170 289 2422 352 LIBER.

3494 296 3632 362 1214

375 410 460 448 σιν
488 395 517 446 ὁ
545 391 885 457 ὃιδὶσκαλος.
934 393 994 446 '0
1043 390 1100 445 δὲ
1147 391 1350 463 μᾶλλον
1397 396 1626 467 ἀπορεῖν
1673 397 1820 468 ὑμᾶς
1864 413 1961 451 πε-

2063 414 2185 457 rore
2224 401 2493 485 dissidere
2534 403 2632 460 ait.
2665 403 2766 459 llic
2805 413 2991 460 autem
3035 406 3207 476 magis
3245 406 3518 475 haesitare,
3551 413 3630 466 uti

375 482 631 555 ποίηκεν,
676 482 753 549 ᾡς
800 478 973 554 οἶμαι,
1024 484 1168 538 κατὰ
1210 482 1453 547 τοιούσδε
1500 487 1824 560 τρόπους,ἢ
1869 491 1953 557 ὅτι

374 592 481 647 περ
524 576 574 628 οῑ
616 573 802 647 χώρας
846 572 997 640 τινὸς
1023 574 1112 628 διὰ
1147 577 1546 647 στρατιωτικῆς
1578 580 1955 653 κρατήσαντες

372 669 557 741 χειρὸς
598 670 915 742 γεωμετρίᾳ
959 670 1165 739 ταύτην
1247 671 1749 744 καταδιαιροῦνται,
1790 677 1955 748 ἡνίκα

378 763 656 835 βασιλείας
683 764 833 835 νόμῳ
864 766 1088 834 κρατεῖν
1126 764 1147 833 (
1175 762 1334 833 183
1366 762 1434 835 ὁ)
1473 764 1728 829 ἐθέλωσι,
1779 770 1955 839 χαρᾶς

376 859 434 912 δὲ
458 860 555 912 καὶ
583 858 776 929 χρῆμα
812 859 1089 930 μέγιστον,
1112 859 1310 929 χαρᾶς,
1340 861 1454 923 τοῖς
1490 862 1629 931 μόνα
1648 861 1720 915 τὰ
1748 862 1953 934 παρόνο

376 966 447 1004 τα
480 948 904 1019 μεταδιώκουσιν
943 950 1148 1017 ἀγαθὰ,
1176 950 1270 1003 καὶ
1294 949 1356 1002 τὸ
1382 951 1610 1022 νικητὰς
1637 953 1838 1017 αὐτοὺς
1863 970 1956 1020 γε·

379 1040 588 1104 νέσθαι,
622 1041 717 1095 καὶ
744 1040 974 1094 πλοῦτον
1005 1039 1201 1111 ἀθρόον
1233 1042 1563 1112 κτήσασθαι,
1599 1038 1684 1108 οἷς
1722 1046 1784 1100 τὸ
1808 1046 1954 1107 ,οἱον-

377 1132 470 1185 οὖν
512 1132 711 1194 πένθος
755 1133 991 1185 συνεῖναι
1046 1132 1362 1202 ἀμήχανον·
1399 1134 1432 1204 ἢ
1464 1135 1647 1206 ἐπειδή
1697 1153 1862 1205 φασιν
1905 1137 1953 1188 οἱ

378 1221 505 1294 περὶ
538 1222 713 1275 ταῦτα
740 1221 907 1277 δεινοὶ
942 1223 1069 1283 τοὺς
1111 1223 1551 1291 ἀναγκαστικοὺς
1596 1225 1740 1289 ἰδίως
1766 1207 1955 1280 συλλο-

375 1315 609 1385 γισμοὺς
643 1316 887 1387 ἀνῆφθαι
920 1318 988 1387 τῇ
1028 1319 1367 1390 γεωμετρίᾳ,
1400 1321 1657 1391 φορτικός
1687 1338 1771 1384 τις
1808 1321 1954 1381 εἰκό-

373 1425 483 1472 τως
523 1407 845 1478 ὀφθήσεται,
904 1409 1000 1461 καί
1035 1408 1097 1460 τὸ
1140 1409 1382 1480 καθῆκον
1422 1409 1499 1482 μὴ
1555 1410 1823 1482 συνορῶν,
1865 1411 1955 1464 τὸν

376 1498 676 1553 πενθοῦντα
713 1499 1163 1570 συλλογιζόμενος
1216 1502 1312 1555 καὶ
1366 1502 1578 1570 ἀλόγως
1619 1502 1785 1556 αὐτὸν
1829 1519 1957 1556 πεν-

377 1589 573 1644 θοῦντα
610 1589 783 1654 δεῖξαι
838 1588 1210 1660 πειρώμενοςο
1256 1591 1290 1661 ἢ
1338 1590 1502 1662 τυχὸν
1557 1592 1654 1647 καὶ
1680 1591 1829 1662 αύτῷ
1874 1592 1954 1662 τῷ

376 1681 662 1735 πενθοῦντι
701 1680 835 1752 φαίη
875 1697 961 1745 τις
994 1681 1338 1753 ἀνάρμοστον
1383 1679 1524 1736 εἶναι
1551 1683 1612 1736 τὸ
1652 1683 1957 1752 συλλογίζε-

378 1773 519 1834 σθαι,
553 1773 870 1851 πιθανότητι
923 1773 1095 1843 λόγων
1150 1775 1341 1827 ἐαυτὸν
1409 1774 1800 1845 μηχανώμενος
1833 1775 1952 1828 πεί-

379 1863 495 1918 θειν
521 1863 597 1928 ὡς
624 1865 685 1917 ού
719 1863 957 1918 πέπονθε
992 1864 1092 1934 τὴν
1122 1863 1272 1935 ἔργῳ
1298 1864 1394 1925 καὶ
1422 1865 1712 1938 πράγματι
1744 1862 1954 1934 συμϐᾶ-

379 1972 475 2011 σαν
504 1955 654 2026 αύτῷ
683 1956 992 2029 συμφορὰν,
1033 1956 1065 2028 ἢ
1100 1956 1373 2026 καὶαύτῷ
1398 1956 1477 2026 τῷ
1503 1957 1712 2019 πένθει,
1740 1956 1860 2027 ἦτοι
1886 1958 1952 2025 τῇ

374 2047 568 2102 τούτου
606 2047 789 2118 φύσει,
832 2047 1113 2111 παντελῶς
1162 2047 1426 2111 ἐναντίον.
1469 2044 1820 2118 Ἐκκρούεται
1847 2044 1953 2118 γὰρ

380 2138 573 2212 ὥσπερ
614 2139 676 2193 τὺ
706 2138 931 2202 πένθος
960 2140 990 2192 ὁ
1027 2138 1242 2192 πενθῶν
1279 2137 1755 2209 συλλογιζόμενος,
1812 2136 1957 2191 οὕτω

376 2233 476 2287 καὶ
499 2232 561 2286 τὸ
587 2231 787 2295 πένθος
807 2230 900 2285 τοῦ
949 2227 1087 2285 εἶναι
1116 2231 1313 2295 πένθος
1346 2231 1627 2296 ἐκπίπτει,
1657 2229 1793 2301 πρὸς
1829 2228 1956 2284 συλ-

375 2322 636 2394 λογισμὸν
700 2321 1161 2394 μετατιθέμενος,
1190 2322 1506 2376 Ἀποδαλὼν
1563 2321 1676 2393 γάρ
1721 2339 1813 2385 τις
1858 2320 1951 2373 τὸν

377 2413 458 2477 εἰς
488 2412 549 2466 δν
574 2402 675 2477 τὰς
708 2412 931 2474 ἐλπίδας
968 2408 1082 2484 εἶχε
1117 2413 1216 2485 τῆς
1253 2412 1530 2484 διαδοχῆς,
1569 2411 1807 2483 περιττὰ
1844 2410 1958 2466 λοι-

375 2504 478 2559 πὸν
511 2506 729 2576 ἡγεῖται
758 2505 827 2559 τὰ
856 2504 983 2575 τῇδε
1017 2505 1221 2561 πάντα.
1261 2504 1376 2558 Καὶ
1408 2503 1555 2561 κατὰ
1578 2499 1782 2581 ,τοῦτον
1829 2502 1961 2567 ῐσως

374 2596 466 2650 τὸν
489 2595 692 2667 τράπον
717 2596 819 2649 οὐκ
841 2595 945 2662 ἔξω
974 2595 1135 2664 λόγου
1165 2596 1300 2667 φαίη
1348 2614 1430 2658 τις
1462 2592 1601 2649 εἶναι
1634 2596 1705 2648 τὰ
1747 2595 1959 2668 θεωρη-

377 2688 562 2754 θέντα,
599 2690 761 2759 γνοὺς
796 2691 872 2760 μὴ
892 2689 1157 2757 δύνασθαι
1188 2690 1511 2760 συμϐαίνειν
1542 2688 1794 2761 ἀλλήλοις
1819 2688 1963 2742 κατὰ

375 2780 439 2834 τὸ
450 2781 584 2836 αὐτὸ
601 2782 703 2852 τὴν
723 2782 899 2854 χαρὰν
912 2783 1005 2836 καὶ
1026 2782 1088 2836 τὸ
1108 2782 1322 2845 πένθος,
1341 2782 1440 2852 τῆς
1457 2780 1726 2852 ἐκατέρου
1751 2797 1964 2852 ποιητι-

377 2872 481 2943 κῆς
509 2872 690 2936 αἰτίας
716 2874 817 2928 οὐκ
833 2875 898 2927 ἐκ
929 2872 1238 2927 τῶναύτῶν
1268 2871 1451 2945 ἀρχῶν
1466 2872 1698 2945 ἐχούσης
1722 2872 1963 2943 δηλονότι

348 3015 352 3019 _
378 2961 477 3025 τὰς
531 2963 804 3032 ἀφορμάς.
832 2962 941 3015 Καὶ
979 2962 1185 3016 τούτων
1218 2964 1428 3034 μάρτυς
1465 2961 1725 3032 ἐχέγγυος
1750 2961 1780 3014 ὁ
1812 2962 1965 3029 ἆγιος

2054 493 2294 566 videtur,
2327 511 2425 551 vos
2450 495 2581 551 fecit
2610 496 2761 553 hisce
2793 498 2969 552 modis
3001 517 3013 551 :
3049 499 3158 565 vel,
3181 501 3330 569 quod
3360 501 3455 571 qui
3485 502 3632 556 mili-

2055 586 2160 644 tari
2205 603 2370 642 manu
2417 590 2695 659 regionem
2742 590 2982 660 aliquam
3026 601 3468 662 occupaverunt,
3500 609 3631 664 geo-

2053 675 2265 731 metriae
2305 691 2408 746 ope
2451 677 2814 747 dispertiunt,
2856 695 2980 734 cum
3024 681 3178 750 regni
3220 681 3340 753 lege
3378 683 3669 742 obtinere\

2053 763 2350 831 voluerint,
2379 767 2578 821 summi
2615 767 2800 838 gaudii
2831 783 2963 823 vero
2993 770 3273 838 negotium
3307 782 3629 835 esse,_certe

2052 855 2239 925 gaudii
2279 857 2360 911 eis
2400 857 2495 927 qui
2534 859 2653 913 sola
2694 861 2983 928 prmsemia
3028 871 3329 932 sequantur
3364 864 3537 929 bona,
3574 872 3630 917 et

2053 949 2367 1018 superiores
2397 950 2535 1016 ﬁeri,
2561 959 2617 1006 et
2644 951 2866 1007 divitias
2895 953 3100 1022 spissas
3128 969 3472 1029 comparare,
3503 972 3628 1011 cum

2053 1040 2257 1109 quibus
2282 1042 2585 1100 commodis
2607 1044 3005 1114 qualiscunque
3033 1060 3239 1103 mceror
3259 1047 3488 1117 junctus
3508 1064 3630 1103 esse

2051 1148 2163 1188 non
2190 1136 2364 1204 possit
2387 1152 2403 1189 :
2428 1136 2536 1201 vel,
2559 1152 2683 1191 cum
2712 1137 2806 1206 qui
2835 1137 2893 1191 in
2917 1137 3020 1193 hac
3043 1154 3099 1192 re
3129 1138 3293 1208 periti
3319 1148 3449 1194 sunt
3468 1140 3632 1211 syllo-

2052 1224 2258 1294 gismos
2293 1227 2514 1295 proprie
2549 1229 2829 1283 c0activos
2870 1229 3037 1283 tribui
3070 1231 3386 1300 geometria:
3421 1231 3626 1293 dicant,

2054 1315 2238 1375 fatuus
2260 1307 2455 1370 merito
2478 1317 2777 1385 videbitur,
2800 1326 2855 1373 et
2877 1320 3010 1389 quid
3039 1320 3230 1375 deceat
3253 1337 3445 1391 parum
3470 1323 3632 1378 intel-

2052 1409 2248 1481 ligens,
2267 1410 2358 1479 qui
2383 1407 2450 1464 ad
2475 1409 2654 1479 ipsum
2676 1419 2999 1464 mmrentem
3023 1411 3297 1480 applicato
3318 1411 3630 1484 syllogismo

2054 1503 2238 1572 inepte
2276 1516 2400 1556 eum
2444 1515 2682 1555 mmrere
2722 1499 2959 1571 probare
3001 1511 3233 1557 conatus
3271 1500 3436 1557 fuerit
3486 1521 3499 1556 :
3545 1504 3628 1557 vel

2054 1593 2284 1648 fortasse
2325 1592 2490 1647 etiam
2538 1591 2606 1646 ab
2658 1591 2777 1662 ipso
2820 1608 3090 1658 maerore,
3124 1593 3175 1647 id
3223 1602 3307 1649 est
3354 1611 3384 1648 a
3433 1604 3630 1650 natura

2054 1686 2205 1757 ejus,
2235 1683 2536 1741 abhorrere
2581 1685 2779 1753 aliquis
2821 1684 3054 1750 dixerit,
3086 1700 3191 1740 nec
3228 1685 3523 1740 convenire
3572 1695 3633 1739 ut
3716 1756 3723 1762 _

2055 1775 2148 1845 qui
2204 1782 2403 1829 mearet
2456 1774 2798 1862 syllogismos
2855 1775 3076 1847 colligat
3134 1791 3199 1830 ac
3255 1775 3633 1846 probabilibus

2032 1865 2363 1922 rationibus
2395 1864 2500 1921 sibi
2536 1866 2867 1936 persuadere
2897 1873 3072 1920 tentet
3099 1882 3289 1921 casum
3316 1867 3409 1937 qui
3442 1881 3631 1922 revera

2055 1957 2319 2014 acciderit
2345 1954 2450 2013 sibi
2481 1973 2592 2012 non
2621 1957 2907 2013 accidisse.
2931 1955 3222 2025 Quomodo
3249 1959 3398 2013 enim
3428 1974 3635 2014 mceror

2055 2066 2122 2125 ex
2136 2068 2201 2108 eo
2225 2049 2645 2122 expelliturqui,
2669 2050 2799 2105 dum
2818 2058 3036 2113 moeret,
3064 2050 3423 2107 ratiocinatur
3449 2063 3505 2108 et
3528 2054 3634 2124 syl-

2056 2143 2304 2214 10gismis
2331 2158 2553 2213 operam
2583 2142 2698 2207 dat,
2724 2142 2801 2216 ita
2834 2143 3000 2198 etiam
3038 2157 3242 2198 maeror
3279 2159 3484 2199 mceror
3514 2160 3634 2199 esse

2058 2234 2289 2299 desinit,
2316 2249 2442 2290 cum
2486 2234 2555 2289 ad
2598 2233 2972 2305 syllogismum
3007 2224 3067 2288 se
3108 2233 3385 2288 transfert.
3419 2234 3553 2288 Nam
3590 2237 3635 2289 si

2058 2326 2185 2397 quis
2211 2341 2341 2381 eum
2370 2324 2553 2380 amisit
2584 2324 2645 2380 in
2678 2339 2789 2395 quo
2820 2340 2974 2395 spem
3009 2323 3376 2380 successionis
3404 2324 3633 2379 collocas

2052 2428 2242 2484 verat,
2285 2417 2561 2488 superflua
2603 2418 2707 2473 sibi
2752 2426 2809 2473 et
2843 2433 2982 2472 vana
3022 2417 3141 2473 haec
3186 2423 3407 2472 terrena
3453 2416 3635 2471 omnia

2061 2510 2309 2569 habebit.
2341 2511 2409 2565 Et
2446 2511 2554 2565 hoc
2591 2509 2826 2565 fortasse
2863 2509 3028 2565 modo
3072 2510 3221 2565 haud
3265 2509 3563 2563 abhorrere
3606 2524 3634 2561 a

2062 2604 2276 2658 ratione
2312 2603 2512 2677 aliquis
2548 2601 2750 2657 dixerit
2782 2617 2848 2656 ea
2882 2616 3004 2671 quae
3037 2600 3389 2670 contemplati
3424 2614 3634 2662 sumus,

2063 2695 2110 2751 si
2143 2693 2459 2750 meminerit
2483 2709 2595 2748 non
2623 2708 2783 2763 posse
2810 2708 2920 2747 una
2949 2692 3270 2764 contingere
3295 2690 3553 2762 gaudium
3583 2698 3639 2743 et

2063 2776 2390 2850 mmrorem,
2423 2800 2547 2840 cum
2593 2784 2882 2853 utriusque
2927 2780 3170 2837 eﬂiciens
3207 2797 3372 2838 causa
3414 2797 3526 2835 non
3572 2796 3637 2834 ex
3721 2809 3732 2824 -

2029 2913 2033 2921 -
2065 2879 2271 2935 eisdem
2294 2877 2584 2947 principiis
2614 2876 2864 2946 profecta,
2893 2874 2983 2929 sit.
3008 2872 3179 2944 Cujus
3213 2873 3294 2928 rei
3327 2887 3557 2943 sponsor
3582 2880 3639 2927 et.

2074 2970 2232 3026 testis
2259 2969 2423 3024 nobis
2450 2975 2535 3023 est
2559 2974 2782 3022 sanctus
2807 2974 2864 3020 et
2888 2953 3074 3019 divina
3105 2964 3322 3034 sapiens
3350 2962 3643 3034 Dionysius

378 3053 474 3120 καὶ
503 3052 747 3124 θεόφρων
785 3054 1059 3127 Διονύσιος
1085 3056 1115 3110 ὁ
1165 3053 1582 3125 ’Δρεοπαγίτης,
1646 3053 1844 3108 οὑτωσὶ
1884 3054 1961 3108 δι-

2067 3061 2420 3134 Areopagita,
2445 3060 2541 3131 qui
2566 3056 2634 3115 de
2662 3054 2910 3130 angelica
2940 3056 3314 3127 descriptione
3340 3056 3415 3111 ita
3438 3055 3643 3111 edisse-

379 3143 538 3209 εξιὼν
557 3147 689 3217 περὶ
704 3146 802 3217 τῆς
821 3146 1119 3217 ἀγγελικῆς
1140 3145 1555 3218 είκονογραφίας
1576 3161 1620 3197 οι
1649 3145 1731 3199 Τὰ
1760 3144 1817 3200 δὲ
1834 3162 1972 3215 γεω-

386 3236 622 3309 μετρικὰ
671 3236 766 3290 καὶ
812 3237 1102 3292 τεκτονικὰ
1143 3237 1336 3308 σκεύη,
1365 3236 1428 3290 τὸ
1455 3235 1843 3307 θεμελιωτικὸν
1874 3249 1971 3305 καὶ

379 3328 718 3399 οἰκοδομικὸν
739 3328 834 3383 καὶ
855 3329 973 3385 τελε
982 3329 1219 3399 ιωτικδν,
1237 3328 1332 3383 καὶ
1349 3328 1448 3381 ὅσα
1472 3327 1608 3382 ἄλλα
1633 3328 1735 3398 τῆς
1749 3328 1968 3395 ἀναγω-

381 3418 480 3491 γοῦ
512 3397 606 3476 καὶ
628 3397 1057 3492 ὁπιστρεπτικῖῖς
1107 3423 1225 3474 ἐστι
1266 3416 1376 3473 τῶν
1394 3397 1699 3491 δευτέρων(
1720 3418 1881 3490 184
1901 3418 1965 3489 a)

388 3512 644 3588 προνοίας
670 3511 804 3584 (ιο).
828 3531 849 3565 ι
877 3511 1067 3567 Ταῦτα
1105 3511 1164 3566 δὲ
1194 3512 1383 3567 πάντα
1414 3511 1648 3583 φαιδρὰν
1697 3512 1968 3567 ἐνδείκνυ-

382 3621 475 3658 ται
509 3603 810 3675 διαγωγὴν,
852 3597 996 3677 ᾗτινι
1028 3602 1248 3667 πάντως
1271 3602 1334 3656 τὸ
1359 3601 1556 3667 πένθος
1578 3604 1841 3668 ἐναντίον,
1869 3603 1965 3656 καὶ

382 3692 474 3747 διὰ
509 3693 673 3747 τοῦτο
707 3692 1074 3763 ἀνάρμοστον.
1105 3688 1169 3746 El
1200 3688 1261 3745 δὲ
1293 3691 1392 3747 καὶ
1419 3689 1775 3757 ἄλλως¹ἐστιν
1804 3691 1965 3746 ἐκλαο

386 3784 501 3843 σεῖν
538 3786 632 3839 τὸν
682 3785 865 3850 τόπον,
917 3785 1020 3838 οὐκ
1070 3785 1301 3855 ἄκαιρον
1344 3779 1492 3839 εἶναι
1512 3785 1742 3857 νομίζω,
1776 3783 1965 3839 καὶτὸ

383 3876 479 3930 τοῦ
514 3875 686 3949 Σιρὰχ
727 3863 905 3946 ’Ἰησοῦ
949 3873 1270 3947 προσθεῖναι
1299 3870 1417 3939 τοῖς
1445 3875 1775 3947 εἰρημένοις.
1807 3876 1963 3929 Ἔστι

384 3966 442 4019 δὲ
476 3967 634 4020 τοῦτο
653 3967 977 4033 ’,Μουσικὰ
1006 3966 1077 4021 ὲν
1107 3964 1310 4023 πένθει
1329 4006 1346 4032 ,
1376 3965 1621 4037 ἄκαιρος
1661 3964 1960 4038 διήγησις.

396 4058 484 4121 Ὠς
515 4053 609 4111 οὖν
641 4058 740 4130 τῆς
787 4058 1055 4131 μουσικῆς
1101 4058 1283 4124 πάσας
1315 4058 1677 4131 περιεχούσης
1704 4058 1803 4122 τὰς
1830 4075 1962 4113 παι-

384 4149 616 4215 δεύσεις,
640 4144 717 4204 ὧν
742 4138 872 4220 μίαν
906 4151 1043 4218 φασὶ
1079 4150 1178 4222 τὴν
1211 4152 1556 4224 γεωμετρίαν
1589 4148 1638 4205 οε
1668 4151 1798 4222 περὶ
1823 4150 1958 4204 ταῦ-

265 4236 269 4239 λ
385 4258 456 4295 τα
492 4241 590 4312 τὴν
624 4241 865 4313 σπουδὴν
888 4242 1207 4314 ἐσχηκότες,
1231 4243 1426 4297 τούτου
1450 4245 1634 4315 χάριν,
1672 4243 1748 4306 ὡς
1779 4238 1957 4313 οἶμαι,

2070 3154 2145 3210 rit
2173 3170 2186 3207 :
2223 3172 2241 3204 ι
2272 3151 2616 3209 Geometrica
2642 3156 3015 3219 autematque
3038 3144 3252 3204 fabrilia
3279 3147 3643 3205 instrumenta

2069 3244 2339 3301 fundandi
2361 3252 2419 3300 et
2438 3241 2745 3300 aedificandi
2771 3239 3202 3317 absolvendique
3228 3239 3564 3303 facultatem,
3587 3248 3645 3292 et

2068 3349 2413 3405 quascunque
2461 3333 2567 3388 alia
2612 3329 2983 3386 subductricis
3029 3337 3087 3384 et
3130 3326 3470 3383 deduetrieis
3514 3336 3645 3383 sunt

2069 3427 2393 3501 inferiorum
2424 3422 2806 3496 providentiae.
2839 3440 2856 3472 ι
2898 3419 3028 3488 Quae
3063 3417 3248 3474 omnia
3281 3417 3455 3473 hilare
3489 3434 3646 3476 mon-
3722 3484 3737 3497 π

2068 3527 2248 3578 strant
2284 3518 2620 3582 institutum,
2647 3515 2735 3570 cui
2772 3514 2933 3585 plane
2974 3511 3304 3567 adversatur
3339 3525 3566 3575 mceror,
3589 3520 3648 3566 et

2066 3612 2319 3669 dissidet.
2348 3609 2459 3665 Sed
2494 3608 2661 3663 etiam
2695 3606 2743 3661 si
2777 3591 2940 3659 aliter
2973 3602 3156 3657 locum
3188 3598 3436 3671 accipere
3464 3607 3646 3670 potes,

2065 3703 2213 3760 haud
2251 3710 2436 3759 tamen
2474 3699 2911 3768 inOpportunum
2939 3709 3064 3750 esse
3094 3708 3220 3757 reor
3247 3692 3413 3748 etiam
3452 3689 3649 3753 Sirach

2062 3796 2194 3853 Iesu
2238 3788 2320 3850 eis
2360 3808 2484 3863 qua:
2529 3788 2892 3846 disseruimus
2937 3801 3217 3858 apponere
3266 3785 3497 3840 dictum.
3545 3783 3647 3839 Est

2063 3894 2246 3943 autem
2305 3882 2411 3939 hoc
2540 3882 2742 3938 Marica
2798 3881 2855 3934 in
2915 3877 3057 3934 luctu
3111 3886 3188 3933 est
3246 3877 3652 3948 intempestivus.

2062 3977 2303 4047 sermo“.
2331 3976 2470 4034 Cum
2508 3975 2674 4046 igitur
2709 3971 2919 4028 musica
2952 3986 3145 4026 omnes
3179 3970 3501 4040 disciplinas
3532 3969 3657 4026 cir-.

2062 4069 2484 4140 eumplectatur,
2514 4080 2747 4137 quarum
2789 4078 2956 4120 unam
2993 4079 3114 4119 esse
3155 4061 3513 4134 geometriam
3554 4061 3651 4117 di-.

2063 4171 2199 4218 cunt
2227 4161 2323 4232 qui
2343 4160 2401 4214 in
2421 4158 2668 4214 iisrebus
2697 4155 2941 4211 studium
2959 4162 3289 4224 posuerunt,
3321 4160 3647 4223 pmpterea,

2063 4263 2127 4313 ut
2162 4264 2319 4327 puto,
2349 4252 2611 4324 magister
2645 4248 2975 4320 supradictae
3008 4247 3160 4302 vocis
3202 4244 3649 4317 interpretationi

389 4328 802 4404 συμφερόμενος
830 4333 908 4404 τῷ
934 4332 1034 4405 τὴν
1056 4334 1467 4406 προρρηθεῖσαν
1494 4334 1775 4406 ἐκθεμένῳ
1798 4334 1960 4405 ῥῆσιν

2064 4347 2370 4405 assentiens
2406 4336 2765 4416 geometriam
2809 4356 2840 4396 a
2881 4354 3122 4395 maerore
3167 4337 3437 4393 dissidere
3484 4337 3644 4392 dixit.

387 4425 419 4477 ὁ
444 4423 763 4489 διδάσκαλος
810 4424 1153 4509 ἀνάρμοστον
1204 4427 1310 4496 ἐφη
1344 4426 1423 4498 τῷ
1465 4425 1654 4481 πένθει
1690 4426 1788 4497 τὴν
1824 4442 1964 4495 γεω-

392 4515 638 4587 μετρίαν.
691 4517 752 4570 Εἰ
785 4517 864 4571 ,δέ
905 4533 990 4581 τις
1053 4517 1224 4587 φαίη,
1271 4517 1336 4571 Τί
1374 4517 1577 4589 δήποτε
1622 4516 1722 4581 τὰς
1772 4516 1963 4587 λοιπὰς
2034 4514 2037 4515 ⁷

389 4608 585 4680 παρεὶς
613 4609 923 4675 παιδεύσεις
952 4608 1157 4680 ταύτην
1205 4609 1377 4682 μόνην
1401 4610 1475 4674 ὡς
1522 4609 1861 4681 ἀνάρμοστον
1890 4607 1967 4678 τῷ

388 4700 574 4756 πένθει
610 4703 946 4775 παρείληφες
979 4702 1159 4773 φαμὲν
1181 4704 1264 4756 ὅτι
1296 4702 1500 4772 ταύτην
1529 4701 1802 4771 ἐσκόπησε
1838 4716 1970 4753 κατ-

392 4791 617 4863 άλληλον
651 4790 790 4849 εἶναι
828 4795 1045 4869 πάσαις
1085 4796 1208 4858 ταῖς
1232 4792 1644 4866 προλεχθείσαις
1672 4792 1967 4854 ἐπιϐολαῖς.

397 4884 626 4937 Ἔπειτα
666 4884 724 4938 δέ
775 4887 869 4938 καὶ
904 4884 994 4939 διὰ
1035 4884 1240 4956 ταύτης
1271 4886 1371 4955 τῆς
1406 4886 1538 4956 μιᾶς
1579 4884 1674 4938 καὶ
1706 4884 1763 4938 αἱ
1791 4884 1973 4937 λοιπαὶ

396 4972 787 5043 συνεκδοχικῶς
834 4975 1394 5046 συμπαρελήφθησαν.
1437 4975 1622 5049 Ταύτα
1679 4975 1799 5046 μὲν,
1846 4974 1968 5027 κατ’

397 5064 496 5135 ἐμὲ
526 5066 714 5136 φάναι,
750 5066 1008 5138 λελέχθω.
1054 5069 1118 5121 Εἰ
1153 5067 1211 5121 δέ
1238 5084 1323 5130 τις
1353 5068 1411 5121 τὸ
1451 5069 1700 5140 κρεῖττον
1729 5067 1965 5139 ἐξεύροι,

399 5156 716 5226 ὁμολογήσω
762 5158 922 5229 χάριν
956 5158 1065 5212 τῶν
1099 5157 1455 5229 ἠγνοημένων
1497 5158 1629 5231 παρ’
1658 5158 1825 5213 αὐτοῦ
1867 5158 1967 5230 τὴν

364 5236 369 5239 ἠ
399 5248 599 5318 γνῶσιν
631 5249 829 5304 λαϐὼν.

481 5525 506 5565 ἀ
546 5525 715 5581 Eccli;
743 5543 871 5593 ml,
902 5529 953 5584 6.

2070 4437 2178 4494 Sed
2206 4436 2253 4493 si
2278 4436 2405 4507 quis
2435 4435 2582 4489 dicat
2613 4451 2626 4487 :
2659 4430 2802 4500 Quid
2838 4429 3059 4499 tandem
3095 4429 3310 4484 cazteris
3343 4426 3652 4498 disciplinis

2071 4527 2292 4585 omissis
2329 4527 2472 4581 hanc
2510 4525 2683 4582 solam
2720 4532 2979 4593 tanquam
3021 4522 3477 4594 incongruentem
3523 4536 3655 4576 cum

2072 4637 2311 4678 maerore
2359 4618 2696 4689 composuit,
2732 4615 3132 4687 respondemus
3173 4615 3317 4668 hanc
3356 4629 3483 4669 eum
3527 4621 3650 4684 apte

2076 4714 2299 4771 vidisse,
2325 4727 2488 4783 posse
2522 4710 2678 4782 jungi
2718 4724 2844 4765 cum
2888 4724 3053 4778 supra
3098 4707 3412 4778 propositis.
3445 4706 3651 4761 Deinde

2028 4862 2033 4867 ,
2075 4820 2208 4860 vero
2253 4804 2421 4859 etiam
2460 4803 2565 4858 hac
2607 4816 2717 4857 una
2758 4801 2985 4871 reliqua:
3025 4815 3243 4870 quoque
3287 4799 3478 4857 eadem
3524 4806 3654 4855 sunt

2077 4897 2691 4971 comprehensa‘stque
2723 4895 3048 4966 conjunctae.
3073 4895 3252 4963 Atque
3285 4892 3401 4947 haec
3436 4907 3523 4946 me
3558 4907 3651 4945 ex-

2071 4989 2324 5061 posuisse
2357 4985 2612 5042 sufﬁciat.
2640 4986 2841 5042 Verum
2877 4986 2923 5040 si
2958 4984 3084 5055 quis
3122 4983 3321 5038 melius
3356 4983 3651 5051 investiga-

2072 5080 2236 5146 verit,
2264 5078 2310 5134 si
2337 5093 2533 5134 eorum
2564 5092 2688 5147 qua;
2717 5074 3033 5148 ignorabam
3059 5075 3128 5130 ab
3151 5090 3218 5130 eo
3243 5071 3654 5144 interpretatio-

2072 5188 2201 5230 nem
2231 5185 2498 5242 accepero
2512 5209 2527 5237 ,
2551 5169 2757 5241 gratias
2779 5167 3014 5224 habebo.

483 5683 594 5751 (l0)
632 5681 850 5754 Dionys.
885 5682 1146 5759 Arenpag.
1183 5679 1257 5734 Dc
1294 5679 1483 5737 caelesti
1515 5683 1808 5737 hicrarchia
1852 5698 1971 5753 cap.
2021 5685 2102 5753 l5,
2135 5701 2191 5756 p.
2218 5685 2337 5753 151,
2371 5695 2501 5741 tom.
2532 5686 2583 5752 l,
2607 5687 2743 5759 Opp.
2786 5689 2874 5744 ed.
2901 5688 3092 5742 Venet.
