4038 6146
482 259 618 326 1215

1623 267 1682 327 S.
1727 265 2013 325 MAXIMI
2056 264 2566 325 CONFESSORIS

3610 260 3767 325 1216

480 368 736 439 Ejusdem
776 388 841 426 ea:
879 389 1071 441 magno
1103 370 1435 441 Theologico,
1462 374 1513 425 in
1560 373 1693 424 illud
1732 389 1749 426 :
1795 392 1814 423 ι
1859 372 2058 427 Etenim

2180 372 2288 427 Τοῦ
2320 370 2530 436 αὐτοῦ,
2568 371 2635 424 ἐκ
2671 371 2779 424 τοῦ
2819 370 3089 439 μεγάλου
3126 370 3509 440 θεο.ιογικοῦ,
3538 372 3633 435 εις
3670 373 3766 433 τὸ,

549 458 691 526 quod
734 458 873 513 Deus
914 461 1009 522 sit,
1045 476 1109 512 ac
1153 460 1392 528 princeps
1437 461 1679 530 quwdam
1719 478 1913 525 causa,
1945 477 2061 531 qua:

552 564 636 600 res
681 564 860 602 omnes
906 532 1196 619 procrearit
1240 560 1400 620 atque
1443 561 1740 613 conservet,
1774 560 1885 605 tum
1924 552 2062 607 oculi

550 639 669 710 ipsi,
706 649 820 692 tum
858 639 941 693 lex
981 641 1246 695 naturalis
1282 644 1488 707 docent,
1518 642 1618 703 illi.
1652 643 1777 697 dum
1812 644 1964 698 rebus
2005 646 2061 698 in

551 732 1132 800 nspectumeadentibus
1152 735 1315 787 aciem
1330 733 1766 805 alﬁgunt,easque
1787 745 1835 789 et
1848 736 2061 808 pulchre

548 822 688 889 lixas
721 834 768 876 et
800 823 1016 877 stabiles
1046 839 1156 878 esse
1191 834 1239 876 et
1270 826 1535 895 progredi,
1562 835 1720 897 atque
1748 830 1983 891 immote,
2004 837 2063 882 ut

550 906 625 969 ita
653 916 848 979 dicam,
877 919 1070 971 moueri
1104 917 1343 987 volvique
1375 920 1714 990 perspiciunt,
1746 923 1856 977 hare
1885 931 2063 979 autem

548 1008 675 1061 dum
706 1023 800 1077 per
826 1024 905 1061 res
936 1008 1102 1062 oculis
1131 1009 1393 1079 subjectus
1427 1028 1489 1064 ac
1519 1019 1659 1066 recto
1685 1015 1869 1069 ordine
1895 1014 2057 1069 collo-

549 1105 697 1152 catas
736 1107 1007 1153 auctorem
1044 1116 1231 1154 earum
1266 1109 1408 1155 certo
1446 1103 1657 1172 quidem
1694 1107 2062 1162 rati'ocinnndo

549 1190 865 1256 assequitur.
898 1209 918 1242 ι

549 1303 653 1370 Qui
708 1320 903 1360 eorum
960 1323 1084 1376 quae
1126 1307 1385 1364 videntur
1431 1309 1897 1379 pulchritudinis,
1941 1328 2064 1384 quae

482 1405 673 1451 ornata
708 1410 868 1464 sunt,
895 1408 953 1455 et
986 1410 1194 1456 naturae
1227 1403 1646 1472 amplitudinem
1681 1420 1808 1460 cum
1845 1408 2063 1463 ratione

484 1487 815 1542 sensualiter
854 1490 1191 1559 aggreditur,
1224 1491 1375 1546 haud
1414 1508 1535 1548 eam
1577 1509 1676 1565 per
1713 1511 1773 1551 se
1819 1508 2063 1555 creatam

485 1576 702 1632 eﬂiccre
723 1579 1025 1649 quidquam
1081 1583 1349 1638 concedet
1390 1592 1446 1639 et
1485 1600 1516 1639 a
1561 1585 1926 1643 moderatrice
1976 1590 2063 1644 sui

489 1666 699 1721 ratione
732 1668 1082 1739 disjunctam,
1106 1687 1210 1726 nec
1243 1671 1415 1741 ipsam
1451 1673 1718 1730 rationem
1752 1675 2065 1733 intellectus

486 1757 839 1828 simplicitate
871 1761 1136 1829 liberam,
1166 1779 1275 1833 qua
1312 1765 1524 1820 ratione
1561 1774 1671 1821 tam
1708 1783 1906 1824 sensus
1941 1785 2065 1841 spe-

484 1845 598 1901 cies
635 1858 692 1902 et
726 1848 914 1906 forma:
957 1866 1058 1922 per
1093 1853 1329 1908 mediam
1373 1864 1699 1925 potestatem
1740 1859 2063 1915 rationalem

482 1937 537 1990 in
572 1939 891 1996 omnifarias
926 1943 1171 1999 rationes
1203 1945 1537 2017 diriguntur,
1573 1963 1740 2018 quam
1778 1950 2064 2006 rationalis

477 2030 769 2098 potestatis
798 2033 1118 2091 diversitate
1148 2038 1391 2094 varietas
1420 2040 1839 2096 omnifariarum
1867 2058 2063 2099 eorum

478 2136 601 2190 qua:
633 2134 765 2181 sunt
798 2127 1077 2183 rationum
1112 2128 1168 2183 in
1205 2130 1540 2186 uniformem
1572 2139 1631 2188 et
1662 2131 1973 2204 simplicem
2008 2146 2065 2191 et

480 2212 890 2272 indill‘erentem
938 2219 1378 2277 intellectionem
1424 2223 1664 2293 cogitur,
1699 2240 1810 2294 qua
1855 2226 2065 2281 indivi~

478 2301 617 2366 dua,
660 2314 719 2359 ut
761 2306 992 2374 dicitur,
1029 2319 1086 2365 et
1122 2312 1450 2379 quantitatis
1490 2327 1688 2382 expers
1732 2322 1791 2369 et
1831 2316 2065 2386 simplex

477 2395 721 2463 cognitio
746 2407 984 2465 constat,
1007 2401 1054 2455 is
1079 2418 1272 2458 revera
1294 2413 1564 2473 quantum
1590 2405 1645 2459 id
1672 2406 1885 2461 homini
1911 2408 2061 2473 licet,

478 2501 579 2554 per
607 2488 854 2545 visibilia
886 2508 1193 2564 eorumque
1224 2495 1479 2551 ordinem
1512 2496 1778 2553 factorem
1815 2499 2064 2568 ipsorum

474 2587 531 2632 et
558 2591 1006 2639 conservatorem
1034 2595 1093 2640 et
1116 2586 1426 2657 principem
1452 2590 1639 2645 animo
1665 2591 1770 2645 sibi
1802 2590 2066 2651 informa-

476 2670 581 2735 vit,
609 2682 775 2743 atque
805 2675 978 2730 Deum
1010 2682 1253 2749 agnovit,
1285 2696 1396 2735 non
1429 2698 1541 2753 quo
1572 2683 1703 2753 quid
1735 2684 1978 2740 essentia
2007 2691 2065 2739 et

476 2766 787 2822 substantia
831 2769 944 2824 sint
981 2771 1131 2839 (nam
1172 2772 1280 2827 hoc
1317 2773 1436 2828 ﬁeri
1480 2789 1592 2829 non
1632 2777 1869 2846 potest),
1901 2785 1957 2831 at
1994 2777 2064 2833 de

476 2858 862 2927 singularitate
907 2863 1249 2933 exsistentite
1292 2864 1415 2934 ejus
1458 2864 1674 2920 doctus.
1721 2866 1901 2937 Atque
1946 2868 2065 2923 haec

475 2958 601 3017 post
627 2965 846 3005 omnem
878 2954 1153 3009 sensualis
1181 2950 1233 3009 in
1265 2959 1451 3027 specie
1482 2959 1773 3028 positionis
1798 2967 1855 3013 et
1878 2960 2064 3031 ﬁgura:

2241 482 2259 513 ι
2290 462 2399 516 Τοῦ
2439 462 2558 531 μὲν
2592 462 2704 530 γὰρ
2763 457 2917 514 εἶναι
2978 461 3124 515 Θεὸν
3182 464 3281 517 καὶ
3332 460 3461 515 τῶν
3513 460 3774 519 πάντων

2233 552 2555 619 ποιητικήν
2574 569 2636 605 τε
2674 553 2770 606 καί
2805 552 3173 620 συνεκτικὴν
3200 555 3425 619 αιτίαν,
3466 554 3568 607 καί
3617 554 3773 622 ὄψις

2231 642 2604 708 διδάσκαλος
2647 642 2745 696 καὶ
2789 646 2823 697 ὁ
2861 644 3120 713 φυσικὸς
3156 645 3360 713 νόμος,
3398 646 3439 711 ἡ
3476 645 3601 714 μὲν
3637 646 3774 710 τοῖς

2234 734 2556 805 ὁρωμένοις
2584 735 3063 804 προσϐάλλουσα
3082 736 3179 790 καὶ
3207 739 3519 805 πεπηγόσι
3551 735 3772 805 καλῶς

2233 827 2333 881 καὶ
2378 826 2686 892 ὁδεύουσι,
2729 829 2826 883 καί
2877 829 3193 897 ἀκινήτως,
3229 831 3307 884 ἶν’
3342 830 3538 896 οὕτως
3577 830 3764 890 εἴπω,

2236 919 2616 990 κινουμένοις
2655 938 2721 976 τε
2748 922 2855 975 καὶ
2877 922 3248 991 φερομένοις,
3293 925 3328 976 ό
3379 922 3451 975 δὲ
3488 923 3593 977 διὰ
3641 922 3771 974 τῶν

2237 1012 2553 1081 ὁρωμένων
2602 1014 2699 1067 καί
2759 1014 3132 1083 τεταγμένων
3172 1015 3285 1068 τὸν
3306 1016 3588 1084 ἀρχηγὸν
3620 1018 3769 1068 τού-

2235 1120 2354 1159 των
2377 1102 2888 1175 συλλογιζᾏμενος
2908 1106 2955 1176 (l
2971 1106 3044 1176 t).
3080 1125 3100 1158 ι

2247 1298 2307 1353 '0
2333 1299 2394 1353 τὸ
2428 1299 2654 1371 μέγεθος
2681 1300 2790 1356 τῶν
2818 1302 3114 1371 ὁρωμένων
3138 1303 3214 1365 ὡς
3244 1304 3357 1373 ἔχει
3384 1303 3628 1366 κάλλους
3662 1306 3764 1356 καὶ

2163 1389 2403 1458 φύσεως,
2457 1392 2556 1444 σὺν
2599 1392 2745 1463 λόγῳ
2782 1393 2925 1445 κατὰ
2952 1395 3052 1460 τὴν
3081 1394 3337 1467 αἴσθησιν
3365 1394 3639 1458 ἐπελθὼν,
3685 1395 3763 1465 μὴ

2167 1483 2471 1553 συγχωρῶν
2510 1482 2650 1553 αὑτῇ
2693 1483 2975 1547 παντελῶς
3015 1484 3136 1536 καθ’
3186 1485 3392 1554 ἑαυτὴν
3440 1486 3765 1555 γενομένην

2164 1575 2414 1644 ἐνεργεῖν
2443 1573 2539 1628 τοῦ
2573 1575 2919 1645 ἡνιοχοῦντος
2950 1575 3121 1646 αὐτὴν
3158 1575 3762 1647 λόγουκεχωρισμένην

2163 1668 2336 1733 οὐδὲν,
2351 1667 2538 1740 (184
2553 1669 2606 1732 b)
2626 1667 2763 1739 μηδὲ
2777 1668 2870 1721 τὸν
2884 1667 3043 1736 λόγον
3059 1669 3222 1735 αὒτδν
3242 1668 3343 1738 τῆς
3353 1668 3447 1722 τοῦ
3463 1670 3558 1723 νοῦ
3578 1671 3762 1729 ἁπλό-

2163 1777 2327 1829 τητος
2356 1742 2577 1828 ἄφετον,
2614 1760 2737 1814 καθ’
2760 1760 2819 1815 δν
2844 1760 2948 1829 τῆς
2980 1761 3078 1830 μὲν
3103 1761 3409 1831 αίσθήσεως
3434 1762 3505 1815 τά
3536 1779 3599 1814 τε
3630 1764 3761 1831 εἴδη

2164 1850 2261 1904 καὶ
2288 1851 2356 1905 τὰ
2391 1853 2647 1923 σχήματα
2686 1852 2776 1907 διὰ
2812 1853 2986 1922 μέσης
3020 1853 3121 1923 τῆς
3150 1853 3291 1907 κατὰ
3330 1853 3421 1906 τὸν
3453 1854 3618 1922 λόγον
3658 1856 3761 1908 δυ-

2164 1944 2385 2014 νάμεως
2427 1945 2509 2006 είς
2545 1944 2739 2014 λόγους
2794 1945 3172 2010 παντοδαποὺς
3217 1946 3446 2015 ἄγεσθαι
3502 1947 3758 2015 πέφυκε.

2163 2035 2262 2105 τῆς
2313 2033 2370 2087 δὲ
2427 2034 2523 2088 τοῦ
2576 2035 2738 2105 λόγου
2777 2035 3061 2108 δυνάμεως
3102 2038 3135 2109 ή
3166 2039 3310 2091 κατὰ
3341 2037 3441 2109 τὴν
3472 2038 3760 2109 διαφοράν

2165 2124 2411 2179 ποικιλία
2460 2124 2568 2178 τῶν
2614 2128 2673 2179 ιν
2710 2128 2824 2189 τοῖς
2874 2122 2992 2180 οὖσι
3042 2125 3401 2181 παντοδαπῶν
3448 2125 3628 2193 λόγων
3670 2131 3761 2185 εἰς

2164 2215 2370 2285 ὲνοειδῆ
2419 2218 2515 2270 καὶ
2546 2217 2727 2289 ἁπλῆν
2779 2219 2873 2271 καὶ
2918 2219 3213 2288 ἀδιάφορον
3257 2217 3594 2286 συνάγεσθαι
3622 2219 3762 2287 νόη-

2166 2324 2272 2370 σιν,
2305 2307 2430 2361 καθ’
2461 2308 2528 2380 ἢν
2576 2309 2611 2379 ἡ
2665 2309 2880 2380 ἀμερὴς
2930 2309 3201 2380 λεγομένη
3259 2310 3356 2363 καὶ
3388 2309 3599 2372 ἇποσος
3654 2312 3759 2363 καὶ

2164 2398 2340 2454 ένιαία
2389 2400 2595 2469 γνῶσις
2645 2402 2998 2472 συνέστηκεν,
3054 2396 3210 2466 οὗτος
3260 2401 3478 2473 ἀληθῶς
3520 2404 3613 2457 διὰ
3637 2405 3759 2457 τῶν

2162 2494 2460 2565 ὁρωμένων
2489 2494 2584 2547 καὶ
2611 2494 2710 2565 τῆς
2761 2496 2822 2547 ὲν
2855 2495 3042 2565 αὑτοῖς
3096 2494 3356 2559 εὐταξίας
3385 2495 3482 2548 τὸν
3510 2496 3759 2566 ποιητὴν

2162 2585 2372 2639 τούτων
2407 2586 2504 2640 καὶ
2528 2588 2762 2657 συνοχέα
2783 2587 2880 2641 καὶ
2893 2585 3159 2658 ἀρχηγὸν,
3197 2587 3273 2650 ὡς
3299 2586 3576 2658 ἀνθρώπῳ
3595 2587 3760 2641 δυνα-

2162 2677 2277 2740 τὸν,
2306 2677 2711 2741 ἀνετυπὼσατο,
2734 2678 2831 2731 καὶ
2854 2677 2995 2749 έγνω
3023 2677 3177 2742 Θεὸν,
3198 2679 3261 2731 οὑ
3284 2679 3429 2732 κατὰ
3451 2679 3512 2732 τὸ
3531 2676 3587 2731 τί
3616 2696 3757 2733 ποτε

2163 2770 2262 2842 τὴν
2291 2770 2478 2825 οὐσίαν
2508 2765 2647 2824 εἶναι
2673 2772 2768 2823 καὶ
2800 2770 2899 2841 τὴν
2936 2771 3239 2824 ὑπόστασιν
3258 2772 3439 2838 (τοῦτο
3467 2772 3578 2843 γὰρ
3605 2774 3753 2843 ἀμήο

2162 2880 2326 2933 χανον
2357 2863 2454 2917 καὶ
2502 2862 2964 2936 ἀνεπιχείρητον),
3000 2863 3139 2917 ἀλλά
3177 2863 3300 2917 κατ’
3330 2863 3466 2917 αὑτὸ
3490 2865 3552 2916 τὸ
3584 2865 3756 2933 μόνον

2164 2950 2304 3009 εἶναι
2364 2954 2574 3026 μαθών.
2637 2954 2746 3008 Καὶ
2819 2955 2991 3008 ταῦτα
3042 2955 3181 3026 μετὰ
3230 2956 3414 3009 πᾶσαν
3470 2956 3571 3027 τὴν
3625 2958 3755 3009 κατ’

475 3046 534 3091 et
562 3037 915 3096 lormationis
945 3052 1003 3095 et
1029 3041 1283 3114 imaginis
1317 3046 1630 3113 transitum,
1662 3056 1738 3112 et,
1766 3047 1811 3102 si
1838 3048 1927 3103 cui
1953 3065 2058 3104 non

2168 3046 2418 3117 αἴσθησιν
2447 3050 2505 3101 ὲν
2531 3041 2771 3119 σχῆματι
2801 3047 3003 3112 θέσεως
3031 3066 3090 3102 τε
3128 3049 3225 3103 καὶ
3290 3050 3511 3121 μορφῆς
3537 3052 3635 3103 καὶ
3662 3067 3757 3104 τυ-

478 3127 685 3184 nimius
732 3146 856 3187 esse
899 3132 1165 3199 videbor,
1207 3145 1361 3191 extra
1408 3137 1581 3208 ipsam
1631 3153 1852 3209 quoque
1894 3140 2056 3211 plane

477 3233 663 3273 rerum
691 3235 814 3290 quae
837 3232 967 3277 sunt
990 3223 1271 3279 rationum
1301 3225 1671 3283 diﬁ‘erentiam
1700 3230 2053 3298 constitutus,
2091 3224 2097 3230 ’
2123 3226 2131 3237 ’

473 3319 532 3364 et
556 3312 711 3380 quasi
740 3316 1152 3370 conterminum
1182 3333 1305 3373 sese
1333 3319 1690 3393 interponens
1714 3322 1861 3377 inter
1882 3323 2055 3379 Deum

472 3411 529 3457 et
563 3402 948 3488 universorum
981 3423 1104 3478 quae
1128 3420 1252 3479 post
1278 3411 1448 3466 Deum
1478 3422 1629 3480 sunt,
1651 3431 1887 3485 quorum
1918 3418 2059 3473 alter

472 3497 852 3563 supereminet
874 3506 932 3555 et
957 3501 1200 3557 intactus
1221 3511 1427 3559 aeterne
1453 3516 1656 3572 manet,
1680 3524 1859 3578 neque
1883 3510 2055 3566 ullum

471 3589 567 3657 qui
605 3605 664 3645 se
710 3586 1040 3663 aSsequatnr
1079 3603 1175 3650 aut
1212 3598 1446 3669 attingat
1485 3600 1827 3656 intellectum
1866 3603 2053 3670 habet,

471 3680 648 3734 altera
683 3683 875 3737 relicta
909 3694 1041 3740 sunt
1071 3695 1128 3740 et
1162 3689 1417 3744 mentalis
1448 3691 1792 3760 cognitionis
1818 3709 2055 3763 exsupe-

475 3771 653 3826 rantia
685 3785 965 3844 superata,
998 3785 1055 3831 et
1086 3788 1271 3834 mente
1308 3780 1571 3837 inferiora
1601 3783 1739 3846 visa,
1766 3800 1889 3839 cum
1921 3788 2055 3855 quid

471 3864 731 3933 superius
764 3866 847 3920 eis
881 3867 953 3922 sit
986 3868 1220 3926 ﬁrmiter
1247 3882 1395 3927 esset
1427 3888 1491 3928 ac
1520 3889 1652 3930 vere
1687 3875 2050 3945 intellectum,

472 3953 588 4009 haec
624 3957 758 4011 mihi
795 3960 1058 4030 magister
1089 3978 1191 4031 per
1222 3963 1401 4019 visum
1439 3973 1495 4019 et
1527 3968 1836 4022 naturalem
1876 3969 2053 4041 legem

470 4046 775 4101 secundum
808 4049 1079 4106 rationem
1116 4053 1390 4109 redditam
1424 4056 1757 4125 signiﬁcare,
1785 4074 1895 4112 non
1921 4075 2055 4116 vero

472 4144 533 4189 ut
565 4138 787 4207 quidam
822 4142 1313 4211 existimaverunt,
1350 4162 1449 4211 pro
1487 4163 1598 4203 uno
1630 4158 1687 4203 et
1717 4149 1911 4204 eodem
1950 4166 2053 4221 po-

470 4243 603 4284 nere
652 4231 831 4286 visum
890 4242 947 4288 et
997 4236 1174 4305 legem
1228 4239 1559 4292 naturalem;
1606 4238 1849 4309 Uterque
1901 4243 2052 4298 enim

470 4318 616 4376 circa
642 4322 833 4381 eadem
861 4326 971 4380 vim
999 4342 1153 4383 suam
1180 4344 1445 4383 exercens
1473 4330 1752 4399 quomodo
1780 4332 1848 4386 ab
1877 4334 2052 4390 altero

2156 3139 2385 3203 πὼσεως
2398 3140 2493 3193 καὶ⁷
2509 3139 2812 3210 φαντασίας
2826 3139 3096 3204 διάϐασιν,
3116 3141 3207 3194 καὶ
3230 3143 3280 3194 εί
3299 3142 3373 3213 μή
3395 3159 3474 3212 τῳ
3493 3142 3755 3221 περιττὸς

2154 3229 2294 3286 εἶναι
2322 3231 2486 3297 δοκῶ,
2523 3231 2618 3286 καὶ
2648 3232 2820 3302 αὐτῆς
2846 3230 2951 3298 ἔξω
2982 3231 3264 3297 παντελῶς
3291 3233 3400 3303 τῆς
3431 3236 3490 3287 ὲν
3515 3237 3631 3298 τοῖς
3652 3234 3750 3287 λό-

2156 3338 2277 3393 γοις
2304 3323 2414 3376 τῶν
2441 3322 2614 3376 ὄντων
2642 3321 2908 3394 διαφορᾶς
2937 3324 3262 3395 γενόμενος,
3313 3325 3412 3378 καὶ
3468 3319 3582 3378 οἷον
3612 3325 3749 3395 μεθ-

2157 3412 2307 3484 όριον
2356 3412 2552 3467 ἑαυτὸν
2578 3412 2877 3484 παρενθεὶς
2922 3412 3060 3466 Θεοῦ
3108 3431 3169 3466 τε
3226 3411 3324 3467 καὶ
3373 3414 3592 3468 πάντων
3637 3412 3749 3467 τῶν

2110 3530 2113 3533 ·
2158 3504 2297 3576 μετὰ
2337 3505 2471 3559 Θεὸν
2493 3544 2509 3571 ,
2561 3504 2656 3558 τὸν
2692 3506 2815 3577 μὲνς
2835 3504 2912 3569 ὡς
2941 3504 3308 3575 ὑπερέχοντος
3339 3506 3436 3559 καὶ
3460 3506 3745 3576 ἀψαύστου

2155 3596 2223 3650 δι’
2259 3596 2384 3651 ὅλου
2437 3596 2696 3667 μένοντος
2758 3594 2855 3650 καὶ
2902 3595 3175 3667 μηδεμίαν
3223 3596 3536 3666 φθάνουσαν
3580 3597 3744 3652 αὑτὸν

2157 3686 2371 3757 ἔχοντος
2397 3685 2606 3757 νόησιν,
2628 3685 2739 3740 τῶν
2757 3687 2817 3741 δὲ
2840 3686 3353 3773 καταλελειμμένων
3383 3688 3476 3741 καὶ
3494 3690 3563 3759 τῇ
3584 3702 3745 3758 περι-

2155 3778 2314 3850 ουσίᾳ
2341 3776 2445 3849 τῆς
2473 3778 2619 3833 κατὰ
2661 3776 2788 3831 νοῦν
2828 3777 3085 3845 γνώσεως
3105 3777 3475 3832 διαδαθέντων
3517 3780 3613 3832 καὶ
3643 3797 3739 3833 κα-

2130 3869 2414 3939 -τωτέρων
2436 3868 2651 3932 ἐννοίας
2681 3868 2960 3939 φανέντων
2994 3868 3074 3938 τῷ
3103 3867 3158 3920 τί
3178 3884 3310 3921 ποτε
3335 3863 3482 3922 εἶναι
3508 3868 3739 3939 βεϐαίως

2155 3959 2299 4031 ὑπὲρ
2332 3960 2475 4014 αὐτὰ
2525 3961 2623 4015 καὶ
2661 3959 2881 4030 ἀληθῶς
2919 3959 3172 4030 ἐννοῆσαι
3193 3999 3208 4023 ,
3261 3959 3449 4015 ταῦτά.
3476 3979 3567 4031 μοι
3597 3961 3741 4014 δοκεῖ

2151 4051 2239 4106 διὰ
2267 4054 2366 4121 τῆς
2391 4049 2568 4120 ὂψεως
2599 4051 2693 4104 καὶ
2719 4049 3078 4120 τοῦ’φυσικοῦ
3104 4050 3273 4120 νόμου
3306 4051 3451 4104 κατὰ
3479 4052 3580 4122 τὴν
3608 4052 3738 4104 ἁπο-

2152 4140 2401 4196 δοθεϊσαν
2440 4141 2625 4195 αἰτίαν
2658 4142 2688 4195 ὁ
2712 4141 3035 4206 διδάσκαλος
3080 4142 3572 4214 παραινίττεσθαι,
3626 4130 3734 4196 ἀλλ’

2152 4233 2216 4287 οὑ
2237 4234 2435 4287 ταύτὸν
2458 4233 2727 4300 τίθεσθαι,
2752 4232 2937 4298 καθώς
2959 4246 3103 4297 τινες
3122 4234 3404 4305 ᾠήθησαν,
3421 4236 3521 4306 τὴν
3542 4237 3732 4305 δψιντε

2153 4327 2251 4380 καὶ
2301 4326 2392 4379 τὸν
2438 4321 2668 4395 φυσικὸν
2714 4326 2907 4395 νόμον.’
2937 4326 3138 4395 ’Δμφω
3172 4325 3283 4395 γὰρ
3332 4326 3467 4397 περὶ
3503 4326 3571 4379 τὰ
3600 4327 3731 4379 αὐτὶ

470 4407 692 4465 (ἥσθε-ιιι
730 4413 1026 4483 cogitando
1068 4423 1248 4485 potest
1286 4418 1530 4487 percipi,
1565 4435 1691 4473 cum
1730 4420 1871 4476 alter
1904 4423 2047 4478 irra-

2168 4419 2251 4489 τὴν
2278 4417 2565 4487 ἐνέργειαν
2597 4417 2789 4487 ἔχοντα
2835 4411 2933 4487 τ’ὴν
2965 4417 3058 4473 ἀπ’
3084 4417 3332 4486 ἀλλήλων
3359 4417 3587 4471 δύναται
3619 4399 3730 4471 κατ’

471 4504 754 4559 tionaliter
807 4507 1113 4561 visibilium
1171 4517 1320 4565 tactu
1375 4512 1551 4566 solum
1604 4513 1760 4569 nisus
1814 4515 2051 4572 ulterius

473 4593 730 4663 progredi
763 4610 871 4649 non
902 4597 1105 4665 possit,
1138 4598 1310 4654 altera
1341 4609 1398 4655 et
1427 4602 1640 4658 ratione
1672 4604 1820 4660 socia
1855 4606 2051 4677 adjun-

471 4690 558 4736 cta
595 4683 663 4738 de
699 4685 783 4740 eis
815 4685 1112 4758 diligenter
1138 4688 1373 4760 inquirit
1405 4699 1462 4747 et
1489 4702 1672 4748 mente
1708 4695 1851 4752 bene
1885 4708 2050 4768 atque

472 4772 778 4841 prudenter
821 4777 1189 4843 transcendit,
1225 4796 1336 4848 quo
1376 4783 1612 4838 maxime
1653 4787 2050 4855 cogitationem

469 4872 528 4916 et
556 4863 716 4920 iidem
747 4866 815 4920 de
848 4867 944 4921 Dei
973 4869 1291 4925 exsistentia
1323 4874 1595 4929 naturalis
1623 4890 1724 4944 per
1755 4877 1933 4931 visum
1963 4879 2048 4935 lex

473 4954 795 5010 insinuavit.
822 4958 1011 5013 Visum
1044 4959 1213 5031 igitur
1243 4963 1544 5033 appellavit
1575 4980 1799 5021 sensum
1837 4969 2052 5039 simpli-

472 5046 634 5112 citer,
658 5064 768 5103 non
796 5050 985 5121 aliquo
1010 5052 1197 5119 modo,
1224 5055 1510 5111 sensibilia
1536 5067 1814 5127 petentem
1844 5059 2048 5131 (neque

469 5139 620 5193 enim
670 5157 867 5198 sensus
917 5145 1197 5214 peculiare
1236 5157 1322 5204 est
1363 5149 1693 5220 simpliciter
1730 5151 1938 5221 aliquid
1980 5168 2046 5208 ex

471 5231 657 5299 aliquo
705 5234 855 5290 aliud
902 5237 1228 5310 colligere),
1264 5250 1321 5297 et
1365 5242 1541 5313 legem
1588 5243 1893 5298 naturalem
1936 5245 2047 5300 vim

471 5325 780 5379 naturalem
822 5342 945 5397 quae
982 5329 1433 5389 intellectualiter
1469 5348 1533 5389 ac
1571 5335 1914 5390 rationaliter
1948 5353 2050 5405 per

474 5421 696 5464 sensum
737 5413 852 5478 ﬁat,
885 5418 1188 5473 secundum
1229 5437 1393 5491 quam
1432 5439 1462 5478 a
1505 5425 1696 5494 peiore
1732 5424 1792 5486 ﬁt
1835 5425 2049 5482 idonea:

470 5499 865 5563 explorationis
898 5524 1002 5576 ope
1033 5510 1099 5563 ad
1135 5513 1331 5569 melius
1364 5529 1648 5570 ascensus.
1684 5514 2047 5571 lmmobilitcr

2156 4512 2396 4564 ἐπίνοιαν
2422 4507 2677 4580 δέχεσθαι
2703 4509 2979 4579 διάκρισιν
2997 4551 3014 4573 ,
3071 4507 3151 4579 τῷ
3180 4499 3282 4579 τὴν
3313 4510 3415 4579 μὲν
3450 4509 3646 4582 (185
3683 4510 3731 4576 α)

2155 4603 2365 4671 ἀλόγως
2412 4605 2483 4673 τῇ
2528 4600 2873 4672 προσψαύσει
2923 4599 3033 4652 τῶν
3079 4600 3293 4670 ὁρατῶν
3343 4602 3509 4670 μόνον
3550 4603 3731 4672 στηρί-

2156 4694 2345 4758 ζεσθαι
2381 4693 2695 4764 περαιτέρω
2722 4692 2925 4760 βαίνειν
2955 4678 3061 4745 οὑκ
3090 4691 3343 4762 ἔχουσαν,
3375 4694 3469 4747 τὸν
3496 4694 3552 4747 δὲ
3581 4693 3656 4763 τῷ
3677 4694 3732 4745 τε

2157 4785 2491 4857 συνημμένῳ
2517 4784 2661 4855 λόγῳ
2711 4784 2884 4837 ταῦτα
2912 4783 3399 4854 πολυπραγμονεῖν
3441 4789 3538 4838 καὶ
3562 4786 3639 4855 τῷ
3660 4785 3732 4853 νῷ

2151 4874 2331 4935 καλῶς
2356 4890 2417 4925 τε
2446 4872 2541 4925 καὶ
2563 4872 2740 4940 σοφῶς
2771 4872 3145 4943 ὑπερϐαίνειν,
3170 4872 3337 4926 καθ⁹δ
3370 4874 3609 4942 μάλιστα
3637 4876 3730 4943 τὴν

2153 4966 2281 5030 περὶ
2315 4962 2407 5015 τοῦ
2436 4959 2577 5017 εἶναι
2606 4962 2740 5016 Θεδν
2787 4961 2994 5016 ἔννοιάν
3023 4979 3083 5015 τε
3113 4962 3207 5015 καὶ
3236 4962 3424 5016 πίστιν
3455 4966 3486 5017 ὁ
3512 4963 3729 5032 φυσικὸς

2151 5056 2240 5110 διὰ
2284 5057 2383 5125 τῆς
2431 5055 2610 5124 ὅψεως
2651 5055 2939 5124 είσαγήοχε
2981 5054 3165 5124 νόμος.
3189 5053 3361 5122 ,νοψιν
3385 5051 3483 5108 οὖν
3511 5055 3732 5108 ἐκάλεσε

2152 5148 2252 5219 τὴν
2281 5147 2504 5214 ἁπλῶς,
2560 5146 2677 5200 ἀλλ’
2696 5146 2758 5199 οὑ
2787 5145 2887 5217 τὴν
2916 5145 3065 5209 πῶς,
3116 5144 3253 5216 πρὸς
3279 5146 3349 5199 τὰ
3376 5147 3616 5215 αἰσθητὰ
3640 5149 3733 5217 τῆς

2154 5242 2463 5313 αἰσθήσεως
2515 5239 2824 5312 προσϐολὴν
2882 5239 2983 5309 (οὑ
3031 5237 3142 5306 γὰρ
3191 5237 3508 5308 αἰσθήσεως
3554 5238 3731 5298 ἁπλῶς

2152 5332 2215 5386 τὸ
2271 5332 2335 5384 ἐκ
2385 5347 2532 5395 τινος
2585 5330 2772 5402 ἕτερόν
2822 5347 2875 5382 τι
2926 5327 3342 5396 συλλογίζεσθαι
3397 5329 3732 5398 καθέστηκεν

2157 5422 2368 5489 ἴδιον),
2433 5423 2599 5493 νόμον
2645 5422 2705 5475 δὲ
2760 5420 2988 5491 φυσικὸν
3033 5419 3132 5489 τὴν
3172 5418 3261 5473 διὰ
3296 5419 3401 5489 τῆς
3428 5419 3732 5490 αἰσθήσεως

2155 5514 2448 5586 γινομένην
2478 5514 2621 5569 κατὰ
2659 5513 2785 5569 νοῦν
2830 5512 2925 5569 καὶ
2952 5510 3109 5578 λόγον
3144 5510 3388 5580 φυσικὴν
3416 5513 3731 5580 ἐνέργειαν,

542 5674 655 5745 (Η)
691 5674 848 5750 Gl‘t‘g.
882 5684 1007 5736 Nat.
1039 5684 1128 5739 Or.
1158 5691 1291 5742 tlu'ol
1344 5693 1405 5753 ll,
1433 5708 1549 5759 mp.
1581 5695 1633 5755 (ἰ,
1664 5710 1714 5761 p.
1748 5692 1869 5753 ως),
1898 5702 2029 5745 tum.

2168 5692 2279 5763 ipp.
2315 5690 2447 5747 edit.
2485 5691 2683 5746 llcned.
