4038 6146
370 316 503 385 12:7
1608 274 1965 374 AM'BIG'UO]

2046 321 2125 375 1M
2167 311 2420 379 LIBER.
3506 328 3641 394 1218

367 434 486 488 καθ’
514 436 579 504 ἣν
615 434 645 503 ἡ
678 430 809 501 πρὸς
839 429 899 485 τὸ
928 432 1175 502 κρεῖττον
1209 427 1324 498 μετ’
1347 425 1623 498 ἐμμελοῦς
1654 426 1955 492 ἐξετάσεως

2057 441 2191 485 vero
2238 429 2450 484 moveri
2498 429 2745 502 ferrique
2793 446 2860 489 ea
2907 448 3029 503 quae
3069 434 3333 492 videntur
3379 442 3640 511 magister

366 529 489 583 καθ’
513 530 632 582 ὁδὸν
659 530 765 582 ἀπὸ
793 529 900 582 τῶν
926 527 1164 599 ἡττόνων
1192 524 1458 585 ἀνάϐασις
1482 521 1714 592 γίνεται.
1741 524 1955 593 ’Λκινή-

2055 519 2191 576 dicit
2221 536 2286 576 ea
2315 537 2422 591 qua
2450 521 2594 579 facta
2623 533 2754 579 sunt
2785 525 3021 592 ratione,
3046 531 3349 585 secundum
3387 546 3640 591 naturam

363 637 471 682 τως
520 620 576 672 δὲ
634 617 901 673 κινεῖσθαί
944 636 1001 671 τε
1054 617 1150 672 καὶ
1193 615 1457 687 φέρεσθαι
1488 614 1559 668 τὰ
1590 614 1845 686 ὁρώμενα
1873 614 1952 666 et-

2053 621 2110 666 et
2133 621 2463 683 potestatem
2494 623 2551 671 et
2575 617 2876 680 actionem.
2900 619 3151 675 ordinem
3188 631 3354 693 atque
3384 641 3642 695 perseve-

370 728 529 781 ρηται
558 709 634 781 τῷ
663 710 969 779 διδασκάλῳ
999 708 1076 779 τῷ
1105 709 1202 779 μὲν
1228 707 1370 778 λόγῳ
1396 748 1409 769 ,
1457 701 1502 774 ᾧ
1531 705 1723 775 γέγονε
1753 704 1951 767 ταῦτα,

2054 706 2311 771 rantiam,
2346 706 2711 764 immutabilia
2753 725 2898 775 esse,
2935 718 2993 765 et
3037 728 3148 767 non
3199 714 3314 769 ullo
3362 718 3526 771 modo
3570 718 3639 774 de

366 805 509 857 κατά
546 798 605 856 τε
652 803 814 873 φύσιν
861 805 957 856 καὶ
991 803 1224 874 δύναμιν
1258 801 1353 854 καὶ
1378 801 1685 872 ἐνέργειαν,
1716 798 1869 865 τάξιν
1890 813 1951 851 τε

2052 798 2293 875 naturali
2335 800 2676 869 proprietate
2716 801 2918 857 cedere
2959 805 3276 875 mutarique
3311 806 3366 860 in
3402 808 3635 863 alterum

364 897 454 948 καὶ
486 896 747 966 διαμονὴν
776 895 1171 964 ἀμεταστάτως
1201 892 1369 964 ἔχειν,
1403 895 1498 946 καὶ
1530 891 1606 964 μὴ
1632 890 1951 958 ἐξίστασθαι

2050 895 2111 942 et
2131 890 2505 956 commisceri,
2531 908 2598 947 ac
2626 894 2838 948 moveri
2873 911 3067 951 rursus
3095 896 3274 953 ﬂuxus
3303 907 3360 953 et
3387 899 3639 956 dcﬂuxus

363 990 486 1042 καθ’
528 991 705 1043 ὁτιοῦν
750 988 851 1058 τῆς
886 991 1124 1059 φυσικῆς
1156 988 1419 1058 ἰδιότητος
1462 988 1556 1041 καὶ
1589 986 1950 1058 μεταϐάλλειν

2050 981 2290 1049 ratione,
2318 982 2663 1040 incremento
2693 994 2751 1040 et
2780 985 3160 1053 decrementa,
3186 1005 3298 1059 quo
3333 992 3634 1060 quantitas,

362 1079 440 1139 εἰς
469 1078 597 1130 ἄλλο
631 1079 725 1132 καὶ
755 1077 1062 1148 φύρεσθαι,
1114 1075 1386 1130 κινεῖσθαι
1410 1076 1467 1129 δὲ
1498 1076 1659 1131 πάλιν
1698 1075 1777 1147 τῷ
1807 1076 1950 1130 κατὰ

2050 1081 2107 1128 et
2145 1074 2565 1141 immutatione,
2595 1093 2703 1146 qua
2738 1078 2974 1147 qualitas
3015 1079 3276 1145 aﬂicitur,
3309 1090 3366 1136 et
3408 1091 3469 1137 ut
3504 1095 3642 1152 pro—'

361 1170 490 1238 ῥοὴν
546 1169 641 1221 καὶ
685 1168 966 1240 ἀπορῤοὴν
1016 1167 1184 1239 λόγῳ,
1245 1166 1472 1239 αὐξήσει
1505 1166 1571 1220 τε
1614 1169 1682 1238 τῇ
1728 1166 1859 1238 περὶ
1887 1166 1949 1219 τὸ

2049 1164 2170 1233 prie
2193 1165 2373 1220 dicam
2392 1206 2406 1229 ,
2436 1167 2668 1222 alterius
2696 1184 2763 1222 ex
2796 1169 2974 1223 altero
3001 1171 3354 1226 successione
3382 1188 3447 1227 ac
3472 1173 3637 1228 vicis-

360 1260 524 1312 ποσὸν
571 1261 668 1313 καὶ
702 1259 930 1330 μειώσει
972 1260 1068 1313 καὶ
1096 1263 1163 1331 τῇ
1210 1260 1341 1329 περὶ
1366 1259 1428 1311 τὸ
1458 1257 1612 1312 ποιὸν
1638 1257 1944 1322 ἀλλοιώσει,

2050 1256 2326 1322 situdine,
2366 1259 2497 1313 dum
2542 1260 2838 1330 anticipata
2882 1270 3104 1332 semper
3146 1257 3353 1320 cedunt
3388 1267 3472 1322 eis
3512 1282 3637 1336 qua:

358 1346 451 1402 καὶ
498 1350 704 1422 κυρίως
750 1353 960 1414 εἰπεῖν,
1016 1353 1082 1422 τῇ
1127 1350 1187 1416 ἐξ
1215 1350 1463 1422 ἀλλήλων
1492 1350 1742 1420 διαδοχῇ,
1779 1349 1947 1417 ὑπεξ-

2049 1349 2486 1419 subsequuntur.
2515 1352 2694 1421 Atque
2728 1361 2790 1406 ut
2815 1353 3006 1422 paucis
3037 1355 3342 1420 absolvam,
3375 1359 3635 1414 universa

360 1443 668 1513 ισταμένων
699 1444 788 1497 ἀεὶ
816 1446 929 1507 τοῖς
959 1445 1343 1514 ὲπιγνομένοις
1371 1442 1479 1500 τῶν
1508 1437 1949 1516 προειληφότωνέ

2048 1457 2172 1512 qua:
2206 1451 2363 1506 sunt,
2390 1444 2697 1498 secundum
2736 1446 3005 1499 rationem
3048 1462 3156 1515 qua
3199 1448 3535 1504 exstiterunt
3568 1465 3633 1505 ac

358 1535 467 1588 Καὶ
497 1535 684 1598 ἁπλῶς
717 1536 801 1589 ἵνα
833 1535 1071 1589 συνελὼν
1101 1536 1262 1602 εῐπω,
1299 1537 1476 1591 πάντα
1499 1538 1565 1591 τὰ
1591 1537 1723 1591 ὅντα
1742 1536 1867 1590 καθ’
1885 1535 1946 1590 ὃν

2136 1540 2207 1595 ιι,
2243 1531 2399 1587 lirma
2445 1534 2676 1588 omnino
2719 1544 2851 1589 sunt
2887 1543 2945 1590 et
2983 1535 3241 1601 immota,
3273 1539 3369 1593 sed
3416 1540 3632 1595 ratione
3729 1533 3731 1536 ⁴

360 1626 459 1696 μὲν
494 1628 811 1700 ὐπέστησάν
840 1645 898 1681 τε
931 1630 1027 1681 καὶ
1059 1629 1166 1681 sici
1192 1628 1382 1696 λόγον,
1441 1629 1684 1700 στάσιμά
1710 1646 1773 1681 τε
1803 1645 1944 1682 παν-

2048 1638 2242 1679 eorum
2267 1640 2390 1694 qua:
2414 1626 2562 1681 circa
2594 1626 2710 1695 ipsa
2737 1624 3198 1697 conte‘mplamur,
3224 1644 3332 1697 qua
3360 1632 3632 1687 universi-

354 1717 525 1780 τελῶς
554 1720 661 1772 εἰσι
712 1721 805 1772 καὶ
830 1719 1063 1790 ἀκίνητα
1090 1761 1106 1785 ,
1161 1719 1239 1791 τῷ
1263 1719 1321 1773 δὲ
1351 1720 1460 1775 τῶν
1487 1720 1615 1791 περὶ
1638 1720 1779 1775 αὐτὰ
1806 1720 1946 1774 θεω-

2051 1716 2180 1770 tatis
2212 1716 2378 1787 hujus
2407 1716 2698 1772 manifesto
2731 1728 2952 1773 constat
2976 1722 3287 1777 mconomia
3315 1731 3370 1777 et
3391 1724 3631 1780 absolvi-

358 1807 635 1877 φωμένων
663 1809 835 1880 λόγῳ,
870 1810 993 1864 καθ’
1020 1806 1079 1863 ὃν
1109 1812 1142 1882 ἡ
1171 1809 1273 1864 τοῦ
1298 1810 1500 1875 παντὸς
1528 1810 1722 1864 τούτου
1756 1810 1945 1882 σαφῶς

2049 1814 2160 1871 tur,
2182 1806 2461 1872 universa,
2484 1816 2547 1863 ut
2569 1815 2819 1878 apparet,
2842 1819 3126 1866 metantur
3145 1821 3202 1866 et
3226 1813 3627 1883 inquietantur.

349 1899 633 1970 οἰκονομία
664 1901 964 1971 συνέστηκέ
992 1919 1052 1954 τε
1087 1905 1179 1955 καὶ
1209 1901 1538 1971 διεξάγεται,
1571 1901 1749 1957 πάντα
1777 1905 1944 1958 κινεῖ-

2043 1897 2159 1953 Nec
2192 1905 2374 1955 tamen
2411 1900 2676 1970 impetum
2713 1909 2771 1956 et
2801 1902 3102 1957 motionem
3134 1903 3280 1979 idem
3316 1906 3630 1977 signiﬁcare

351 2006 443 2042 ται
482 1992 725 2061 δηλονότι
772 1984 870 2046 καὶ
910 1994 1153 2047 ἀστατεῖ.
1202 1994 1279 2046 Οὐ
1304 1993 1500 2047 ταύτὸν
1522 1993 1580 2046 δέ
1608 2010 1774 2064 φασιν
1799 1988 1942 2048 εἶναι

2043 1998 2316 2045 statuunt.
2347 1991 2646 2046 Motionem
2685 1992 2835 2047 enim
2878 1994 3053 2063 magis
3092 1994 3347 2051 tribuunt
3381 1999 3467 2054 eis
3504 2016 3629 2070 quae

351 2084 419 2154 τῇ
447 2086 588 2155 φορᾷ
619 2083 717 2154 τὴν
746 2086 980 2155 κίνησιν.
1041 2086 1155 2157 Τὴν
1203 2084 1302 2157 μὲν
1331 2088 1441 2158 γὰρ
1490 2086 1705 2157 κίνησιν
1738 2088 1942 2157 μᾶλλον

2040 2083 2387 2153 generationi
2421 2082 2711 2154 subjaceut
2742 2095 2800 2140 et
2832 2086 3104 2151 interitui,
3137 2096 3197 2143 ut
3226 2102 3350 2159 qua:
3385 2092 3467 2147 eis
3502 2109 3627 2163 quae

352 2169 491 2227 εἷναί
524 2175 707 2245 (185
730 2175 781 2246 ὁ)
810 2193 939 2244 φασι
965 2175 1075 2229 τῶν
1099 2177 1205 2229 ὐπὸ
1226 2176 1442 2246 γένεσιν
1470 2176 1564 2230 καὶ
1601 2176 1828 2246 φθοράν,
1863 2176 1940 2241 ώς

2040 2176 2187 2231 circa
2215 2176 2332 2246 ipsa
2357 2177 2727 2231 observantur
2749 2178 2988 2249 augendi
3014 2180 3411 2260 minuendique
3442 2187 3627 2241 notio-

354 2267 755 2343 ἐπιδεχομένων
802 2272 914 2332 τοῖς
949 2271 1078 2341 περὶ
1107 2270 1263 2323 αὐτὰ’
1277 2269 1676 2342 θεωρουμένοις
1708 2269 1769 2323 τὸ
1799 2271 1936 2341 μᾶλ-

2037 2277 2164 2316 nem
2200 2263 2500 2326 admittunt
2534 2264 2782 2336 (etiamsi
2816 2267 2885 2321 de
2917 2269 3134 2325 cunctis
3167 2273 3371 2328 creatis
3402 2276 3624 2346 pr0prie

352 2357 444 2411 λον
472 2358 568 2411 καὶ
597 2360 657 2411 τὸ
683 2353 847 2430 ἦττον
878 2359 1002 2429 (κᾶν
1031 2360 1124 2412 ἐπὶ
1156 2360 1371 2414 πάντων
1399 2360 1538 2431 ὁμοῦ
1562 2361 1672 2412 τῶν
1693 2360 1937 2429 γενητῶν

2038 2353 2148 2409 dici
2203 2354 2265 2409 id
2314 2358 2565 2427 potest),
2612 2358 2877 2429 impetum
2931 2376 3063 2417 vero
3115 2362 3442 2421 substantiae
3498 2384 3623 2425 esse

352 2450 561 2519 κυρίως
585 2433 845 2516 λέγεσθαι
873 2450 1142 2522 δυνατὸν),
1172 2452 1273 2522 τὴν
1294 2452 1350 2504 δὲ
1375 2451 1550 2523 φορὰν
1569 2452 1669 2521 τῆς
1686 2451 1827 2505 κατὰ
1846 2450 1937 2503 xti-

2036 2444 2232 2499 volunt
2256 2445 2466 2503 circulo
2497 2462 2617 2502 sese
2649 2457 2707 2503 et
2737 2448 3013 2505 indefesse
3045 2455 3446 2509 commoventis
3476 2466 3622 2512 rota-

351 2540 479 2594 κλον
530 2542 860 2614 κινουμένης
906 2542 1097 2606 οὐσίας
1139 2542 1235 2596 καὶ
1267 2532 1567 2612 ἀκαμάτως
1594 2543 1693 2611 τὴν
1722 2542 1933 2613 περιδί-

2036 2535 2268 2592 tionem.
2294 2538 2495 2594 Nescio
2535 2547 2722 2597 utrum
2762 2541 2832 2597 de
2872 2543 3361 2601 universodicere
3396 2549 3619 2604 conanti

349 2646 529 2700 νησιν.
588 2632 704 2686 Οὐκ
751 2630 870 2689 οἶδα
919 2634 1151 2705 πότερον
1197 2632 1532 2704 Θαρῤήσαντι
1575 2633 1704 2704 περὶ
1737 2633 1798 2686 τὸ
1823 2635 1934 2688 πᾶν

2022 2616 2366 2684 naturaliter
2404 2631 2626 2700 operari
2671 2632 2725 2687 id
2774 2640 2956 2688 tutum
2995 2628 3103 2700 εἱι,’
3121 2651 3192 2690 an
3235 2636 3476 2705 incitari,
3510 2640 3617 2695 nisi

351 2722 599 2791 φυσικῶς
649 2725 982 2798 ἐνεργούσης
1026 2725 1217 2794 λέγειν’
1239 2725 1389 2778 ἐστὶν
1425 2724 1668 2794 ἀσφαλὲς
1722 2724 1934 2797 ηὲνερι

2031 2719 2181 2788 quod
2227 2720 2349 2790 ejus
2396 2721 2491 2791 qui
2543 2722 2809 2779 incitatur
2853 2726 3133 2794 peculiare
3185 2727 3482 2785 dicendum
3532 2743 3619 2788 est

349 2815 654 2886 γουμένης,
701 2818 840 2889 πλὴν
868 2819 950 2872 ὅτι
982 2818 1189 2889 κυρίως
1217 2818 1391 2871 εἰπεῖν
1419 2820 1566 2871 ἐστιν
1598 2814 1930 2887 ἐνεργουμέ-

2030 2809 2185 2869 ferri.
2220 2811 2383 2867 Nulla
2422 2813 2573 2868 enim
2618 2829 2734 2878 res,
2768 2831 3114 2887 quacunque
3160 2820 3463 2886 exsistunt,
3499 2822 3617 2893 ipsa

350 2922 446 2976 νης
492 2907 554 2960 τὸ
603 2909 885 2982 φέρεσθαι.
952 2912 1120 2965 Οὐδὲν
1159 2912 1267 2981 γὰρ
1308 2911 1418 2964 τῶν
1445 2910 1616 2964 ὄντων
1648 2906 1930 2971 παντελῶς

2029 2916 2132 2970 per
2176 2918 2235 2957 se
2284 2914 2549 2973 operatur
2588 2907 2849 2972 omnino,
2881 2909 3013 2978 quia
3063 2925 3169 2966 nec
3213 2926 3381 2967 causa
3430 2924 3612 2981 caret;

347 3001 495 3063 ὲστιν
517 3000 931 3072 αὐτενέργητον,
962 3004 1044 3057 ὅτι
1070 3003 1206 3075 μηδὲ
1227 3002 1488 3069 ἀναίτιον,
1517 3001 1578 3055 τὸ
1596 3000 1653 3053 δὲ
1678 3000 1752 3071 μὴ
1777 3000 1928 3053 ἀναί-

2030 2992 2178 3060 quod
2204 3009 2340 3049 vero
2372 3011 2538 3051 causa
2568 3011 2678 3051 non
2712 3007 2884 3064 caret,
2915 2998 2968 3052 id
3002 3001 3230 3056 omnino
3260 3017 3361 3072 per
3392 3018 3613 3060 causam

344 3109 458 3145 τιον
477 3135 492 3157 ,
544 3096 773 3147 κινεῖται
803 3096 1021 3160 πάντως
1049 3095 1118 3150 δι’
1136 3096 1351 3163 αἰτίαν,
1403 3094 1799 3166 ὲνεργούμενον
1827 3093 1925 3162 δη-

2030 3093 2310 3149 movetur,
2339 3087 2485 3142 unde
2519 3101 2750 3158 apparet
2779 3089 2927 3159 quod
2960 3106 3128 3147 causa
3161 3093 3425 3149 incitatur
3455 3094 3522 3151 ad
3554 3112 3614 3152 se

344 3180 521 3235 λονότι
565 3183 626 3236 τὸ
660 3184 928 3238 κινεῖσθαι
958 3185 1206 3255 φυσικῶς
1233 3186 1340 3239 ὑπὸ
1369 3185 1469 3255 τῆς
1500 3184 1678 3247 αἰτίας
1697 3222 1712 3247 9
1763 3182 1834 3235 δι’
1856 3182 1923 3252 ἢν

2028 3178 2488 3233 commovendum
2521 3181 2847 3237 naturaliter
2880 3181 2949 3237 ad
2983 3198 3147 3252 quam
3181 3191 3240 3237 et
3270 3201 3382 3255 quo
3415 3188 3614 3242 motio-

343 3272 441 3327 καλ⁵
487 3275 625 3345 πρὸς
668 3276 736 3348 ῆν
790 3279 1030 3330 ποιεῖται
1073 3277 1173 3348 τὴν
1216 3277 1475 3349 κίνησιν..
1497 3276 1778 3339 Ἀναιτίως
1814 3274 1925 3345 γάρ

2026 3280 2152 3321 nem
2178 3267 2383 3339 dirigit.
2411 3271 2541 3325 Sine
2572 3287 2739 3327 causa
2768 3273 2918 3326 enim
2946 3289 3140 3329 eorum
3165 3291 3288 3345 qua:
3314 3289 3607 3334 moventur

341 3364 594 3436 οὐδαμῶς
643 3371 871 3421 κινεῖται
926 3368 1049 3422 καθ’
1087 3369 1392 3439 οίονδήτινα
1440 3368 1643 3435 τρόπον
1687 3367 1795 3420 τῶν
1838 3383 1926 3420 κι-

2025 3356 2166 3411 nihil
2188 3373 2418 3429 usquam
2437 3362 2551 3415 ullo
2567 3362 2732 3417 modo
2746 3372 3019 3419 movetur.
3036 3365 3261 3421 Initium
3282 3384 3415 3423 vero
3428 3372 3610 3426 omnis

342 3458 620 3529 νουμένων
658 3460 832 3514 οὐδέν.
889 3460 1057 3531 Ἀρχὴ
1087 3460 1144 3513 δὲ
1180 3460 1362 3532 πάσης
1387 3460 1658 3531 κινήσεως
1687 3459 1924 3528 φυσικῆς

2023 3451 2296 3506 naturalis
2330 3445 2597 3510 motionis
2631 3463 2716 3510 est
2743 3472 2935 3511 eorum
2967 3473 3091 3528 quae
3119 3473 3418 3517 moventur
3446 3480 3613 3534 gene-

343 3551 490 3605 ἐστιν
542 3555 576 3623 ἡ
616 3551 724 3604 τῶν
754 3553 1088 3623 κινουμένων
1120 3552 1356 3621 γένεσις,
1412 3552 1556 3622 ἀρχὴ
1585 3551 1642 3605 δὲ
1688 3551 1789 3620 τῆς
1816 3550 1925 3604 τῶν

2024 3540 2191 3606 ratio,
2222 3544 2383 3614 cujus
2412 3560 2606 3600 rursus
2642 3545 2819 3616 ipsius
2854 3548 3077 3605 initium
3110 3551 3258 3607 Deus
3288 3562 3394 3620 est,
3426 3564 3488 3610 ut
3517 3573 3613 3628 ge-

340 3645 677 3716 κινουμένων
699 3646 966 3714 γενέσεως
986 3645 1014 3696 ὀ
1037 3644 1189 3711 Θεὸς,
1213 3645 1289 3709 ὡς
1310 3644 1711 3716 γενεσιουργὸς.
1737 3643 1848 3714 Τῆς
1866 3644 1924 3697 δὲ

2023 3633 2332 3689 nerationis
2365 3645 2580 3691 auctor.
2607 3637 2815 3693 Eorum
2846 3654 2969 3709 quae
3000 3636 3143 3697 facta
3176 3651 3311 3698 sunt
3339 3647 3612 3704 naturalis

338 3735 449 3789 τῶν
477 3738 863 3807 γεγενημένων
908 3738 1145 3808 φυσικῆς
1176 3736 1445 3804 γενέσεως
1485 3736 1640 3799 τέλος
1670 3738 1705 3807 ἡ
1733 3735 1923 3800 στάσις

2023 3724 2402 3794 generationis
2436 3726 2562 3782 linis
2593 3737 2678 3782 est
2703 3737 2903 3795 status,
2931 3746 3099 3801 quem
3134 3733 3295 3804 plane
3324 3745 3450 3806 post
3479 3752 3612 3794 con-

332 3823 513 3891 ἐστὶν,
545 3830 611 3900 ἦν
638 3833 784 3895 ποιεῖ
809 3830 1030 3894 πάντως
1062 3830 1200 3901 μετὰ
1225 3830 1324 3900 τὴν
1346 3826 1595 3883 διάϐασιν
1620 3828 1730 3882 τῶν
1755 3846 1924 3883 πεπε-

2024 3816 2431 3872 summatOrum
2465 3826 2874 3890 transgressum
2910 3821 3151 3880 inﬁnitas
3182 3824 3376 3889 eﬂicit,
3410 3828 3471 3883 in
3500 3846 3610 3901 qua

342 3920 632 3991 ρασμένων
667 3923 699 3992 ἡ
732 3922 981 3993 ἀπειρία,
1018 3924 1075 3974 ὲν
1166 3920 1255 3974 διὰ
1283 3921 1344 3974 τὸ
1376 3921 1451 3992 μὴ
1482 3917 1623 3974 εἶναι
1647 3920 1923 3991 διάστημα

2022 3915 2251 3980 propter
2270 3909 2605 3966 exsistentiae
2627 3912 2989 3969 cessationem
3010 3916 3191 3971 omnis
3214 3918 3387 3974 motio
3409 3935 3605 3978 eorum

342 4011 492 4064 πᾶσα
539 4013 775 4065 ποιεῖται
800 3998 1032 4080 ¹κίνησις
1074 4012 1183 4065 τῶν
1225 4011 1473 4080 φυσικῶν
1488 4013 1534 4044 ’⁸
1564 4012 1919 4081 κινουμένων,

2022 4003 2363 4059 naturalium
2409 4020 2533 4075 quze
2574 4002 2868 4062 moventur
2908 4008 3263 4065 intervallum
3302 4011 3464 4079 facit,
3496 4032 3608 4073 non

337 4103 436 4156 οὐκ
466 4103 666 4174 ἔχουσα
693 4103 881 4158 λοιπὸν
914 4105 1037 4157 ὅποι
1067 4121 1125 4157 τε
1170 4105 1269 4157 καὶ
1299 4103 1417 4167 πῶς
1460 4104 1555 4156 καὶ
1585 4103 1721 4174 πρὸς
1744 4104 1798 4156 τί
1833 4121 1922 4157 κι-

2022 4095 2300 4166 reliquum
2330 4096 2542 4161 habens
2565 4113 2678 4167 quo
2706 4106 2803 4153 aut
2825 4100 3103 4169 quomodo
3136 4109 3193 4155 et
3222 4102 3290 4157 ad
3322 4104 3454 4173 quid
3491 4123 3611 4162 mo-

337 4194 597 4264 νηθῆναιζ
640 4195 716 4259 ὡς
744 4196 837 4249 τὸν
863 4196 1117 4268 ὁρίζοντα
1148 4198 1243 4250 καὶ
1269 4195 1439 4266 αὐτὴν
1467 4195 1567 4267 τὴν
1597 4196 1781 4266 πάσης
1810 4197 1923 4267 ὀρι-

2022 4195 2250 4252 veatur,
2281 4202 2407 4243 cum
2439 4188 2645 4253 Deum,
2679 4188 2775 4259 qui
2805 4190 2895 4246 vel
2925 4189 3101 4260 ipsam
3132 4193 3316 4249 omnis
3347 4196 3608 4253 motionis

337 4283 530 4356 στικὴν
596 4286 863 4355 κινήσεως
914 4285 1173 4356 ἀπειρίαν
1226 4284 1359 4338 Θεὸν
1416 4283 1571 4349 τέλος
1625 4285 1702 4349 ὡς
1750 4286 1920 4339 αίτιον

2025 4279 2457 4335 terminatricem
2494 4278 2821 4336 inﬁnitatem
2854 4281 3068 4349 deﬂnit,
3096 4282 3266 4339 tinem
3295 4295 3356 4341 ut
3384 4302 3607 4345 causam

336 4364 557 4446 ἔχουσα.
612 4378 813 4446 Πάσης
842 4375 936 4430 οὖν
985 4377 1257 4447 γενέσεώς
1284 4394 1345 4430 τε
1389 4378 1484 4430 καὶ
1511 4378 1780 4448 κινήσεως
1812 4376 1921 4430 τῶν

2022 4372 2242 4427 habeat.
2270 4372 2460 4443 Itaque
2504 4375 2685 4429 omnis
2721 4375 3096 4445 generationis
3133 4387 3192 4434 et
3223 4380 3486 4437 motionis
3523 4398 3609 4438 re-

334 4466 503 4541 ὄντων
528 4510 544 4537 ,
600 4469 743 4541 ἀρχὴ
787 4471 884 4521 καὶ
914 4469 1063 4532 τέλος
1095 4470 1245 4522 ἐστὶν
1273 4471 1302 4522 ὀ
1324 4468 1457 4533 Θεὸς
1478 4509 1493 4534 ,
1551 4469 1628 4532 ὡς
1663 4467 1723 4533 ἐξ
1750 4467 1917 4523 αὐτοῦ

2024 4480 2150 4520 rum
2180 4466 2566 4522 exsistentium
2598 4468 2818 4523 initium
2841 4477 2899 4524 et
2922 4468 3049 4524 linis
3076 4470 3224 4527 Deus
3251 4480 3358 4538 est,
3383 4488 3508 4529 cum
3536 4489 3607 4531 ex

333 4540 716 4631 γεγενημένων
736 4540 842 4615 καὶ
868 4560 936 4614 δι’
959 4560 1126 4614 αὐτοῦ
1151 4559 1512 4631 κινουμένων,
1538 4561 1633 4614 καὶ
1655 4562 1737 4624 είς
1758 4559 1920 4614 αὐτὸν

2018 4569 2086 4608 eo
2129 4565 2403 4625 generatae
2443 4559 2555 4611 sint
2589 4566 2646 4617 et
2692 4566 2998 4625 motentur,
3033 4568 3237 4616 statum
3277 4577 3501 4633 quoque
3549 4564 3606 4619 in

330 4651 431 4724 τὴν
462 4653 652 4707 στάσιν
684 4653 1083 4723 ποιησομένων.
1121 4653 1311 4723 Πάσης
1341 4651 1399 4706 δὲ
1431 4652 1666 4723 φυσικῆς
1696 4652 1805 4705 τῶν
1831 4651 1920 4706 ὅν-

2077 4662 2144 4699 ιιη
2178 4646 2427 4735 facturae.
2458 4648 2621 4703 Omni
2653 4666 2786 4705 vero
2820 4651 3060 4707 naturali
3093 4668 3281 4709 rerum
3313 4669 3437 4724 quas
3473 4663 3606 4711 sunt
3660 4692 3672 4746 τ

329 4762 438 4799 των
468 4747 734 4815 κινήσεως
757 4748 1161 4816 προεπινοεῦται
1187 4749 1220 4816 ἡ
1244 4747 1482 4815 γένεσις,
1505 4744 1687 4815 πάσης
1707 4744 1763 4797 δὲ
1788 4744 1917 4799 στά-

2076 4740 2261 4796 otione
2292 4730 2447 4811 prior
2478 4742 2806 4814 intelligitur
2832 4743 3135 4814 generatio,
3160 4746 3424 4816 omnique
3452 4756 3604 4803 statu
3660 4730 3666 4777 ἶ

302 4845 307 4849 ’
333 4854 471 4901 σεως
500 4841 905 4907 προεπινοεῖται
936 4836 1123 4908 (186
1144 4837 1196 4903 α)
1230 4836 1372 4890 κατὰ
1420 4836 1585 4906 φύσιν
1613 4838 1646 4907 ἡ
1675 4837 1891 4907 κίνησις

2015 4833 2169 4903 prior
2198 4834 2506 4889 secundum
2535 4843 2793 4891 naturam
2818 4837 3155 4909 intelligitur
3180 4838 3374 4893 motio.
3399 4839 3518 4895 .lam
3553 4842 3599 4896 si

333 4929 403 4981 El.
419 4926 513 4981 οὐν
540 4929 808 4997 κινήσεως
835 4926 1239 5001 προεπινοεϊται
1267 4927 1406 4980 κατὰ
1430 4927 1590 4995 φύσιν
1612 4929 1646 4999 ἡ
1668 4928 1904 4996 γένεσις,

2015 4927 2317 4982 motionem
2353 4916 2667 4982 secundum
2699 4936 2952 4983 naturam
2989 4929 3255 5001 anticipat
3289 4933 3597 5000 generatio,

328 5021 595 5090 κινήσεως
637 5019 696 5071 δὲ
754 5023 1150 5088 μετεπινοεῖται
1206 5019 1350 5073 κατὰ
1403 5020 1567 5088 φύσιν
1617 5023 1649 5090 ἡ
1693 5021 1904 5087 στάσις,

2014 5020 2314 5074 motionem
2339 5034 2472 5074 vero
2502 5018 2805 5074 secundum
2830 5029 3083 5075 naturam
3109 5022 3471 5093 subsequitur
3491 5033 3605 5080 sta-

326 5112 541 5178 γένεσις
587 5110 831 5180 δηλονότι
890 5112 983 5163 καὶ
1033 5112 1221 5174 στάσις
1269 5108 1408 5165 εἶναι
1457 5110 1566 5164 τῶν
1604 5111 1721 5180 ἅμα
1764 5113 1909 5167 κατὰ

2018 5121 2134 5171 tus.
2166 5121 2395 5183 apparet
2427 5112 2843 5183 generationem
2878 5122 2936 5170 et
2970 5122 3175 5169 statum
3213 5116 3377 5171 simul
3418 5118 3602 5174 subsi-

325 5204 422 5276 τὴν
464 5203 703 5275 ὓπαρξιν
742 5203 1064 5273 ἀμήχανον,
1122 5202 1367 5273 ἀλλήλων
1430 5201 1600 5265 αὐτὰς
1660 5204 1908 5272 φυσικῶς

2014 5214 2161 5260 stere
2213 5221 2323 5260 non
2374 5220 2569 5275 posse,
2605 5205 2736 5259 dum
2786 5206 3055 5271 mediam,
3092 5222 3216 5277 qua:
3254 5206 3481 5262 alteram
3528 5210 3598 5264 ab

323 5295 668 5369 διείργουσαν
698 5295 743 5326 ’³
765 5294 988 5364 ἔχουσαι
1028 5292 1168 5347 κατὰ
1207 5293 1269 5346 τὸ
1318 5292 1631 5364 μέσον’τὴν’
1660 5294 1900 5366 κίνησιν.

2002 5296 2183 5351 altera
2218 5297 2545 5352 naturaliter
2577 5297 2820 5361 dirimat,
2850 5296 3089 5352 habeant
3124 5295 3447 5352 motionem.
3476 5299 3596 5355 Non

324 5389 398 5443 Οὐ
427 5388 536 5460 γάρ
570 5380 774 5457 φυσικὴ
807 5384 1056 5454 ἐνέργεια
1087 5386 1186 5454 τῆς
1214 5385 1483 5454 γενέσεως
1512 5385 1624 5438 τῶν
1646 5390 1902 5458 κινουμέ-

2003 5391 2153 5443 enim
2192 5383 2464 5445 naturalis
2500 5390 2649 5445 actio
2687 5389 3061 5461 generationis
3103 5399 3379 5445 motorum
3421 5401 3597 5448 statas

322 5500 429 5535 νων
456 5481 489 5551 ἡ
514 5477 717 5540 στάσις·
734 5478 901 5537 ἐστιν,
934 5475 1073 5529 ἀλλὰ
1095 5477 1247 5540 τέλος
1274 5476 1377 5545 τῆς
1401 5477 1718 5547 κατ’-αὐτὴν
1744 5478 1905 5534 δυνά-

2006 5489 2110 5546 est,
2133 5481 2229 5537 sed
2266 5481 2389 5537 linis
2425 5482 2712 5552 potestatis
2742 5482 2825 5538 vel
2861 5481 3097 5537 actionis
3128 5482 3196 5536 ad
3232 5490 3435 5537 statum
3471 5499 3598 5553 per-

329 5592 469 5648 μεως
494 5574 527 5645 ἢ
553 5570 855 5642 ἐνεργείας,
882 5567 915 5638 ἦ
940 5570 1088 5634 ὅπως
1114 5570 1178 5624 ἄν
1204 5582 1287 5634 τις
1314 5568 1492 5623 ὲοέλοι
1519 5569 1677 5624 τοῦτο
1699 5570 1900 5639 λέγειν.

2009 5572 2265 5637 tinentis,
2296 5574 2381 5629 ve!
2418 5589 2643 5644 quoquo
2678 5574 2731 5628 id
2766 5573 2972 5645 aliquis
3002 5573 3170 5630 modo
3201 5573 3391 5631 dicere
3421 5575 3589 5632 volet.

1633 5689 1866 5745 VARI/ﬂ
1915 5691 2324 5747 LECTIONES.

394 5785 439 5818 ³³
464 5781 504 5837 1³
509 5789 717 5835 ortassc
752 5777 1012 5842 φυσικῶς.
1093 5780 1137 5812 ⁸³
1164 5779 1481 5845 διέργουσαν
1505 5780 1626 5835 cod.
1655 5780 1796 5836 Gud.
