4038 6146
454 275 588 338 ιὲἓθ

1609 270 1670 326 S.
1714 261 1999 327 ΜΑΧῘΜΙ
2039 261 2550 328 CONFESSORIS

3591 275 3742 339 1220

449 393 564 445 Sub
595 393 811 446 actione
844 391 988 444 enim
1021 405 1140 459 qua:
1171 388 1312 442 facta
1347 394 1473 440 sunt
1498 384 1636 438 facta
1672 389 1823 442 sunt,
1848 377 2014 432 omnis

2141 377 2257 432 Ἐπ’
2280 382 2531 452 ἐνεργείᾳ
2551 381 2660 452 γὰρ
2689 382 2754 435 τὰ
2779 383 3047 453 γενόμενα
3072 385 3282 455 γέγονε,
3308 389 3466 441 πᾶσα
3489 387 3550 442 δὲ
3574 388 3746 459 ἐνέρ-

447 496 580 533 \cro
603 481 747 534 actio
770 479 836 532 ad
861 479 1024 533 finem
1049 479 1285 547 aliquem
1308 477 1569 546 pertinet,
1592 489 1661 527 ne
1687 472 1791 526 line
1815 481 2019 525 careat.

445 575 824 642 Quodcunque
853 573 1002 626 enim
1039 572 1370 625 naturalium
1406 570 1683 624 actionum
1715 567 1874 620 finem
1912 580 2021 618 non

447 665 632 726 habet,
657 664 708 716 id
739 679 839 717 nec
866 664 1173 733 perfectum
1206 672 1310 724 est,
1335 662 1459 717 finis
1481 671 1664 716 autem
1689 657 2019 712 naturalium

445 756 722 808 actionum
758 771 948 809 eorum
984 772 1104 825 qua:
1137 755 1274 809 facta
1310 764 1438 809 sunt
1468 754 1535 807 ad
1571 767 1791 807 causam
1828 749 2025 802 motio-

446 848 534 903 nis
566 859 648 902 est
681 857 873 903 status.
908 848 1402 915 Quemadmodum,
1431 857 1492 901 ut
1524 862 1590 900 ex
1623 861 1734 899 uno
1765 858 2024 912 quaecun—

445 955 552 1010 que
585 949 712 993 sunt
745 940 990 994 omnium
1031 941 1293 994 motionis
1332 939 1552 993 modum
1594 936 2019 1020 perspiciamus,

445 1030 647 1093 anima,
677 1045 802 1084 cum
838 1033 1228 1086 intellectualis
1259 1041 1315 1085 et
1343 1030 1628 1086 rationalis
1655 1027 1896 1082 essentia
1926 1026 2019 1089 sit,

444 1131 502 1177 et
535 1127 739 1193 cogitat
778 1132 832 1177 et
871 1124 1263 1189 ratiocinatur,
1304 1123 1565 1179 facultate
1605 1131 1765 1176 utens
1806 1128 2019 1181 mente,

444 1214 706 1277 motione,
733 1215 1086 1285 cogitatione,
1109 1216 1326 1269 actione
1353 1215 1591 1283 denique
1624 1211 1882 1282 cogitato.
1907 1209 2024 1264 Hoc

443 1306 591 1360 enim
625 1307 916 1376 cogitantis
948 1315 1004 1361 et
1029 1308 1150 1378 ejus
1182 1307 1329 1376 quod
1364 1307 1638 1376 cogitatur
1668 1301 2023 1374 cogitationis

445 1397 568 1452 fluis
609 1408 714 1463 est,
746 1409 809 1452 ut
846 1399 991 1469 quod
1037 1400 1446 1454 extremitatum
1488 1405 1736 1452 mutuam
1781 1396 1925 1451 inter
1961 1409 2020 1450 se

443 1491 769 1545 relationem
832 1492 1258 1546 circumscribit.
1309 1490 1563 1561 Cogitare
1625 1490 1774 1544 enim
1838 1487 2021 1541 anima

443 1580 646 1634 desinit
691 1581 824 1634 illud
880 1582 1177 1652 cogitatum
1227 1591 1515 1652 postquam
1561 1580 1840 1651 cogitavit.
1883 1579 2020 1634 Nam

442 1674 743 1744 cogitatum
794 1675 1015 1744 proprie
1070 1675 1269 1738 semel,
1314 1691 1493 1744 neque
1544 1676 1778 1738 iterum,
1823 1673 2020 1728 anima:

440 1761 756 1816 facultatem
788 1771 1070 1832 provocat,
1100 1773 1156 1818 et
1187 1780 1287 1834 per
1315 1765 1558 1833 singulas
1588 1781 1836 1835 quasque
1870 1767 2020 1836 cogi-

440 1853 676 1908 tationes
709 1855 789 1908 sic
824 1864 1025 1910 statum
1063 1855 1212 1926 capit
1240 1857 1636 1927 qualiscunque
1671 1856 2020 1926 cogitationis

440 1943 496 1998 in
553 1944 845 2014 cogitando
895 1961 964 2000 eo
1015 1946 1165 2015 quod
1225 1946 1521 2017 cogitatur.
1566 1947 1798 2012 Quando
1852 1948 2021 2018 igitur

439 2037 622 2090 omnia
655 2039 891 2108 cogitata
925 2040 1171 2092 omnium
1207 2055 1329 2108 qua:
1363 2039 1592 2110 cogitari
1627 2050 1858 2110 possunt
1889 2057 2016 2096 sen-

439 2126 683 2181 sibilium
735 2136 791 2181 et
839 2128 1224 2200 cogitabilium
1276 2131 1610 2200 cogitatione
1664 2131 2016 2196 transiverit,

437 2215 653 2272 desinet
701 2219 918 2285 anima,
970 2220 1050 2274 uti
1100 2221 1169 2275 ab
1217 2223 1477 2276 omnibus
1520 2237 1642 2291 quae
1683 2224 2016 2293 cogitantur,

438 2307 514 2362 ita
563 2309 729 2362 etiam
778 2326 806 2364 a
861 2322 974 2366 tota
1028 2313 1361 2382 cogitatione
1413 2324 1580 2383 atque
1633 2313 1898 2368 relatione
1949 2313 2019 2367 ad

436 2401 622 2454 omnia
671 2409 778 2456 tam
827 2404 1056 2459 relativa
1103 2421 1267 2474 quam
1313 2407 1661 2476 cogitabilia,
1701 2422 1805 2462 nec
1850 2407 2019 2462 habet

437 2492 713 2561 reliquum
759 2496 984 2549 omnino
1025 2498 1159 2566 quid
1200 2499 1434 2568 cogitet,
1467 2507 1590 2568 post
1627 2499 2017 2569 cogitationem

434 2596 626 2636 eorum
658 2600 779 2654 quae
806 2589 1133 2644 naturaliter
1157 2591 1390 2660 cogitari
1423 2600 1674 2662 possunt,
1704 2602 1828 2662 post
1852 2609 2018 2662 quam

435 2689 601 2743 supra
645 2687 886 2732 mentem
930 2688 988 2734 et
1028 2681 1298 2736 rationem
1347 2691 1405 2737 et
1443 2684 1810 2754 cognitionem
1851 2685 2019 2740 modo

433 2781 538 2820 nec
587 2767 922 2838 intelligibili
965 2787 1070 2825 nec
1105 2773 1453 2842 perceptibili
1499 2790 1603 2828 nec
1639 2775 1848 2830 eﬂ’abili
1891 2780 2049 2831 cum'

435 2855 550 2911 Deo
598 2859 852 2923 unietur,
900 2877 1012 2914 non
1067 2865 1316 2932 cogitans
1364 2865 1623 2929 omnino,
1674 2866 1785 2920 imo
1835 2883 2014 2936 neque

435 2948 797 3004 considerans
822 2951 994 3004 Deum
1027 2961 1122 3005 aut
1144 2955 1447 3010 aestimans.
1474 2956 1623 3010 Nihil
1651 2957 1798 3011 enim
1835 2966 2014 3013 exstat

433 3053 628 3092 eorum
653 3056 775 3108 quae
802 3042 1136 3110 cogitantur,
1155 3061 1266 3114 quo
1295 3062 1393 3114 per
1423 3048 1742 3102 relationem
1767 3049 2008 3118 aliquam

435 3131 617 3184 anima
671 3133 1062 3202 cogitationem
1097 3151 1251 3189 suam
1277 3135 1517 3207 dirigere
1542 3141 1738 3208 possit,
1779 3141 1875 3194 sed
1915 3156 2013 3210 per

433 3219 741 3288 simplicem
780 3223 1006 3292 (quippe
1038 3223 1230 3279 habitu
1274 3242 1340 3281 ac
1390 3228 1656 3284 relatione
1703 3229 2010 3301 vacantem)

434 3312 767 3376 tmitionem,
795 3329 919 3382 qua:
966 3315 1200 3385 cogitari
1229 3332 1339 3370 non
1371 3319 1540 3388 capit,
1565 3328 1623 3374 et
1672 3320 2012 3376 ineffabilem

432 3402 727 3471 quamdam
772 3413 829 3458 et
881 3404 1027 3460 haud
1081 3408 1460 3478 vestigabilem
1508 3411 1798 3476 rationem,
1847 3428 2012 3482 quam

432 3497 583 3550 solus
611 3497 766 3550 novit
793 3499 937 3554 Deus
966 3500 1060 3570 qui
1113 3501 1540 3558 inenarrabilem
1601 3505 1743 3561 hanc
1780 3507 2011 3578 gratiam

431 3589 612 3659 dignis
662 3582 919 3661 largitur,
942 3600 1000 3646 et
1055 3594 1150 3662 qui
1203 3609 1324 3648 eam
1375 3595 1674 3665 aliquando
1725 3599 2008 3668 accepturi

431 3689 582 3742 sunt,
629 3682 850 3750 quando
902 3685 1264 3740 conversione
1321 3695 1378 3741 et
1436 3688 1820 3744 immutatione
1859 3692 2010 3745 omni

431 3774 616 3828 omnia
657 3775 947 3841 vacabunt,
983 3788 1275 3848 postquam
1336 3796 1524 3836 rerum
1575 3799 1698 3852 quas
1738 3784 2013 3838 exsistunt

432 3867 696 3936 quaelibet
725 3868 871 3922 circa
902 3870 1205 3940 quidquam
1237 3873 1408 3928 motio
1437 3891 1666 3943 prorsus
1711 3877 2010 3938 terminum

433 3959 710 4014 invenerit
773 3961 1102 4019 infinitatem
1156 3967 1329 4020 Deum
1382 3968 1760 4033 comitantem,
1811 3969 2009 4039 inqua

430 4066 775 4122 quaecunque.
804 4063 1086 4109 metantur
1109 4064 1313 4112 statum
1332 4068 1580 4114 sumunt.
1598 4059 1729 4114 .lure
1759 4059 2006 4129 quidem,

431 4143 698 4210 arbitror,
734 4148 1113 4216 gravissimam
1139 4162 1382 4205 meretur
1403 4151 1889 4220 reprehensionem
1912 4151 2006 4221 qui

429 4238 920 4306 praeexsistentiam
946 4242 1251 4296 animarum
1277 4243 1489 4304 statuit,
1523 4243 1781 4312 gentilem
1813 4243 1868 4296 in
1892 4259 2009 4300 mo-

431 4329 562 4383 dum
586 4331 954 4386 eommiscens
979 4348 1103 4402 qua:
1129 4349 1160 4388 a
1201 4334 1587 4390 commistione
1617 4335 1924 4390 abhorrent
1950 4342 2008 4388 et

2040 3088 2085 3146 C

2127 489 2253 541 γεια
2299 475 2434 544 πρός
2468 492 2518 526 τι
2551 474 2703 537 τέλος
2733 476 2882 528 ἐστὶν
2909 515 2922 536 ,
2982 477 3069 529 ἵνα
3114 478 3187 548 μὴ
3218 479 3441 549 ἀτελής.
3507 481 3586 532 Τὸ
3617 482 3742 549 γὰρ

2125 566 2277 628 τέλος
2332 567 2406 636 μὴ
2448 565 2570 636 ἔχον
2615 567 2726 619 τῶν
2770 568 2910 621 κατὰ
2941 567 3101 636 φύσιν
3135 571 3430 640 ἐνεργειῶν
3480 571 3608 624 οὐδὲ
3641 572 3742 623 τέ-

2125 657 2270 710 λειόν
2294 657 2430 721 ἐστι,
2461 659 2614 722 τέλος
2642 659 2698 711 δὲ
2727 658 2835 712 τῶν
2867 661 3007 713 κατά
3036 660 3195 728 φύσιν
3221 663 3543 733 ἐνεργειῶν,
3567 667 3600 734 ἡ
3626 663 3740 731 τῆς

2127 750 2265 819 πρὸς
2306 750 2368 802 τὸ
2409 752 2584 804 αἴτιον
2635 751 2744 804 τῶν
2780 752 3164 822 γεγενημένων
3197 757 3471 823 κινήσεως
3503 757 3736 818 στάσις.

2127 837 2252 895 Οἷον
2285 842 2370 895 ἵνα
2402 843 2461 907 ἐξ
2487 844 2602 906 ἐνὸς
2633 843 2725 898 τὸν
2754 845 2846 897 ἐπὶ
2873 845 3090 897 πάντων
3118 844 3225 898 τῶν
3249 845 3420 898 ὄντων
3445 851 3738 917 κατανοή-

2129 950 2310 1002 σωμεν
2340 934 2438 1004 τῆς
2466 935 2739 1004 κινήσεως
2763 936 2986 1008 τρόπον,
3016 938 3049 1006 ή
3078 935 3244 1007 ψυχὴ,
3280 937 3439 989 οὐσία
3472 940 3639 1007 νοερά
3667 955 3733 990 τε

2128 1027 2223 1079 καὶ
2250 1009 2443 1097 λογικὴ
2475 1026 2832 1096 ὑπάρχουσα,
2883 1027 2978 1082 καὶ
3019 1031 3131 1082 νοεῖ
3161 1030 3253 1082 καὶ
3275 1029 3582 1097 λογίζεται,
3624 1033 3732 1084 δύ-

2128 1133 2292 1186 ναμιν
2325 1117 2522 1187 ἔχουσα
2551 1118 2642 1172 τὸν
2671 1117 2817 1185 νοῦν,
2855 1120 3073 1190 κίνησιν
3101 1122 3158 1174 δὲ
3187 1121 3286 1191 τὴν
3315 1124 3524 1192 νόησιν,
3562 1124 3734 1195 ἐνέρο

2127 1225 2280 1277 γειαν
2323 1210 2380 1263 δὲ
2431 1210 2491 1263 τὸ
2539 1211 2737 1282 νόημα.
2800 1214 2979 1284 Πέρας
3023 1215 3132 1284 γὰρ
3181 1214 3339 1268 τοῦτο
3388 1215 3488 1284 τῆς
3517 1233 3579 1269 τε
3623 1217 3729 1270 τοῦ

2127 1300 2377 1366 νοοῦντος
2411 1303 2504 1356 καὶ
2531 1303 2624 1357 τοῦ
2652 1307 2950 1375 νοουμένου
2980 1305 3222 1377 νοήσεως
3246 1309 3416 1370 ἐστιν,
3449 1309 3524 1372 ὡς
3559 1326 3729 1379 περι-

2126 1394 2404 1462 οριστικὺν
2436 1397 2534 1464 τῆς
2570 1395 2706 1466 πρὸς
2735 1396 2940 1466 ἄλληλα
2968 1396 3077 1450 τῶν
3104 1399 3289 1470 ἄκρων
3317 1399 3565 1468 ὑπάρχον
3597 1400 3730 1468 σχέ-

2129 1498 2287 1546 σεως.
2345 1484 2563 1539 Νοοῦσα
2593 1486 2702 1558 γὰρ
2735 1488 2768 1557 ἡ
2800 1488 2946 1558 ψυχὴ
2979 1487 3196 1542 ἵσταται
3238 1489 3333 1541 τοῦ
3363 1494 3503 1542 νοεῖν
3533 1493 3728 1546 ἐκεῖνο

2125 1575 2186 1629 τὸ
2231 1575 2423 1646 νοηθὲν
2477 1578 2616 1648 μετὰ
2660 1579 2758 1650 τὴν
2795 1580 2960 1634 αὑτοῦ
3003 1581 3207 1652 νόησιν.
3269 1583 3344 1635 Τὸ
3376 1583 3484 1651 γὰρ
3517 1583 3723 1651 νοηθὲν

2126 1669 2338 1738 κυρίως
2370 1668 2517 1735 ἅπαξ
2538 1712 2552 1736 ,
2611 1671 2712 1725 οὐκ
2741 1672 2821 1725 ἔτι
2867 1672 2968 1744 τὴν
3003 1673 3139 1744 πρὸς
3165 1673 3227 1726 τὸ
3253 1674 3512 1744 νοηθῆναι
3544 1677 3722 1728 πάλιι

2124 1762 2438 1816 ἐκκαλεῖται
2471 1764 2570 1834 τῆς
2597 1763 2777 1834 ψυχῆς
2802 1764 3056 1836 δύναμιν,
3095 1767 3186 1820 καὶ
3221 1767 3344 1820 καθ’
3363 1767 3598 1820 ἕκαστον
3629 1769 3724 1820 νό-

2122 1872 2240 1925 ημα
2282 1855 2427 1910 οὕτω
2459 1860 2648 1910 στάσιν
2677 1857 2894 1927 δέχεται
2929 1859 3028 1928 τῆς
3057 1863 3219 1923 ποιᾶς
3252 1860 3343 1913 ἐπὶ
3372 1859 3449 1929 τῷ
3477 1864 3720 1930 νοήματι

2122 1945 2221 1999 τοῦ
2273 1945 2556 2016 νοηθέντος
2604 1949 2863 2017 νοήσεως.
2900 1947 3096 2003 Ἦνίκα
3130 1945 3223 2002 οῦν
3271 1949 3451 2002 πάντα
3481 1950 3549 2002 τὰ
3583 1952 3720 2022 νοή-

2125 2056 2272 2107 ματα
2327 2038 2435 2091 τῶν
2477 2039 2784 2109 νοουμένων
2822 2039 3044 2092 πάντων
3081 2038 3356 2109 αἰσθητῶν
3384 2057 3444 2092 τε
3495 2043 3590 2092 καὶ
3621 2058 3715 2093 νο-

2118 2129 2267 2197 ητῶν
2299 2127 2444 2182 κατὰ
2469 2128 2566 2199 τὴν
2594 2129 2782 2200 νόησιν
2807 2130 3074 2204 παρέλθῃ,
3099 2131 3354 2194 παύεται,
3381 2131 3571 2201 ῶσπερ
3597 2133 3716 2186 τῶν

2120 2221 2428 2288 νοουμένων
2460 2223 2717 2276 ἁπάντων
2741 2262 2755 2287 ,
2793 2221 2938 2276 οὕτω
2969 2223 3065 2276 καὶ
3095 2223 3192 2292 τῆς
3224 2223 3352 2294 ὅλης
3379 2224 3624 2295 νοήσεὼς
3653 2241 3715 2278 τε

2119 2311 2214 2362 καὶ
2270 2311 2509 2379 σχέσεως
2579 2311 2720 2381 πρὸς
2772 2312 2840 2365 τὰ
2898 2312 3064 2380 σχετὰ
3115 2313 3295 2366 πάντα
3355 2316 3446 2366 καὶ
3499 2314 3708 2382 νοητὰ,

2118 2401 2218 2454 οὐκ
2248 2401 2448 2471 ἔχουσα
2479 2403 2668 2456 λοιπὸν
2692 2403 2744 2455 τί
2769 2402 2964 2472 νοῆσαι
2995 2403 3057 2456 τὸ
3089 2405 3384 2474 παράπαν,
3439 2406 3574 2475 μετὰ
3608 2406 3710 2477 τὴν

2117 2496 2225 2547 τῶν
2275 2495 2534 2566 νοηθῆναι
2581 2495 2828 2565 φυσικῶς
2870 2496 3185 2567 δυναμένων
3217 2500 3436 2569 νόησιν,
3495 2499 3617 2568 μεθ’
3642 2504 3710 2571 ἦν

2119 2587 2259 2658 ὑπὲρ
2296 2587 2422 2641 νοῦν
2473 2589 2568 2640 καὶ
2616 2587 2774 2655 λόγον
2822 2590 2918 2641 καὶ
2962 2589 3165 2656 γνῶσιν
3195 2591 3475 2659 ἀνοήτως,
3520 2592 3709 2659 ἀγνώ-

2120 2694 2259 2740 στως
2289 2695 2347 2730 τε
2381 2677 2475 2731 καὶ
2507 2679 2696 2750 (186
2717 2679 2768 2749 b)
2813 2681 3110 2750 ἀφράστως
3143 2682 3284 2736 κατὰ
3327 2682 3505 2753 ἁπλῆν
3537 2701 3711 2757 προσ-

2118 2768 2280 2840 θολὴν
2314 2770 2644 2842 ἐνωθὴσεται
2685 2773 2763 2843 τῷ
2793 2773 2914 2842 Θεῷ
2938 2814 2954 2838 ,
3014 2774 3075 2827 οὑ
3104 2774 3302 2828 νοοῦσα
3332 2778 3708 2842 παντάπασιν,

2115 2859 2238 2914 οὔτε
2275 2861 2380 2931 μὴν
2426 2862 2519 2915 τὸν
2561 2862 2694 2916 Θεὸν
2736 2863 3081 2935 λογιζομένη.
3119 2866 3194 2917 Οὐ
3225 2866 3337 2934 γάρ
3370 2866 3484 2920 ἐστί
3511 2885 3562 2921 τι
3593 2870 3710 2921 τῶν

2115 2954 2426 3023 νοουμένων
2444 2995 2458 3020 ,
2513 2955 2601 3008 ἵνα
2631 2956 2772 3010 κατὰ
2799 2973 2924 3010 τινα
2954 2957 3141 3026 σχέσιν
3176 2960 3208 3027 ἡ
3233 2958 3380 3028 ψυχὴ
3409 2959 3508 3031 τὴν
3536 2961 3708 3015 αὐτοῦ

2115 3044 2342 3117 δύνηται
2361 3047 2544 3111 νόησιν
2565 3046 2732 3117 ἔχειν,
2758 3046 2896 3101 ἀλλὰ
2917 3048 3061 3104 κατὰ
3088 3047 3187 3120 τὴν
3218 3049 3415 3120 ἁπλῆν,
3433 3051 3509 3114 ὡς
3539 3051 3710 3121 ἄσχε-

2121 3156 2242 3202 τον,
2290 3141 2382 3192 καὶ
2413 3140 2554 3210 ὑπὲρ
2585 3140 2771 3210 νόησιν
2800 3139 3034 3204 ἕνωσιν,
3084 3141 3176 3196 καί
3228 3157 3351 3195 τινα
3395 3141 3552 3211 λόγον
3607 3145 3710 3216 ἆῤ-

2123 3233 2287 3301 ρητόν
2328 3249 2389 3285 τε
2444 3233 2539 3285 καὶ
2581 3233 2988 3304 ἀνερμήνευτον
3013 3272 3029 3294 ,
3087 3232 3146 3285 ὃν
3191 3233 3351 3302 μόνος
3376 3229 3518 3288 οἶδεν
3550 3238 3578 3288 ό
3607 3236 3708 3306 τὴν

2104 3319 2327 3389 ’ἄφατον
2369 3321 2574 3392 ταύτην
2615 3323 2777 3393 χάριν
2821 3325 2938 3386 τοῖς
2968 3322 3140 3386 ἀξίοις
3176 3323 3519 3394 δωρούμενος
3548 3324 3705 3390 Θεὸς,

2120 3414 2216 3467 καὶ
2261 3415 2311 3466 οἱ
2363 3413 2567 3484 ταύτην
2600 3413 2828 3484 ὕστερον
2859 3414 3149 3467 πείσεσθαι
3180 3414 3470 3484 μέλλοντες
3493 3457 3505 3474 ,
3541 3417 3711 3485 ἡνίκα

2121 3503 2300 3558 πάντα
2339 3505 2549 3574 τροπῆς
2581 3504 2844 3574 ἐλεύθερα
2896 3506 2990 3558 καὶ
3035 3504 3374 3567 ἀλλοιώσεως
3408 3505 3564 3557 ἔσται
3596 3507 3709 3558 πά-

2122 3613 2221 3666 σης
2245 3637 2260 3659 ,
2315 3596 2416 3666 τῆς
2466 3596 2586 3650 καθ’
2610 3597 2789 3650 ὁτιοῦν
2843 3597 2971 3666 περί
3007 3615 3058 3650 τι
3102 3598 3372 3666 κινήσεως
3401 3596 3510 3648 τῶν
3535 3597 3710 3650 ὄντων

2121 3689 2401 3751 παντελῶς
2439 3691 2614 3759 πέρας
2647 3689 2919 3758 λαϐούσης
2964 3688 3063 3758 τὴν
3095 3688 3222 3758 περὶ
3251 3687 3386 3740 Θεὸν
3417 3689 3708 3759 ἀπειρίαν,

2119 3784 2176 3836 ὲν
2272 3781 2340 3836 τὰ
2371 3782 2666 3852 κινούμενα
2697 3783 2872 3836 πάντα
2901 3781 3116 3850 δέχεται
3147 3781 3360 3836 στάσιν.
3401 3783 3539 3853 Περὶ
3570 3782 3708 3836 Θεὸν

2118 3873 2266 3944 γὰρ,
2335 3873 2532 3927 ἀλλὀὐ
2579 3872 2755 3935 Θεὸς,
2816 3875 2850 3943 ἡ
2896 3872 3146 3941 ἀπειρία,
3191 3873 3470 3935 ὅστιςκαὶ
3496 3873 3705 3942 ταύτης

2119 3963 2469 4033 ἁσυγκρίτως
2503 3961 2843 4032 ὑπέρκειται.
2896 3963 3133 4025 Δικαίως
3161 3963 3313 4029 γοῦν,
3343 3960 3522 4034 οἶμαι,
3557 3967 3706 4036 μέμ-

2117 4055 2263 4120 ψεως
2307 4053 2456 4118 ἄξιος
2509 4053 2768 4124 πλείστης
2804 4054 2832 4106 ὁ
2871 4053 2968 4124 τὴν
2999 4053 3343 4124 προϋπαρξιν
3373 4055 3484 4108 τῶν
3509 4056 3702 4127 ψυχῶν

2118 4143 2464 4214 δογματίζων
2512 4144 2669 4206 ἐστὶ,
2731 4144 2826 4197 καὶ
2875 4145 2973 4214 τὴν
3019 4145 3277 4214 ἀκίνητον
3309 4145 3547 4199 καθόλου
3592 4149 3702 4201 τῶν

2119 4238 2352 4306 λογικῶν
2387 4236 2550 4291 ἐνάδα
2581 4236 2854 4298 θεσπίζων
2875 4276 2889 4298 ,
2939 4238 3126 4306 φύρων
3163 4237 3492 4308 Ἑλληνικῶς
3523 4241 3592 4293 τὰ
3628 4242 3702 4313 μὴ

2119 4331 2400 4400 φυρόμενα
2426 4370 2442 4394 ,
2505 4328 2600 4382 καὶ
2631 4327 2808 4393 λέγων
2843 4328 2959 4397 ἅμα
2994 4329 3136 4381 κατὰ
3165 4331 3264 4398 τὴν
3291 4329 3531 4399 ὓπαρξιν
3560 4328 3700 4386 εἶναι

431 4421 736 4475 secundum
762 4423 1128 4478 substantiam
1184 4433 1601 4496 contemporare
1633 4441 1757 4482 cum
1781 4441 2007 4497 genera-

2119 4424 2180 4490 τῇ
2213 4418 2425 4488 γενέσει
2454 4417 2563 4469 τῶν
2589 4417 2824 4485 λογικῶν
2851 4416 2952 4486 τὴν
2981 4419 3190 4472 στάσιν.
3223 4420 3296 4471 Οὐ
3325 4419 3433 4490 γὰρ
3464 4422 3700 4490 συμὸαίο

430 4513 580 4566 tione
613 4513 961 4568 rationalium
1003 4523 1202 4568 statum
1229 4531 1502 4571 asserens.
1527 4517 1715 4588 Neque
1743 4518 1891 4572 enim
1919 4535 2010 4589 ge-

429 4606 772 4661 nerationem
790 4618 916 4661 ante
945 4617 1170 4672 statum,
1202 4625 1324 4679 quae
1357 4611 1657 4666 immobilis
1686 4618 1884 4665 natura
1913 4613 2006 4675 sit,

428 4705 525 4748 aut
576 4703 780 4751 statum
835 4706 962 4766 post
1017 4699 1355 4753 immobilem
1421 4701 1860 4770 generationem,
1913 4709 2008 4756 aut

429 4786 669 4856 denique
700 4805 806 4842 una
829 4805 953 4843 cum
989 4791 1346 4860 generatione
1377 4801 1580 4846 statum
1635 4794 1879 4862 cogitare
1920 4809 2007 4846 ra-

431 4879 600 4934 tionis
629 4879 850 4934 veritati
883 4883 1166 4950 competit.
1215 4883 1335 4937 Non
1365 4885 1512 4937 enim
1555 4883 1785 4939 facultas
1836 4900 2007 4955 gene-

433 4969 662 5023 rationis
715 4981 800 5024 est
836 4979 1032 5036 status,
1077 4974 1215 5027 adeo
1259 4983 1319 5027 ut
1350 4989 1475 5028 cum
1511 4976 1867 5044 generatione
1908 4991 2004 5030 eo-

432 5074 552 5112 rum
584 5076 707 5130 qua:
747 5061 887 5116 facta
915 5073 1046 5117 sunt
1076 5081 1182 5118 una
1217 5066 1516 5135 cogitetur,
1543 5067 1636 5121 sed
1677 5067 2005 5122 facultativa:

430 5165 770 5222 eorumque
805 5153 946 5208 facta
992 5165 1120 5209 sunt
1149 5159 1533 5227 generationis
1583 5159 1820 5214 actionis
1879 5159 2006 5216 linis

429 5250 646 5307 exstat;
688 5259 753 5297 ac
785 5245 1131 5313 simpliciter,
1163 5257 1223 5302 ut
1271 5249 1463 5316 paucis
1491 5249 1796 5313 absolvam,
1836 5251 1881 5304 si
1911 5267 2008 5306 eo-

431 5347 552 5384 rum
574 5343 658 5388 cst
681 5343 858 5389 status
885 5353 1008 5405 quae
1036 5339 1103 5391 ad
1135 5341 1269 5408 quid
1297 5349 1446 5403 sunt,
1501 5357 1610 5396 non
1661 5342 1728 5395 ad
1771 5358 2006 5413 genera-

432 5421 660 5491 tionem,
693 5425 790 5480 sed
824 5426 892 5479 ad
951 5429 1249 5484 motionem
1307 5445 1428 5485 esse
1465 5431 1690 5493 dicitur,
1719 5433 1788 5486 ad
1842 5449 2006 5502 quam

430 5515 598 5568 etiam
664 5516 1037 5574 diﬂ‘erentiam
1081 5523 1246 5590 capit,
1287 5523 1419 5576 dum
1477 5523 1546 5577 ad
1592 5529 2006 5593 generationem

433 5603 656 5669 quidem
705 5607 931 5660 minime
987 5611 1248 5675 refertur,
1279 5613 1348 5666 ad
1388 5629 1554 5682 quam
1590 5614 1816 5669 differre
1856 5617 2005 5670 haud

435 5696 600 5762 capit.
636 5697 821 5748 Donec
850 5697 1016 5765 igitur
1039 5710 1242 5755 statum
1292 5705 1478 5770 audio,
1518 5707 1693 5759 solum
1737 5709 2004 5763 cessatio-

2113 4532 2195 4569 νει
2228 4513 2305 4576 τῷ
2338 4511 2528 4583 ἀληθεῖ
2557 4511 2702 4582 λόγῳ
2746 4509 2843 4580 τὴν
2873 4509 3089 4578 γένεσιν
3120 4514 3568 4582 προεπινοεῖσθαι
3603 4515 3699 4583 τῆς

2114 4608 2360 4666 στάσεως
2383 4645 2397 4667 ,
2457 4603 2715 4671 ἀκίνητον
2761 4601 2924 4671 φύσει
2978 4602 3099 4654 κατ’
3129 4603 3292 4655 αὑτὸν
3319 4603 3696 4674 ὑπάρχουσαν,

2111 4696 2236 4750 οὔτε
2273 4693 2716 4764 μετεπινοεῖσθαι
2748 4693 2938 4746 στάσιν
2965 4692 3228 4761 ἀκινήτου
3257 4695 3546 4759 γενέσεως,
3575 4693 3699 4746 οὔτε

2115 4790 2220 4860 μὴν
2249 4785 2680 4840 συνεπινοεῖσθαι
2706 4786 2770 4855 τῇ
2793 4783 3006 4852 γενέσει
3025 4783 3126 4855 τὴν
3150 4784 3363 4837 στάσιν.
3389 4785 3464 4837 Ού
3483 4787 3594 4854 γὰρ
3610 4786 3700 4838 δύ-

2111 4897 2274 4947 ναμις
2310 4878 2406 4946 τῆς
2438 4875 2708 4943 γενέσεως
2744 4876 2777 4944 ἡ
2817 4873 3008 4936 στάσις
3038 4875 3220 4938 ἐστὶν,
3271 4875 3362 4927 ἴνα
3410 4891 3699 4929 συνεπινο-

2110 4973 2216 5042 τιθῇ
2249 4973 2312 5042 τῇ
2341 4970 2553 5037 γενέσει
2583 4967 2692 5021 τῶν
2719 4967 3126 5035 γεγενημένων,
3159 4967 3296 5020 ἀλλὰ
3321 4969 3419 5040 τῆς
3445 4970 3587 5022 κατὰ
3608 4969 3700 5022 δύ-

2111 5080 2274 5132 ναμιν
2327 5061 2610 5130 ἐνεργείας
2671 5059 2768 5127 τῆς
2825 5060 2935 5110 τῶν
2991 5057 3380 5128 γεγενημένων
3427 5062 3701 5126 γενέσεως

2111 5156 2261 5218 τέλος
2294 5155 2532 5224 ὑπάρχει
2558 5147 2598 5214 .’
2634 5153 2728 5206 καὶ
2759 5149 2967 5215 ἁπλῶς,
3007 5151 3094 5203 ἵνα
3125 5150 3360 5204 συνελὼν
3392 5153 3555 5215 εἴπω,
3590 5153 3698 5206 τῶν

2113 5249 2246 5318 πρός
2279 5265 2330 5299 τι
2359 5247 2493 5300 οὖσα
2525 5247 2558 5316 ἡ
2591 5246 2800 5308 στάσις.
2836 5245 2897 5296 οὐ
2934 5242 3070 5312 πρὸς
3097 5242 3348 5310 γένεσιν,
3395 5245 3534 5297 ἀλλὰ
3564 5246 3700 5316 πρὶς

2110 5342 2326 5408 κίνησιν
2359 5338 2579 5405 λέγεται
2605 5377 2620 5399 ,
2679 5336 2813 5407 πρὸς
2843 5336 2908 5406 ἣν
2954 5336 3050 5387 καὶ
3079 5335 3488 5407 ὰντιδιαστολὴν
3517 5338 3698 5392 ἐπιδέ-

2110 5447 2264 5501 χεται
2289 5471 2304 5492 ,
2341 5427 2594 5498 οὐδαμῶς
2623 5427 2721 5498 τὴν
2749 5426 2886 5496 πρὸς
2918 5423 3134 5492 γένεσιν
3160 5427 3444 5496 ἀναφορὰν
3473 5428 3696 5496 ἔχουσα,

2112 5525 2250 5594 πρδς
2298 5525 2364 5592 ἢν
2412 5521 2700 5591 διαστολὴν
2746 5520 2848 5573 οὑκ
2897 5518 3225 5587 ἐπιδέχεται.
3267 5520 3415 5583 Ἕως
3444 5520 3488 5572 δ’
3510 5521 3577 5573 ἂν
3605 5517 3699 5574 οῦν

2113 5620 2299 5671 στάσιν
2349 5615 2553 5674 dno-3m,
2613 5615 2810 5686 (187
2840 5614 2896 5682 a)
2951 5612 3166 5666 παῦλαν
3214 5611 3377 5681 μόνον
3437 5613 3694 5681 μανθάνω

2111 5710 2394 5779 κινήσεως.
2523 5707 2576 5760 δέ
2608 5705 2715 5758 τῶν
2744 5707 2858 5778 ἅμα
2888 5705 3031 5758 κατὰ
3059 5705 3158 5774 τὴν
3189 5697 3420 5774 ὕπαρξιν
3449 5705 3549 5758 οὐκ
3578 5705 3694 5758 ἔστι
