4038 6146
297 306 427 374 ῖέἓὶ
522 320 525 323 ’

1539 294 2057 360 AMBIGUOBUM
2095 293 2344 354 LIBER.

3414 292 3552 358 1222

288 414 506 497 γένεσις
556 418 648 473 xa‘t
697 415 919 477 στάσις,
957 412 1064 485 ἄρα
1097 407 1527 480 παραχαράττει,
1561 406 1747 477 σαφῶς
1779 404 1872 459 τὸν

1993 418 2101 458 rem
2131 401 2392 458 motionis
2421 399 2687 471 intelligo.
2710 398 2767 455 Si
2789 412 2921 454 vero
2952 399 3259 455 secundum
3283 402 3555 460 exsisten-

296 493 394 587 τῆς
423 496 681 584 ἁλὴθείας
710 509 869 577 λόγον
901 506 929 558 ὁ
957 504 1120 558 τοῦτο
1145 500 1422 564 θεσπίζων
1440 540 1454 564 ,
1501 500 1596 553 καὶ
1623 500 1723 567 τὴν
1748 498 1872 552 ἀκί-

1993 496 2109 551 iam
2134 493 2426 569 generatio
2460 501 2517 548 et
2551 500 2727 551 status
2774 506 2887 546 non
2936 498 3384 562 contemporant,
3438 511 3556 552 ma-

299 624 456 679 νητον
514 604 629 674 ἅμα
674 604 739 673 τῇ
790 603 1004 668 γενέσει
1053 594 1514 666 προϋπάρχουσαν
1556 592 1718 645 ἐνάδα
1763 589 1873 643 τῶν

299 698 535 769 λογικῶν
562 690 927 765 ὣγματὲζων.
990 691 1049 742 Εἰ
1074 688 1131 741 δέ
1162 704 1244 749 τις
1273 685 1451 753 λέγει,
1490 683 1748 748 Καὶνπῶς
1781 682 1873 735 ἐπὶ

300 791 434 844 Θεοῦ
484 788 702 856 λέγεται
747 783 968 851 στάσις,
1029 781 1102 851 μὴ
1142 779 1341 847 ἔχουσα
1372 773 1876 846 προεπινοουμένην

303 885 550 954 κίνησινς
612 877 754 954 φημὶ
785 874 1001 945 πρῶτον
1034 873 1151 943 μὲν,
1187 869 1263 923 Οὐ
1290 867 1485 922 ταύτὸν
1515 865 1755 934 Κτίστης
1781 864 1877 917 καὶ

301 990 500 1037 κτισις,
535 971 756 1037 ἵν”ὂπερ
784 966 865 1019 ἑνὶ
898 962 1120 1016 δυνατὸν
1151 960 1455 1030 προσεῖναι,
1489 956 1609 1011 κατ’
1630 956 1878 1025 ἀνάγκην

300 1063 378 1134 τῷ
422 1063 596 1131 ἑτέρῳ
642 1056 904 1118 ὡσαύτως
951 1051 1390 1122 ὲπιθεωρηθῆναι
1436 1049 1700 1118 δύνηται,
1754 1046 1880 1103 ἐπεὶ

301 1157 508 1222 οὖτωγε
562 1148 816 1220 οὐδαμῶς
863 1147 928 1199 τὸ
978 1145 1122 1198 κατὰ
1166 1143 1331 1214 φύσιν
1372 1142 1630 1212 διάφορον
1672 1138 1879 1193 τούτων

303 1250 452 1300 ἔσται
479 1242 787 1312 καταφανές
806 1262 818 1269 ·
857 1238 1046 1292 ἔπειτα
1076 1235 1281 1306 κυρίως
1308 1235 1503 1295 εἰπεῖν,
1534 1233 1562 1283 ό
1587 1230 1722 1293 Θεὸς
1754 1228 1878 1282 οὔτε

302 1339 533 1390 κινεῖται
560 1330 840 1392 παντελῶς
871 1328 995 1382 οὕτε
1027 1328 1244 1379 ἵσταται
1270 1322 1448 1395 (τοῦτο
1471 1321 1581 1393 γὰρ
1608 1319 1718 1374 τῶν
1737 1319 1880 1373 κατά

304 1431 465 1497 φύσιν
513 1421 951 1495 πεπερασμένων
1005 1419 1101 1472 καὶ
1144 1417 1321 1487 ἀρχὴν
1352 1413 1446 1468 τοῦ
1478 1409 1619 1467 εῖναι
1649 1413 1880 1482 ἐχόντων

305 1520 451 1573 ἐστὶν
479 1516 656 1584 ἴδιον),
689 1512 812 1567 οὒτε
847 1512 952 1581 μήν
982 1527 1036 1561 τι
1065 1510 1208 1561 ποιεῖ
1238 1506 1609 1567 παντάπασιν,
1636 1501 1759 1555 οὔτε
1780 1501 1882 1554 πά-

307 1630 425 1680 σχει
468 1608 577 1661 τῶν
613 1609 712 1660 ὅσα
742 1606 827 1658 ἐπ’
851 1600 1019 1656 αὐτοῦ
1048 1600 1116 1653 δι’
1135 1600 1286 1669 ἡμᾶς
1322 1597 1415 1651 καὶ
1437 1597 1638 1649 νοεῖται
1670 1593 1764 1648 καὶ
1789 1591 1882 1645 λέ-

1974 589 2177 645 ηἰῖοειο
2216 586 2470 643 veritatis
2529 586 2801 641 rationem
2861 582 3139 639 adulterat
3196 584 3247 641 is
3297 588 3393 657 qui
3446 588 3557 645 hoe

1976 678 2238 750 praedicat
2305 685 2470 746 atque
2526 675 2798 732 unitatem
2854 676 3198 732 immobilem
3259 693 3369 732 una
3428 694 3558 734 eum

1976 769 2333 841 generatione
2371 774 2500 823 ante
2521 768 2812 824 rationalia
2841 770 3224 839 pratexsistere
3253 770 3465 826 statuit.
3490 772 3562 826 At

1977 862 2022 917 si
2074 862 2196 932 quis
2236 861 2422 916 dicat:
2452 860 2521 915 Et
2557 860 2837 930 quomodo
2866 860 2980 919 Deo
3002 861 3327 916 attribuitur
3357 869 3559 927 status,

1978 968 2107 1009 cum
2131 953 2432 1008 motionem
2458 959 2584 1007 ante
2613 966 2672 1007 se
2700 952 2878 1022 ipsum
2900 953 3128 1024 cogitari
3156 968 3270 1007 non
3292 953 3564 1009 admittit?

1978 1045 2224 1103 Primum
2249 1043 2475 1114 quidem
2521 1044 2870 1114 respondeo:
2922 1044 3041 1100 Non
3092 1044 3240 1101 idem
3294 1046 3561 1101 Conditor

1979 1145 2064 1191 est
2083 1144 2249 1206 atque
2271 1135 2540 1201 conditio,
2560 1144 2624 1190 ut
2663 1136 2813 1205 quod
2870 1137 2967 1193 uni
3008 1138 3190 1193 inesse
3228 1146 3432 1208 potest,
3464 1153 3563 1193 ne-

1980 1229 2219 1284 cessario
2272 1230 2444 1284 etiam
2496 1228 2556 1282 in
2607 1229 2784 1285 altero
2855 1244 2965 1284 una
3017 1230 3300 1285 observari
3349 1239 3560 1300 queat,

1981 1319 2203 1390 quando
2251 1319 2329 1374 ita
2386 1319 2616 1389 quidem
2669 1322 2944 1376 naturalis
2990 1322 3192 1378 horum
3247 1322 3564 1378 din‘erentia

1980 1411 2304 1467 nnllomodo
2358 1412 2654 1467 manifesta
2711 1413 2873 1467 erit:
2930 1413 3157 1479 deinde,
3220 1422 3284 1469 ut
3340 1415 3565 1485 proprie

1982 1504 2184 1570 dicam,
2235 1505 2382 1559 Deus
2423 1518 2604 1574 neque
2643 1512 2899 1558 movetur
2954 1504 3181 1559 omnino
3224 1520 3406 1575 neque
3459 1516 3568 1562 stat

1985 1597 2116 1669 (hoc
2152 1596 2303 1651 enim
2357 1610 2550 1652 eorum
2600 1605 2687 1652 est
2732 1596 3017 1666 peculiare
3058 1612 3183 1667 quae
3236 1598 3567 1653 naturaliter

305 1717 485 1771 γεται,
513 1696 603 1751 διὰ
622 1696 689 1748 τὸ
708 1693 851 1748 κατὰ
872 1690 1035 1760 φύσιν
1058 1690 1198 1759 ὑπὲρ
1225 1690 1404 1750 πᾶσαν
1424 1681 1565 1740 εἶναι
1591 1683 1805 1757 κίνησίν
1822 1698 1881 1734 τε

1993 1689 2280 1743 terminata
2308 1696 2437 1744 sunt
2456 1696 2623 1758 atque
2670 1688 2895 1743 initium
2933 1689 3275 1745 exsistentiat
3311 1689 3564 1762 habent),

307 1791 403 1844 ml
425 1788 638 1850 στάσιν,
662 1785 758 1837 καὶ
782 1783 971 1854 μηδενὶ
992 1780 1136 1850 λόγῳ
1154 1781 1266 1841 τοῖς
1288 1777 1410 1831 καθ’
1425 1776 1572 1848 ἡμᾶς
1584 1775 1631 1807 ¹⁵
1649 1771 1885 1826 ὑποὸἀλ-

1993 1793 2166 1849 neque
2204 1778 2506 1857 quidquam
2534 1779 2762 1833 omnino
2787 1778 2920 1834 facit
2943 1788 3040 1834 aut
3063 1780 3276 1849 patitur
3301 1796 3567 1851 quaecun-

305 1878 494 1932 λεσθαι
524 1875 766 1945 τρόποις.
804 1870 988 1925 Ταῦτα
1022 1866 1443 1939 παρεκϐατικῶς
1479 1862 1721 1934 εἰρήσθω
1752 1860 1881 1932 περὶ

1993 1888 2093 1943 que
2118 1888 2217 1944 per
2234 1889 2343 1929 nos.
2361 1875 2675 1945 cogitantur
2702 1873 2771 1928 de
2785 1889 2854 1929 eo
2886 1881 2946 1928 et
2964 1872 3246 1940 dicuntur,
3276 1884 3570 1945 propterea

307 1968 401 2022 τοῦ
459 1966 627 2038 μηδὲν
675 1965 870 2036 χρῆναι
914 1961 1093 2030 λέγειν
1152 1960 1263 2013 τῶν
1310 1957 1478 2011 ὄντων
1531 1954 1674 2010 κατά
1719 1952 1881 2021 φύσιν

1993 1966 2142 2038 quod
2182 1966 2511 2022 naturaliter
2572 1981 2793 2021 omnem
2827 1975 2885 2021 et
2925 1966 3228 2022 motionem
3275 1975 3332 2022 et
3364 1976 3570 2027 statum

307 2057 726 2129 ἀπολελυμένως
778 2056 1022 2126 ἐνεργεῖν
1046 2093 1061 2118 ,
1122 2052 1209 2106 ἵνα
1267 2050 1343 2123 μὴ
1392 2048 1632 2103 ἀναίτιόν
1673 2063 1727 2099 τι
1773 2043 1884 2097 τῶν

312 2153 454 2224 μετὰ
479 2150 611 2204 Θεὸν
640 2148 895 2219 ἀφρόνως
920 2144 1264 2215 εἰσάγωμεν,
1321 2139 1664 2212 ἐνεργεῖσθαι
1691 2137 1750 2193 δὲ
1778 2154 1882 2206 φυ-

312 2244 479 2306 σικῶς
512 2241 575 2294 τὸ
599 2240 846 2311 ἐνεργεῖν
880 2236 1028 2291 τοῦθ’
1048 2237 1188 2307 ὅπερ
1216 2232 1610 2304 ὲνεργούμενον
1639 2229 1885 2299 πέφυκεν

310 2334 577 2405 ἐνεργεῖν.

1988 2066 2237 2130 superat,
2265 2074 2447 2128 neque
2472 2057 2583 2113 ulla
2634 2058 2852 2113 ratione
2882 2066 3089 2113 nostra
3133 2066 3346 2114 natura:
3388 2060 3570 2115 modis

1989 2150 2258 2221 subiacet.
2292 2150 2420 2206 Haec
2457 2166 2556 2221 per
2587 2149 2991 2219 digressionem
3039 2150 3187 2205 dicta
3235 2151 3348 2206 sint
3393 2151 3463 2206 de
3500 2167 3570 2207 eo

1987 2240 2133 2311 quod
2158 2241 2295 2295 nihil
2323 2241 2378 2295 in
2403 2242 2569 2296 rebus
2595 2241 2922 2296 naturaliter
2974 2240 3227 2298 absolute
3258 2257 3421 2312 agere
3469 2243 3568 2299 de-

1987 2328 2461 2400 beamus'dicere,
2500 2347 2573 2387 ne
2601 2331 2736 2402 quid
2767 2346 2932 2386 causa
2979 2346 3183 2386 vacans
3214 2346 3410 2386 eorum
3446 2346 3571 2401 qua)

1989 2429 2115 2491 post
2143 2423 2316 2480 Deum
2350 2430 2483 2478 sunt
2534 2421 2720 2492 inepte
2753 2415 3104 2486 inducamus,
3137 2422 3235 2477 sed
3290 2423 3376 2493 agi
3410 2431 3574 2478 natii-

1991 2515 2182 2575 nliter
2199 2530 2321 2579 esse
2346 2529 2510 2586 agere
2545 2514 2605 2570 id
2622 2513 2771 2584 quod
2799 2520 2988 2568 actum
3015 2527 3177 2584 agere
3190 2513 3392 2569 valeat.

321 2702 430 2758 Τοῦ
472 2700 658 2757 αὑτοῦ
686 2701 873 2769 λόγου
919 2701 1006 2766 εἰς
1037 2698 1140 2762 τὸ,
1191 2716 1210 2749 ι
1236 2697 1397 2766 Ἀλλ’
1453 2697 1505 2750 ει
1550 2694 1887 2765 ἀσώματον,

1994 2695 2250 2766 Ejusdem
2266 2696 2524 2751 sermonis
2545 2696 2600 2750 in
2619 2693 2757 2749 illud
2774 2711 2823 2749 ει
2843 2693 2947 2750 Sed
2966 2694 3013 2748 si
3034 2695 3424 2765 incorporeum,
3441 2710 3574 2751 non-

386 2792 549 2846 οὕπω
599 2789 716 2859 μὲν
780 2789 923 2843 οὐδὲ
983 2789 1162 2851 τοῦτο
1234 2786 1345 2855 τῆς
1408 2787 1629 2852 οὐσίας
1706 2800 1891 2855 παραυ

383 2882 706 2947 στατικὸν,
758 2880 960 2947 ὥσπερ
1018 2878 1187 2934 οὐὸὲη
1223 2879 1286 2935 τὸ
1354 2875 1720 2946 ἀγέννητον,
1790 2875 1887 2930 καὶ

384 2976 451 3028 τὸ
477 2973 768 3042 ἄναρχον,
815 2972 914 3026 καὶ
936 2970 1020 3024 τὸ
1054 2970 1481 3029 ἀναλλοίωτον.
1518 2967 1618 3021 καὶ
1667 2965 1889 3035 ἀφθαρ-

387 3081 514 3129 τον,
566 3062 665 3117 καὶ
712 3061 829 3115 ὅσα
885 3061 1020 3129 περὶ
1072 3059 1220 3115 Θεοῦ
1265 3059 1305 3129 ἢ
1351 3057 1488 3127 περὶ
1531 3055 1679 3111 Θεὸν
1734 3054 1889 3111 εἶναι

384 3155 640 3224 λέγεται.
679 3170 698 3204 ι
754 3193 765 3204 ,

388 3266 531 3338 Πρὸς
572 3265 700 3326 τοὺς
740 3262 994 3333 ἀνόμοιον
1029 3261 1264 3331 μάλιστα
1305 3258 1385 3330 τῷ
1416 3259 1592 3327 limi
1628 3258 1720 3312 τὸν
1765 3258 1895 3311 Υἰδν

318 3360 646 3429 κακούργως
668 3356 1007 3423 εἰσάγοντας,
1035 3353 1123 3407 διὰ
1151 3352 1247 3406 τοῦ
1273 3351 1515 3420 νομίζειν
1536 3351 1725 3404 οὐσίαν
1754 3348 1897 3403 εἶναι

320 3449 419 3504 τοῦ
469 3448 678 3522 Πατρός
731 3446 794 3500 τὸ
843 3446 1156 3515 ἀγέννητον,
1212 3444 1287 3506 ὼς
1345 3440 1496 3514 οἶμαι
1518 3483 1533 3509 ,
1594 3443 1686 3496 τὸν
1740 3443 1897 3512 λόγον

324 3545 668 3613 ποιούμενος,
722 3539 818 3595 κὰὶ
867 3540 933 3594 ὲκ
983 3537 1092 3594 τῶν
1140 3537 1340 3608 ὁμοίων
1398 3536 1460 3593 τὸ
1525 3536 1643 3591 δέον
1698 3535 1898 3598 αὐτοὺς

328 3638 618 3705 ὶπιγνῶναι
655 3634 938 3697 διδάσκων,
977 3631 1152 3685 ταῦτά
1189 3633 1410 3703 φησινό
1452 3629 1791 3694 διδάσκαλος,
1831 3628 1896 3683 ῖν’

327 3722 556 3797 ὑπὸτῆς
581 3725 839 3796 ἀληθείας
860 3723 999 3796 πρὸς
1021 3722 1123 3788 τὴν
1146 3722 1427 3775 εὐσέϐειαν
1436 3721 1897 3791 ,συνελαυνόμενοι

328 3819 592 3882 εὐπειθῶς
640 3819 738 3871 σὺν
774 3819 912 3887 ἡμῖν
942 3815 1005 3869 τὸ
1054 3816 1129 3887 μὴ
1178 3814 1323 3884 ἔχειν
1360 3814 1575 3882 γένεσιν
1622 3812 1808 3882 (187
1843 3810 1896 3882 lt)

326 3912 420 3965 τὸν
439 3910 655 3981 Πατέρα
678 3910 838 3979 μόνον
863 3904 1059 3977 δηλοῦν
1083 3906 1144 3959 τὸ
1169 3906 1468 3976 ἀγέννητον
1496 3905 1901 3976 ὁμολογήσωσι,

326 4002 629 4059 συνειδότες
651 4000 727 4064 ὡς
768 3998 928 4069 εῐπερ
957 3997 1147 4053 οὐσίαν
1177 3996 1311 4051 Θεοῦ
1337 3997 1399 4050 τὸ
1423 3996 1718 4067 ἀγέννητον
1757 3992 1899 4049 εἶναι

328 4094 546 4156 πάντως
591 4092 887 4162 βιάσαιντο,
933 4090 1122 4144 οὐσίαν
1153 4087 1290 4141 Θεοῦ
1318 4088 1410 4141 καί⁹
1439 4088 1503 4143 τὸ
1525 4087 1814 4158 ἀσώματον
1840 4087 1902 4152 ιξ

325 4186 599 4254 ἀκάγκης,
638 4181 816 4251 natali
860 4182 1115 4252 ἄναρχον,
1151 4180 1247 4234 καὶ
1283 4180 1351 4234 τὸ
1387 4168 1674 4242 ἀθάνατον,
1715 4179 1809 4232 καὶ
1839 4178 1901 4232 τὸ

328 4277 701 4341 ἀναλλοίωτον,
760 4274 855 4328 καὶ
901 4273 963 4327 τὸ
1012 4272 1319 4343 ἄφθαρτον,
1368 4271 1465 4326 καὶ
1522 4272 1624 4325 ὅσα
1665 4270 1754 4325 διὰ
1802 4271 1902 4342 τῆς

329 4369 665 4441 περητικῆς
705 4366 1037 4438 ἀναιρέσεως
1081 4365 1169 4419 διά
1219 4365 1318 4437 τὴν
1353 4364 1629 4436 ὑπεροχὴν
1676 4366 1704 4419 ὁ
1769 4364 1900 4429 Θεὸς

1917 3109 1961 3168 C

2066 2785 2197 2844 dum
2220 2794 2397 2843 tamtam
2424 2786 2523 2839 (me
2544 2784 2784 2839 essentia:
2829 2785 3220 2854 patrocinatur,
3271 2798 3378 2839 non
3403 2785 3574 2855 magis

2065 2892 2229 2946 quem
2253 2875 2393 2945 quod
2417 2876 2736 2945 ingenitum,
2776 2882 2833 2928 et.
2864 2876 2983 2929 sine
3014 2875 3191 2942 initio,
3220 2882 3273 2928 et
3315 2876 3572 2931 immuta-

2066 2968 2189 3032 bile,
2217 2969 2399 3025 etaim
2444 2969 2685 3032 interitu,
2728 2975 2780 3020 et
2815 2981 3142 3039 quiscunque
3201 2968 3266 3020 de
3321 2967 3436 3023 Deo
3478 2978 3571 3024 aut

2064 3062 2205 3117 circa
2224 3060 2394 3117 Deum
2413 3076 2524 3115 esse
2551 3062 2820 3116 dicumr.
2842 3080 2861 3113 ι

2066 3280 2155 3336 Λᾶ
2189 3296 2286 3336 eos
2337 3282 2394 3335 in
2424 3282 2623 3351 primis
2667 3282 2763 3352 qui
2794 3283 2996 3337 Filium
3048 3285 3197 3340 Patri
3247 3286 3572 3346 dissimilem

1996 3371 2206 3429 nefarie
2233 3373 2616 3438 introducunt,
2669 3390 2736 3429 eo
2773 3375 2946 3445 quod,
2977 3386 3039 3431 ut
3088 3378 3351 3444 arbitror,
3393 3380 3575 3439 Patris

1994 3458 2287 3520 essentiam
2317 3463 2374 3518 in
2403 3479 2470 3519 eo
2500 3465 2776 3520 collocant
2829 3466 2978 3536 quod
3008 3467 3295 3540 ingenitus
3337 3471 3430 3537 sit,
3451 3487 3573 3528 ser-

1997 3571 2216 3610 monem
2252 3555 2519 3625 dirigens,
2567 3563 2625 3610 et
2671 3572 2739 3611 ex
2768 3555 3045 3613 similibus
3092 3558 3225 3629 quid
3274 3577 3573 3632 agnoscere

1999 3648 2238 3703 debeant
2260 3646 2563 3712 instruens,
2588 3647 2707 3701 haec
2754 3647 2891 3703 dicit
2922 3650 3204 3721 magister,
3250 3663 3312 3709 ut
3338 3654 3573 3712 veritate

1999 3739 2065 3793 ad
2095 3739 2357 3808 pietatem
2408 3738 2587 3793 coacti
2649 3736 2888 3795 libenter
2944 3755 3068 3795 cum
3124 3742 3288 3799 nobis
3328 3759 3396 3800 eo
3424 3743 3574 3816 quod

1998 3832 2163 3886 Pater
2187 3827 2541 3905 generatione
2561 3838 2715 3885 caret
2773 3831 2911 3886 nihil
2941 3832 3049 3887 nisi
3093 3835 3240 3904 quod
3294 3836 3577 3909 ingenitus

2001 3922 2073 3976 sit
2092 3919 2314 3991 probari
2355 3916 2682 3983 concedant,
2708 3933 2983 3974 memores
3010 3921 3180 3990 quod,
3208 3922 3252 3977 si
3281 3924 3577 3979 essentiam

1999 4010 2099 4066 Dei
2147 4010 2307 4080 plane
2357 4008 2463 4062 hoc
2505 4023 2627 4063 esse
2648 4008 3055 4065 contenderent
3101 4013 3251 4083 quod
3291 4014 3575 4085 ingenitus

2000 4109 2106 4166 est,
2148 4101 2317 4158 etiam
2371 4100 2879 4170 incorporalitatem
2943 4102 3101 4174 ejus,
3161 4111 3219 4159 et
3265 4105 3414 4175 quod
3456 4108 3576 4164 sine

2002 4192 2182 4260 init-io,
2208 4201 2265 4248 et
2289 4192 2619 4247 immortalis
2642 4199 2746 4260 est,
2774 4201 2831 4247 et
2857 4193 3239 4262 immutabilis,
3272 4204 3328 4252 et
3347 4197 3579 4255 interitu

2001 4291 2172 4349 caret,
2225 4291 2282 4339 et
2336 4297 2680 4353 quaecunque
2733 4283 3003 4353 privative
3076 4294 3303 4358 propter
3348 4302 3583 4360 exsupe-

2006 4378 2245 4433 rantiam
2275 4377 2424 4431 Deus
2451 4392 2577 4431 esse
2613 4374 2823 4431 dicitur
2854 4376 3026 4449 (certe
3062 4377 3107 4432 si
3134 4378 3239 4435 sibi
3266 4389 3584 4440 constantes

328 4456 466 4513 εἷναι
519 4457 754 4525 λέγεται,
803 4456 982 4525 λέγειν
1027 4456 1270 4519 εἰκότως,
1321 4456 1530 4520 ἑαυτοῖς
1580 4454 1711 4523 γοῦν
1760 4471 1892 4509 στοι-

2010 4467 2442 4536 essevoluerint)
2494 4466 2811 4521 necessario
2869 4467 3061 4537 utique
3088 4477 3333 4524 statuere
3378 4485 3582 4544 cogen-

328 4553 569 4622 χοῦντες,
613 4549 1087 4620 ὲκῦιασθήσονται,
1133 4548 1229 4602 καὶ
1278 4547 1420 4602 οὕτω
1467 4547 1668 4611 πολλὰς
1711 4547 1900 4611 οὐσίας

327 4641 484 4706 θεοῦ,
519 4643 614 4695 καὶ
634 4641 701 4694 οὔ
723 4641 868 4712 μίαν,
903 4640 1104 4712 μᾶλλον
1128 4639 1208 4705 δὲ,
1241 4640 1572 4711 κυριώτερον
1609 4640 1785 4693 εῖπεῖν
1810 4638 1905 4691 καλ⁵

329 4733 709 4803 ἀληθέστερον,
738 4729 1038 4788 ’πολυθεῖαν
1072 4731 1390 4805 Ἑλληνικὴν
1427 4715 1709 4795 νοσοῦντες
1753 4731 1907 4797 ελεγ-ξ

329 4824 643 4898 χθήσονται,
677 4826 814 4895 ὅπερ
863 4826 937 4888 ὡς
967 4824 1160 4887 ἀσεϐὲς
1200 4826 1374 4878 εἰπεῖν
1402 4825 1780 4896 αἰσχυνόμενοι
1806 4824 1907 4895 τῆς

330 4918 588 4980 ἀπονοίας
628 4916 843 4979 πάντως
887 4917 1175 4983 ἀφέξονται
1210 4915 1304 4970 καὶ
1335 4916 1412 4986 μὴ
1460 4916 1796 4986 βουλόμενοι.
1825 4916 1906 4970 Τὰ

331 5009 441 5078 γὰρ
485 5007 783 5075 στερητικά
823 5007 856 5077 ἢ
909 5007 1227 5078 ἀναιρετικά
1274 5007 1401 5077 περί
1448 5023 1499 5059 τι
1555 5007 1907 5078 θεωρούμενα

330 5100 429 5150 οὐκ
455 5097 585 5150 αὐτὸ
609 5100 782 5150 ἐκεῖνο
813 5100 1066 5167 τυγχάνει
1103 5098 1232 5151 ὄντα
1254 5098 1312 5149 τ’)
1340 5098 1469 5166 περὶ
1493 5098 1522 5150 ὃ
1548 5099 1904 5169 θεωροῦνται,

332 5191 454 5242 ἐπεὶ
487 5180 706 5250 πάντως
749 5191 960 5239 ἔσονται
996 5188 1105 5240 τῶν
1137 5189 1509 5258 σημαινόντων
1546 5190 1606 5242 τὸ
1645 5191 1699 5243 τί
1734 5194 1903 5254 ἐστιν⁴

331 5281 406 5341 ὡς
438 5281 615 5332 ἐκεῖνο
660 5277 790 5330 αὒτὸ
836 5272 1006 5345 ὄντα,
1030 5279 1144 5333 ἀλλ’
1185 5280 1245 5331 οὐ
1283 5279 1343 5331 τὸ
1369 5280 1421 5331 τί
1464 5281 1562 5334 οὐκ
1598 5281 1747 5336 ἔστιν
1771 5283 1906 5336 αὐτὸ

331 5368 506 5418 ἐκεῖνο
550 5364 908 5435 σημαίνοντα·
970 5368 1025 5419 -εί
1063 5367 1118 5419 δὲ
1157 5365 1334 5431 τοῦτο,
1383 5369 1509 5436 ὅρος
1554 5370 1762 5427 ἐκείνου
1809 5373 1903 5427 τοῦ

2006 4567 2120 4623 tur,
2179 4558 2429 4628 adeoque
2457 4573 2571 4612 non
2605 4573 2772 4613 unam
2806 4566 3070 4624 statuere,
3106 4560 3203 4615 sed
3256 4563 3459 4618 multas
3484 4564 3584 4622 Dei

2007 4649 2300 4715 esSentias,
2328 4649 2459 4713 imo,
2519 4657 2579 4702 ut
2600 4649 2777 4720 magis
2799 4651 3024 4720 proprie
3056 4666 3121 4705 ac
3168 4653 3353 4709 verius
3376 4653 3579 4723 dicam,
3641 4657 3650 4733 ς

2007 4740 2157 4810 quod
2209 4740 2432 4810 gentilis
2456 4740 2754 4795 multorum
2802 4742 3034 4796 deorum
3066 4742 3351 4813 religionis
3387 4749 3583 4804 morbo
3647 4782 3659 4817 ι

1990 4830 2263 4885 laborent
2289 4830 2372 4886 sic
2398 4831 2797 4899 traducentur;
2827 4833 3000 4903 quod,
3039 4844 3101 4889 ut
3158 4836 3412 4907 impium,
3447 4854 3587 4895 con-

2011 4920 2154 4976 titeri
2187 4923 2231 4976 si
2274 4933 2625 4988 reverentur,
2673 4926 2917 4979 amentia
2961 4941 3058 4981 sua
3101 4927 3263 4997 plane
3288 4929 3378 4983 vel
3424 4931 3584 4988 inviti

2009 5013 2303 5069 decedent.
2339 5014 2614 5070 Privativa
2645 5016 2793 5070 enim
2840 5017 2956 5072 sive
2997 5018 3254 5088 negativa
3283 5035 3406 5089 quae
3435 5023 3586 5079 circa

2009 5122 2128 5161 rem
2180 5108 2420 5177 aliquam
2456 5106 2826 5164 observantur
2869 5110 3017 5165 haud
3050 5110 3233 5181 ipsum
3285 5113 3426 5169 illud
3450 5126 3586 5170 sunt

2007 5199 2156 5254 circa
2182 5201 2330 5270 quod
2363 5201 2757 5265 observantur,
2814 5203 2942 5273 quia
2974 5204 3201 5274 quidem
3232 5206 3460 5260 omnino
3504 5208 3585 5263 sic

2009 5306 2207 5346 eorum
2249 5304 2435 5349 essent
2465 5310 2586 5364 quae
2629 5295 2763 5365 quid
2819 5296 2893 5350 sit
2947 5297 3233 5361 denotant,
3287 5306 3350 5353 ut
3407 5299 3586 5370 ipsum

2008 5383 2146 5438 illud
2188 5386 2531 5452 exsistent‘ia,
2565 5389 2658 5443 sed
2693 5404 2802 5443 non
2832 5389 2965 5460 quid
2996 5406 3108 5445 non
3132 5390 3208 5446 sit
3238 5390 3375 5447 illud
3404 5391 3584 5467 ipsum

1634 5507 1865 5564 VARUE
1903 5510 2298 5574 LECTIONES.

403 5570 446 5599 "
475 5571 617 5638 ὑμᾶς
647 5568 770 5622 cod;
797 5568 938 5624 Gud.

407 5684 478 5751 λθ)
513 5682 662 5736 Ιίιοιη
690 5683 812 5736 ibid.
844 5700 961 5752 cap.
991 5687 1043 5745 9,
1080 5701 1133 5754 p.
1169 5685 1291 5750 501,
1330 5695 1459 5742 tum.
1493 5689 1534 5754 l,
1565 5689 1701 5761 Opp.
1730 5693 1817 5747 ed.
1855 5694 2061 5752 Bened.
