4038 6146
518 264 654 328 1ἓ23
1691 267 1751 325 S.
1793 265 2082 325 MAXIMI
2117 265 2629 326 CONFESSORIS
3652 265 3811 329 12ἓᾷ

504 373 863 438 denotantia;
895 371 1040 441 quod
1085 371 1130 424 si
1155 385 1347 424 verum
1380 379 1551 437 esset,
1583 372 1710 427 linis
1749 373 1902 427 illius
1932 374 2080 429 circa

2208 375 2312 443 ιερὶ
2361 373 2388 424 ὃ
2455 374 2704 442 λέγονται
2771 371 2914 428 εἶναι
2984 375 3156 428 ταῦτα
3214 375 3597 447 δειχθήσεται,
3659 380 3813 450 ὅπερ

510 466 659 535 quod
695 465 964 519 dicuntur
982 478 1104 518 esse
1140 464 1256 518 haec
1283 463 1824 531 demonstrarentur,
1863 465 1918 520 id
1936 468 2086 536 quod

2208 465 2392 516 ἱτοπον
2439 463 2533 516 καὶ
2575 463 2854 518 ἀδύνατον.
2901 465 2976 516 Οὐ
3025 465 3132 536 γὰρ
3164 465 3229 518 ἐκ
3275 465 3386 520 τῶν
3422 459 3501 519 ὧν
3533 467 3644 520 οὐκ
3688 468 3814 521 ἔστι

512 559 760 626 ineptum
789 567 875 610 est
906 565 961 609 et
993 556 1109 610 ﬁeri
1135 557 1348 626 nequit.
1374 557 1495 610 Non
1545 558 1693 612 enim
1749 574 1815 612 ex
1854 558 1923 612 iis
1965 575 2088 628 qua:

2208 555 2299 607 τῶν
2337 557 2677 626 πραγμάτων
2715 558 2764 610 οἱ
2801 557 2918 628 ὅροι
2958 558 3298 626 συνάγονται,
3347 558 3466 612 ἀλλ’
3508 562 3580 613 ἐκ
3627 561 3814 615 τῶνα

512 667 625 705 non
652 658 782 704 sunt
814 664 1004 702 rerum
1034 648 1171 702 lines
1206 648 1566 716 colliguntur,
1612 648 1709 702 sed
1737 663 1805 702 ex
1848 648 1916 703 iis
1966 665 2090 718 quas

2208 647 2363 708 ἔστιν,
2425 645 2766 713 ἐξαπλοῦντα
2807 647 2910 716 τὴν
2965 645 3227 716 σύντομον
3269 647 3379 700 τῶν
3439 655 3812 719 πραγμάτων

510 749 660 804 sunt,
707 755 830 808 qua:
863 740 1124 809 exiguum
1177 753 1364 792 rerum
1409 738 1733 808 expandunt
1769 748 1937 808 atque
1983 755 2090 792 am-

2208 737 2505 807 περίληψιν,
2561 739 2681 807 ἥτις
2732 739 2998 808 ὀνομασία
3053 737 3260 792 τούτων
3302 737 3569 810 ὑπάρχει.
3624 741 3810 796 Οὐδὲν

509 833 756 903 pliﬁcant
783 831 1074 894 ambitum,
1127 832 1223 900 qui
1269 847 1474 885 nomen
1524 847 1717 885 earum
1771 839 1878 886 est.
1940 832 2090 886 Nihil

512 925 703 993 itaque
737 923 966 977 omnino
983 940 1050 977 ex
1081 923 1153 977 iis
1182 939 1305 992 qua:
1332 923 1400 977 de
1429 924 1544 977 Deo
1568 933 1666 978 aut
1711 925 1859 978 circa
1915 925 2090 978 Deum

510 1031 630 1069 esse
653 1015 933 1078 dicuntur,
963 1015 1055 1068 Dei
1104 1015 1348 1070 essentia
1406 1031 1651 1084 unquam
1711 1031 1832 1070 esse
1884 1024 2087 1085 potest,

510 1109 637 1177 quia
663 1125 764 1162 nec
788 1108 1285 1177 positionem,_quaa
1309 1108 1423 1162 sola
1454 1117 1510 1162 et
1532 1109 1635 1162 soli
1663 1109 1777 1162 Deo
1804 1108 2088 1178 competit,

510 1207 566 1251 ct
603 1198 872 1252 relatione
929 1208 1108 1262 vacat,
1140 1215 1245 1254 nec
1294 1199 1472 1266 ipsum
1513 1201 1649 1254 illud
1666 1201 1816 1270 quod
1860 1202 1914 1255 vi
1943 1201 2090 1255 circa

510 1289 718 1358 aliquid
749 1291 927 1344 activa
952 1306 1181 1360 prorsus
1235 1299 1478 1346 solutum
1521 1302 1607 1346 est
1657 1292 1964 1346 secundum
1997 1307 2088 1347 es-

510 1380 744 1432 sentiam
781 1394 845 1434 ac
878 1381 1248 1436 substantiam
1280 1382 1528 1438 indicare
1565 1392 1770 1453 potest.

513 1554 597 1608 Ea:
625 1556 807 1610 eodem
827 1574 1068 1612 sermone
1100 1561 1156 1613 in
1188 1561 1326 1616 illud
1351 1578 1368 1617 :
1410 1583 1425 1614 ι
1454 1563 1912 1629 Quemadmodum
1947 1569 2088 1622 enim

583 1665 686 1700 non
716 1650 902 1718 suﬁicit
925 1667 1114 1720 corpus
1149 1653 1343 1718 dicere,
1392 1665 1484 1708 aut
1513 1666 1826 1727 generatum
1859 1675 1968 1712 esse
2021 1659 2092 1712 ad
2123 1681 2164 1735 Β

588 1742 1072 1796 demonstrandum
1087 1755 1265 1814 atque,
1277 1748 1725 1818 manifestandum
1738 1752 1832 1804 hoc
1848 1750 1932 1804 vel
1955 1750 2094 1804 illud

584 1829 723 1882 circa
759 1831 898 1897 quod
936 1833 1045 1884 haec
1071 1844 1375 1900 versentur,
1411 1838 1504 1890 sed
1535 1837 1674 1890 illud
1721 1830 1927 1910 quoque
1953 1841 2093 1910 quod

583 1916 662 1968 his
685 1917 981 1986 subjectum
1007 1930 1082 1973 est
1117 1922 1290 1976 dicere
1314 1934 1540 1995 oportet,
1571 1929 1616 1981 si
1639 1930 1764 1999 )quis
1802 1930 2026 2000 perfecte
2044 1941 2094 1985 et

586 2003 742 2074 plene
762 2008 890 2075 quid
957 2010 1240 2078 cogitemus
1290 2024 1594 2069 momtrare
1646 2017 1914 2084 voluerit;
1966 2036 2093 2074 nam

585 2095 840 2149 velhomo
893 2099 976 2152 vel
1035 2101 1122 2154 bos
1151 2103 1234 2156 vel
1267 2119 1432 2174 equus
1490 2109 1586 2160 hoc
1633 2124 1946 2177 corporeum
1983 2128 2093 2166 esse

585 2197 751 2256 potest
776 2198 823 2241 et
847 2191 1088 2246 interimi
1112 2195 1412 2250 obnoxium.
1433 2217 1450 2249 ι

585 2300 724 2354 Cum
771 2311 998 2359 sanctus
1019 2305 1312 2363 haereticos
1336 2309 1554 2366 videret
1576 2312 1632 2367 id
1664 2330 1835 2370 unum
1853 2326 2090 2386 certare,

519 2399 582 2444 ut
606 2397 1138 2462 supercssentialem
1168 2409 1421 2457 naturam
1445 2414 1694 2462 amentes
1722 2423 1911 2464 secum
1961 2411 2097 2482 ipsis

518 2482 892 2551 destruerent,
932 2489 1364 2562 artiliciosisque
1406 2497 1720 2554 rationibus
1763 2510 2096 2570 potestatem

520 2574 954 2646 insuperabilem
979 2583 1246 2653 omnique
1268 2586 1582 2644 conditioni
1605 2606 1672 2645 ex
1719 2595 1838 2662 pari
1887 2595 2095 2666 imper-

519 2669 838 2736 ceptibilem
871 2687 984 2727 suae
1007 2676 1346 2746 cognitionis
1369 2683 1868 2751 comprehensione
1897 2704 2096 2759 capere

519 2759 731 2824 conari,
758 2776 856 2829 per
887 2769 1064 2817 totum
1101 2780 1418 2823 sermonem
1450 2771 1722 2839 privativc
1757 2784 1813 2830 et
1842 2779 2096 2848 negative

518 2848 588 2902 de
610 2849 725 2904 Deo
759 2851 950 2908 dicere
976 2855 1190 2920 maluit,
1241 2859 1378 2912 nulli
1417 2863 1646 2917 omnino
1693 2866 1958 2934 positioni
2003 2879 2098 2924 aut

520 2938 868 2995 allirmationi
947 2945 1214 3013 indulsit,
1271 2966 1340 3004 ne
1410 2960 1674 3022 tanquam
1740 2958 2094 3028 impudentes

521 3043 685 3083 canes
721 3030 867 3085 hanc
889 3034 1172 3090 mordicus
1197 3047 1491 3107 captarent
1535 3053 1592 3098 et
1636 3049 1925 3104 venenatis
1953 3050 2094 3106 den-

523 3121 670 3175 tibus
690 3123 746 3176 in
768 3124 1023 3182 veritatis
1054 3142 1372 3185 sermonem
1423 3132 1636 3190 furiose
1687 3138 1967 3196 irruerent
2004 3159 2096 3200 oc-

518 3213 797 3268 casionem
819 3218 1201 3286 prtetendendi
1233 3230 1517 3294 utcunque
1541 3236 1596 3280 et
1625 3227 1850 3285 fallendi
1873 3242 1930 3287 et
1962 3250 2092 3304 pro-

517 3305 623 3372 prii
663 3307 829 3362 studii
865 3309 1165 3366 artiﬁcium
1193 3316 1524 3372 conﬁciendi
1558 3321 2000 3396 qualemcunque
2023 3327 2094 3384 de

519 3395 630 3448 Deo
654 3396 760 3451 sibi
779 3413 1100 3456 concessam
1129 3407 1404 3460 sermonis
1434 3409 1766 3476 positionem
1801 3395 2090 3474 facientes.

517 3486 695 3551 Quare
712 3505 893 3559 neque
915 3506 1138 3563 corpus,
1161 3511 1342 3566 neque
1361 3497 1722 3558 immateriale
1743 3521 1966 3576 corpus,
1990 3526 2090 3564 nc-

518 3593 624 3647 que
651 3580 1000 3651 incorporale
1029 3587 1279 3652 omnino,
1305 3605 1489 3659 neque
1517 3593 1573 3646 in
1601 3596 1882 3663 universo,
1909 3615 2093 3670 neque

519 3669 572 3723 in
593 3671 702 3725 ulla
727 3674 972 3729 universi
999 3686 1177 3744 parte,
1199 3696 1382 3750 neque
1405 3699 1571 3754 supra
1594 3688 1937 3756 universum,
1961 3703 2018 3747 et
2034 3704 2096 3750 ut

518 3761 844 3826 simpliciter
863 3763 1065 3833 dicam,
1087 3770 1225 3824 nihil
1265 3775 1493 3830 omnino
1522 3787 1578 3832 et
1603 3779 1660 3833 in
1699 3782 1876 3836 nihilo
1900 3799 2094 3841 eorum

518 3871 638 3923 quae
673 3857 1046 3928 qualicunque
1073 3863 1259 3929 modo,
1294 3874 1355 3920 ut
1387 3883 1582 3923 verum
1604 3879 1709 3936 est,
1728 3873 1988 3930 videntur
2007 3879 2094 3934 vel

517 3950 1067 4018 comprehenduntur
1101 3956 1185 4009 vel
1237 3957 1505 4014 dicuntur
1529 3963 1613 4016 vel
1658 3966 1973 4035 cogitantur
2005 3971 2094 4025 vel

518 4041 669 4095 nosci
699 4049 981 4113 utcunque
1002 4058 1256 4114 possunt,
1283 4050 1457 4105 Deum
1483 4068 1606 4109 esse
1634 4055 1820 4121 docet,
1851 4059 1919 4114 de
1941 4063 2094 4118 omni

519 4148 612 4187 eos
631 4133 913 4202 opinione,
928 4136 1025 4190 Dei
1047 4140 1286 4194 essentia
1306 4141 1439 4210 quid
1455 4144 1527 4198 sit
1549 4149 1944 4218 comprehendi
1966 4167 2095 4222 pos-

517 4243 596 4291 se,
623 4228 978 4296 propulsans.
1019 4230 1230 4286 Deinde
1259 4232 1559 4291 instantius
1594 4253 1690 4293 eos
1717 4240 1786 4294 ad
1827 4242 2091 4311 pietatem

520 4319 808 4389 instigans,
835 4329 890 4375 et
912 4335 980 4375 ex
1011 4320 1340 4378 inferiorum
1365 4335 1422 4381 et
1450 4327 1887 4399 incomparabile
1915 4351 2093 4404 quan-

517 4420 632 4462 tum
667 4426 697 4463 a
721 4411 835 4466 Deo
859 4411 1186 4467 distantium
1212 4415 1643 4488 investigatione
1692 4423 2001 4481 universale
2025 4427 2092 4483 de

516 4503 628 4556 Deo
652 4504 954 4558 temerarie
979 4520 1164 4575 neque
1209 4508 1476 4578 cogitare,
1502 4513 1708 4568 nedum
1751 4516 1972 4582 edicere
1996 4520 2092 4574 ulli

517 4596 598 4649 l'as
619 4611 741 4650 esse
764 4609 973 4652 conans
1005 4600 1366 4680 persuadere,
1399 4603 1515 4658 haec
1545 4605 1700 4661 dicit.
1741 4608 1809 4661 Et
1839 4609 2092 4678 profecto

515 4689 582 4742 ad
641 4688 976 4744 stabilienda
1017 4707 1240 4762 quoque
1286 4710 1350 4749 ea
1407 4713 1532 4766 qua:
1589 4709 1784 4754 contra
1834 4718 1934 4758 eos
1977 4704 2090 4773 jam

517 4781 786 4851 privative
817 4791 872 4836 et
905 4784 1158 4854 negative
1188 4786 1590 4856 disputaverat,
1618 4800 1679 4844 ut
1701 4792 1830 4846 inde
1850 4810 2095 4850 commo-

515 4873 742 4937 nel‘acti,
761 4875 910 4943 quod
936 4876 1104 4930 etiam
1139 4878 1462 4933 ultimorum
1513 4883 1568 4936 in
1601 4885 1806 4940 creatis
1832 4897 2093 4942 accurata

516 4962 942 5029 comprehensio
993 4966 1287 5022 rationalis
1338 4981 1543 5025 nostrae
1598 4973 1683 5028 vis
1765 4975 2092 5033 facultatem

517 5060 764 5121 superet,
792 5057 966 5110 multo
991 5060 1218 5130 majoris
1244 5064 1578 5119 temeritatis
1620 5075 1678 5121 et
1712 5069 1958 5123 audaciae
1990 5072 2093 5124 im—

517 5156 704 5215 petum
723 5163 984 5204 coercere
1011 5161 1259 5220 possent,
1276 5164 1569 5224 postquam
1592 5157 1646 5210 in
1667 5162 1856 5227 parvis
1878 5171 2092 5216 natura:

519 5238 898 5294 inﬁrmitatem
925 5253 1171 5298 nossent.
1215 5246 1435 5300 Etenim
1476 5249 1521 5301 si
1576 5249 1643 5302 de
1672 5251 1844 5319 ligura
1907 5253 2090 5322 aliqua

517 5328 856 5398 inquirimus
910 5335 1051 5404 tinge
1087 5336 1334 5403 homine,
1382 5339 1468 5393 vel
1509 5357 1677 5409 equo,
1708 5342 1791 5396 vel
1829 5342 1990 5409 bove,
2024 5345 2091 5398 ad

518 5421 682 5489 plene
727 5427 1312 5492 comprehendendum
1358 5431 1590 5502 ﬁguram
1622 5448 1826 5503 corpus
1885 5435 2091 5491 dixisse

520 5511 665 5568 haud
693 5515 914 5582 sufﬁcit,
957 5522 1041 5575 vel
1066 5523 1382 5592 generahile
1413 5524 1580 5579 modo
1623 5537 1720 5582 aut
1781 5527 2084 5594 interihile,

2192 829 2285 886 οὖν
2339 834 2401 884 τὸ
2453 833 2674 886 σύνολον
2717 833 2826 885 τῶν
2868 832 2998 903 περὶ
3029 831 3168 886 Θεοῦ
3219 833 3252 904 ἢ
3302 833 3432 907 περὶ
3458 834 3597 888 Θεὸν
3653 832 3808 888 εἶναι

2191 925 2501 993 λεγομένων
2550 923 2704 975 οὐσία
2733 919 2880 976 εἶναι
2933 923 3068 977 Θεοῦ
3124 923 3344 977 πώποτε
3396 923 3655 986 δύναται,
3721 927 3805 977 ὅτι

2195 1015 2330 1086 μηδὲ
2385 1015 2567 1078 θέσιν,
2627 1015 2797 1086 μόνην
2859 1016 2954 1070 καὶ
3012 1016 3159 1086 μόνῳ
3198 1016 3334 1087 Θεῷ,
3387 1016 3802 1088 ἁρμόζουσαν,

2191 1110 2442 1179 ἄσχετον,
2497 1110 2590 1162 καὶ
2647 1110 2749 1178 τῆς
2797 1111 2925 1180 περί
2975 1129 3028 1164 τι
3085 1112 3435 1165 παντάπασιν
3499 1112 3804 1181 ἐνεργείας

2191 1201 2389 1264 ἄφετον
2439 1201 2572 1255 αὐτὸ
2601 1202 2778 1255 ἐκεῖνο
2825 1205 2965 1255 κατὰ
3003 1204 3061 1255 τὸ
3103 1204 3154 1255 τί
3180 1221 3311 1256 ποτε
3355 1199 3497 1256 εἶναι
3543 1206 3802 1274 ἐμφῆναι

2189 1289 2431 1346 δύναται.

2210 1567 2303 1620 Ἐκ
2329 1566 2435 1620 τοῦ
2479 1565 2668 1620 αὐτοῦ
2699 1567 2909 1635 λόγου,
2943 1570 3031 1633 εις
3054 1567 3142 1632 τὸ,
3180 1587 3198 1620 ι
3222 1568 3316 1635 Ὡς
3339 1569 3451 1638 γὰρ
3480 1571 3598 1624 οὐκ
3621 1570 3806 1640 ἀρκεῖ

2268 1660 2332 1712 τὸ
2387 1657 2560 1726 σῶμα
2605 1659 2816 1724 εἰπεῖν,
2863 1661 2901 1728 ἢ
2937 1661 3004 1714 τὸ
3047 1661 3467 1731 γεγεννῆσθαι,
3517 1665 3680 1733 πρὸς
3729 1667 3796 1720 τὸ

2266 1748 2526 1816 καὶπερὶ
2575 1747 2606 1801 ὃ
2651 1749 2838 1802 ταῦτα
2884 1751 3278 1820 παραστῆσαί
3322 1770 3385 1806 τε
3435 1755 3536 1808 καὶ
3595 1751 3797 1823 δηλῶ-

2265 1857 2370 1893 σαι
2394 1880 2408 1903 ,
2466 1841 2627 1894 ἀλλὰ
2681 1841 2776 1894 δεῖ
2819 1843 2918 1895 καὶ
2967 1843 3032 1896 τὸ
3084 1845 3483 1914 ὑποκείμενον
3546 1851 3797 1916 τούτοις

2266 1933 2479 1995 εἰπεῖν,
2526 1937 2577 1987 εὶ
2619 1934 2837 2002 μέλλοι
2878 1937 3119 2001 τελείως
3159 1939 3258 1991 καὶ
3286 1938 3695 2008 ἀποχρώντως
3728 1942 3796 1994 τὸ

2266 2025 2598 2093 νοούμενον
2650 2026 3154 2093 παραστήσασθαι
3178 2044 3190 2056 ·
3250 2029 3288 2096 ἢ
3331 2032 3440 2097 γὰρ
3469 2030 3796 2098 ἄνθρωπος

2271 2115 2309 2184 ἢ
2330 2116 2489 2181 ,Βοῦς
2522 2117 2559 2185 ἢ
2600 2117 2786 2183 ἵππος
2811 2116 2989 2171 τοῦτο
3018 2118 3084 2171 τὸ
3126 2119 3197 2173 ἐν
3220 2119 3446 2190 σώματι
3488 2122 3594 2175 καὶ
3620 2125 3794 2190 φθει-

2260 2206 2540 2276 ρόμενον.
2586 2226 2604 2258 ι

2281 2320 2615 2390 Ἐπειδήπερ
2663 2321 2811 2393 ἐώρα
2869 2325 2995 2387 τοὺς
3049 2325 3360 2395 αἱρετικοὺς
3412 2328 3440 2378 ὁ
3485 2325 3649 2394 ἅγιος
3689 2327 3794 2381 ἕνα

2201 2413 2362 2484 μόνον
2417 2414 2639 2484 ἔχοντας
2697 2416 2887 2486 (188
2933 2420 2988 2488 a)
3037 2418 3257 2485 ἀγῶνα,
3310 2420 3408 2490 τὴν
3455 2421 3790 2491 ὐπερούσιον

2198 2505 2413 2568 ἑαυτοῖς
2441 2506 2688 2576 ἀνοήτως
2730 2507 3197 2574 συγκαταϐάλλειν
3238 2509 3426 2577 φύσιν,
3481 2511 3572 2563 καὶ
3606 2529 3791 2582 τεχνι-

2199 2599 2323 2661 καῖς
2358 2597 2601 2668 μεθόδοις
2650 2599 2944 2671 περιλήψει
2983 2600 3083 2668 τῆς
3129 2602 3251 2654 κατ’
3288 2603 3490 2666 αὐτοὺς
3525 2605 3790 2671 γνώσεως

2198 2692 2423 2758 κρατεῖν
2472 2691 2906 2761 ἐπιχειροῦντας,
2959 2693 3035 2756 ὡς
3081 2693 3269 2765 ῷοντο,
3325 2695 3426 2764 τὴν
3470 2698 3789 2770 ἀκράτητον

2197 2782 2447 2853 δύναμιν,
2478 2785 2575 2836 καὶ
2606 2784 2754 2854 πάσῃ
2799 2787 2866 2855 τῇ
2906 2786 3081 2839 κτίσει
3114 2789 3257 2840 κατὰ
3301 2787 3364 2840 τὸ
3397 2787 3516 2842 ἴσον
3563 2789 3788 2861 ἁχώρη-

2198 2873 2310 2938 ἴτον,
2357 2875 2423 2927 δι’
2465 2875 2588 2928 ὅλου
2633 2875 2729 2928 τοῦ
2762 2875 2921 2944 λόγου
2961 2877 3061 2941 τὰς
3117 2881 3406 2950 στερήσεις
3452 2899 3512 2934 τε
3551 2885 3649 2936 καὶ
3685 2885 3789 2946 τὰς

2200 2967 2504 3035 ἀποφάσεις
2533 2968 2908 3039 προύτίμησεν
2958 2971 3053 3024 ἐπὶ
3099 2971 3233 3025 Θεοῦ
3265 2973 3466 3041 λέγειν,
3513 2975 3792 3045 μηδεμιᾶς

2202 3056 2481 3119 παντελῶς
2532 3057 2904 3129 ἀνασχόμενος
2954 3059 3156 3122 θέσεως
3196 3061 3228 3128 ἢ
3278 3063 3666 3131 καταφάσεως,
3697 3064 3790 3118 ἴνα

2205 3147 2279 3217 μὴ
2327 3148 2532 3217 ταύτης
2583 3149 2871 3218 λαϐόμενοι
2923 3151 3000 3213 ὡς
3052 3152 3288 3216 ἀναιδεῖς
3318 3155 3508 3217 -κύνες
3545 3155 3790 3226 δήγματι

2198 3219 2326 3299 ¹τοὺς
2377 3238 2618 3301 ἰοϐόλους
2661 3239 2880 3303 ὀδόντας
2937 3241 3185 3309 μανικῶς
3221 3241 3301 3312 τῷ
3340 3242 3486 3314 λόγῳ
3522 3219 3790 3316 τῆξ-άλη-

2202 3329 2352 3391 θείας
2383 3330 2746 3399 ἐμϐάλλωσιν,
2771 3333 3026 3404 ἀφορμὴν
3070 3334 3163 3387 τοῦ
3202 3336 3455 3399 ὁπωσοῦν
3482 3339 3789 3408 προτείνειν

2201 3421 2297 3471 καὶ
2362 3421 2874 3491 παραλογίζεσθαι,
2933 3427 3029 3478 καὶ
3081 3426 3142 3478 τὸ
3205 3429 3408 3480 οἰκεῖον
3471 3431 3553 3492 εἰς
3611 3433 3790 3502 πέρας

2200 3512 2430 3578 ἀγαγεῖν
2468 3513 2764 3583 δυνηθῆναι
2797 3515 3143 3586 σπούδασμα,
3186 3517 3287 3588 τὴν
3319 3520 3609 3573 ὁποιανοῦν
3659 3526 3792 3592 περὶ

2201 3601 2336 3653 Θεοῦ
2377 3601 2624 3656 δοθεῖσαν
2666 3605 2855 3667 αὐτοῖς
2899 3605 2994 3658 τοῦ
3037 3605 3198 3674 λόγου
3246 3607 3400 3661 θέσιν
3450 3611 3786 3681 ποιούμενοι.

2201 3694 2300 3746 Διὰ
2323 3693 2481 3747 τοῦτο
2509 3695 2635 3749 οῦτε
2680 3697 2863 3768 σῶμα,
2909 3697 3033 3751 οὔτε
3069 3699 3232 3754 ἄῦλον
3273 3701 3455 3770 σῶμα,
3485 3702 3610 3756 οὔτε
3645 3705 3790 3756 ἀσω-

2206 3802 2374 3854 ματον
2402 3787 2702 3852 παντελῶς,
2749 3788 2874 3842 οὔτε
2918 3791 2976 3842 ἐν
3015 3789 3094 3860 τῷ
3120 3793 3306 3855 παντὶ,
3326 3793 3454 3845 οὔτε
3480 3794 3538 3846 ἐν
3566 3811 3674 3847 τινι
3696 3797 3787 3848 τοῦ

2201 3876 2425 3940 παντὸς,
2459 3875 2584 3930 οὔτε
2611 3879 2752 3949 ὑπὲρ
2780 3879 2841 3932 τὸ
2893 3882 3021 3945 πᾶν,
3046 3883 3144 3934 καὶ
3169 3883 3360 3947 ἁπλῶς
3390 3889 3588 3949 εἰπεῖν,
3639 3889 3790 3941 οὐδὲν

2201 3969 2263 4022 τὸ
2298 3970 2560 4039 παράπαν
2599 3972 2694 4024 καὶ
2727 3973 2784 4025 ὲν
2829 3972 3005 4026 οὐδενὶ
3043 3973 3165 4027 καθ’
3210 3976 3531 4046 οἱονδήποτε
3563 3981 3788 4049 τρόπον,

2201 4057 2279 4120 ὡς
2334 4058 2481 4111 ἔστιν
2515 4057 2734 4126 ἀληθὲς,
2775 4060 2884 4114 τῶν
2928 4064 3224 4132 ὁρωμένων
3269 4064 3303 4135 ἢ
3359 4068 3785 4137 χωρουμέιωνῆ

2201 4149 2511 4220 λεγομένων
2561 4151 2594 4220 ἢ
2648 4152 2955 4221 νοουμένων
3001 4154 3034 4224 ἢ
3081 4155 3396 4226 γνωσθῆναι
3441 4158 3566 4212 καθ’
3612 4161 3789 4212 ὁτιοῦν

2200 4243 2536 4314 δυναμένων,
2615 4239 2756 4297 εἶναι
2821 4247 2916 4298 τὸν
2966 4248 3097 4300 Θεὸν
3155 4251 3546 4317 ἀποφαίνεται,
3609 4256 3788 4323 πάσης

2202 4336 2400 4398 αὐτοὺς
2427 4337 2523 4405 τῆς
2552 4337 2678 4405 περὶ
2703 4336 2838 4388 Θεοῦ
2873 4338 3293 4409 ’καταληπτικῆς
3309 4344 3453 4397 κατὰ
3483 4345 3546 4397 τὸ
3577 4346 3629 4398 τί
3656 4362 3784 4398 ποτε

2201 4423 2341 4478 εἶναι
2401 4425 2501 4493 τὴν
2563 4425 2748 4478 οὐσίαν
2813 4427 3022 4490 ἐννοίας
3083 4429 3505 4500 ἁπορραπίζων.
3558 4434 3786 4486 Ἔπειτα

2200 4517 2726 4587 δυσωπητικώτερον
2781 4519 2978 4581 αὐτοὺς
3033 4520 3244 4587 ἐνάγων
3300 4523 3439 4592 πρὸς
3482 4525 3779 4589 εὐσέϐειαν,

2202 4605 2294 4662 παὶ
2324 4611 2386 4660 ἐκ
2409 4610 2509 4676 τῆς
2551 4611 2679 4678 περὶ
2704 4611 2771 4664 τὰ
2807 4611 3036 4680 δεύτερα
3063 4613 3160 4665 καὶ
3192 4616 3412 4685 μακρὰν
3437 4617 3786 4687 ἀσυγκρέτως

2201 4703 2310 4755 ἀπὸ
2355 4701 2490 4754 Θεοῦ
2541 4704 2779 4780 ἐρεύνης¹
2813 4706 2874 4757 τὸ
2911 4705 3144 4761 καθόλου
3175 4711 3306 4777 περὶ
3333 4709 3470 4762 Θεοῦ
3501 4711 3786 4782 τολμηρῶς

2205 4795 2337 4865 μηδὲ
2395 4798 2617 4858 ἐννοεῖν,
2680 4800 2874 4866 μήτιγε
2933 4796 3134 4864 λέγειν,
3196 4794 3338 4852 εἷναί
3399 4817 3505 4854 τινι
3571 4803 3785 4872 θεμιτὸν

2200 4889 2368 4950 δεῖξαι
2428 4887 2770 4957 βουλόμενος,
2822 4889 2994 4942 ταῦτά
3043 4907 3197 4960 φησι.
3241 4891 3352 4944 Καὶ
3397 4893 3505 4964 μὴν
3534 4895 3630 4948 καὶ
3655 4895 3788 4962 πρὸς

2198 4980 2462 5044 ¹,σύστασιν
2509 4980 2616 5032 τῶν
2665 4982 2763 5050 ἤδη
2815 4981 2951 5051 πρὸς
2995 4982 3196 5045 αὐτοὺς
3241 4984 3386 5037 κατὰ
3419 4986 3681 5056 στέρησίν
3731 5003 3787 5037 τε

2202 5071 2295 5122 καὶ
2328 5071 2604 5138 ἀπόφασιν
2655 5071 2996 5141 εἰρημένων,
3045 5072 3186 5125 ὥστε
3232 5076 3435 5139 αὐτοὺς
3483 5077 3789 5140 συνειδότας

2201 5163 2470 5224 ἐντεῦθεν,
2502 5163 2578 5224 ὡς
2621 5163 2716 5216 καὶ
2747 5167 2778 5233 ἡ
2811 5163 2920 5216 τῶν
2965 5165 3208 5232 ἐσχάτων
3239 5168 3299 5218 ἐν
3329 5172 3442 5230 τοῖς
3489 5173 3788 5239 ποιήμασιν

2201 5256 2432 5326 ἀκριϐὴς
2454 5256 2757 5326 κατάληψις
2788 5257 2888 5326 τῆς
2914 5258 3037 5310 καθ’
3083 5260 3231 5328 ἡμᾶς
3255 5260 3484 5331 λογικῆς
3513 5262 3788 5332 ἐνεργείας

2204 5348 2392 5417 (188
2449 5352 2498 5416 b)
2542 5348 2860 5419 ὑπερϐαίνει
2911 5349 3008 5419 τὴν
3067 5350 3337 5420 δύναμιν,
3388 5354 3492 5422 τῆς
3543 5356 3669 5424 περὶ
3720 5354 3789 5404 τὰ

2203 5439 2382 5509 πολλῷ
2427 5438 2599 5509 μείζω
2631 5442 2968 5512 θρασύτητος
3015 5442 3110 5512 τὴν
3157 5443 3446 5511 ἀλόγιστον
3495 5446 3788 5515 δυνηθῆναι

2201 5532 2372 5601 φορὰν
2405 5535 2671 5604 ἐπισχεῖν,
2717 5536 2776 5589 ἐν
2823 5537 2933 5598 τοῖς
2979 5537 3195 5604 μικροῖς
3245 5537 3306 5590 τὸ
3335 5538 3560 5602 ἀσθενὲς
3589 5539 3787 5608 μαθόν-

592 5669 666 5733 (L‘)
702 5669 848 5722 Idem
883 5673 1006 5725 ibid.
1040 5691 1154 5744 cap.
1183 5679 1235 5740 9,
1268 5694 1318 5747 [ι.
1349 5680 1471 5738 ἲὶυιὶ,
1513 5689 1641 5733 tom.
1678 5680 1718 5735 1.
1751 5682 1886 5751 Opp.
1937 5683 2024 5735 ml.
2055 5685 2257 5739 liened.
