4038 6146
336 179 368 241 ‘t
402 197 543 263 .1231

1583 199 1639 257 S.
1684 195 1969 258 MAXIMI
2011 199 2519 260 CONFESSURIS

3557 195 3716 264 1232

411 309 721 377 distantiis,
778 307 1120 378 longitudine
1171 314 1226 360 et
1267 307 1558 361 latitudine
1593 316 1647 360 et
1679 306 1993 376 altitudine,

2121 311 2182 361 ζτι
2216 308 2269 360 δὲ
2316 310 2409 362 καὶ
2447 308 2780 378 διαστήμασι
2824 309 2989 381 τρισὶ,
3024 310 3183 381 μήκει
3216 308 3315 363 καὶ
3364 308 3574 365 πλάτει
3604 312 3717 363 καὶ

411 417 535 472 qua:
572 401 706 472 ipsa:
734 401 932 455 iterum
968 415 1063 454 sex
1101 399 1352 454 terminis
1386 400 1803 472 discernuntur,
1840 413 1990 468 quo-

414 506 537 545 rum
586 488 966 558 unusquisque
1021 487 1283 543 videlicet
1337 490 1556 543 duobus
1600 488 1884 553 definitur,
1934 496 1992 541 ut

2098 400 2276 469 βάθει,
2312 402 2407 454 καὶ
2438 401 2620 463 αὐτοῖς
2647 400 2706 465 ἓξ
2730 400 3129 471 διειλημμένοις
3160 402 3428 470 πέρασιν,
3451 401 3715 453 ἑκάστου

2108 493 2352 571 δηλονότι
2398 492 2519 546 δυσὶ
2556 495 3058 565 περιγραφομένου,
3094 489 3204 547 οἷον
3254 494 3320 571 τιὸ
3355 495 3461 563 μὲν
3515 494 3717 564 μῆκος

412 578 702 649 longitudo
751 578 1042 648 superiore
1076 588 1132 633 et
1164 578 1423 634 inferiore
1445 621 1458 645 ,
1492 580 1726 633 latitudo
1762 578 1993 635 dextero

2121 585 2179 656 ’ᾦ
2207 586 2319 640 ἄνω
2349 602 2407 638 τε
2467 586 2561 647 καὶ
2600 585 2676 655 τῷ
2711 586 2885 653 κάτω,
2938 586 3001 639 τὸ
3042 586 3099 639 δὲ
3140 585 3347 648 πλάτος
3404 583 3488 654 τῷ
3528 580 3716 651 δεξιῷ

413 681 470 725 et
515 671 675 747 laevo,
735 669 970 725 altitudo
1017 660 1287 726 anteriori
1328 672 1563 726 termino
1594 680 1650 726 et
1673 671 1990 743 posteriori.

411 763 591 834 Atque
624 764 846 830 iterum,
879 779 1005 818 cum
1043 764 1250 820 eaedem
1282 780 1604 820 communes
1628 765 1882 820 notiones
1906 765 1993 819 in-

414 856 705 911 deﬁnitum
740 858 915 911 Deum
947 874 1069 913 esse
1102 858 1411 924 insinuent,
1438 858 1547 913 hoc
1563 868 1777 915 estnon
1799 874 1996 928 capere

412 950 631 1021 plenam
669 966 734 1004 ex
773 949 1107 1019 quibusnam
1149 958 1367 1006 constet
1410 952 1722 1023 subjectum
1754 951 1996 1021 explica-

414 1042 642 1106 tionem,
676 1054 780 1096 nec
804 1041 977 1112 magis
1007 1043 1300 1098 admittere
1326 1044 1379 1098 in
1405 1045 1527 1098 loco
1553 1044 1994 1108 collocationem,

414 1140 505 1184 aut
541 1131 678 1184 intra
722 1141 940 1200 tempus
972 1131 1194 1186 initium
1226 1134 1311 1187 vel
1347 1135 1535 1198 tinem,
1571 1135 1800 1203 insuper
1830 1134 1998 1188 etiam

415 1222 795 1293 inliguratum,
824 1232 885 1277 ut
920 1224 1014 1294 qui
1058 1240 1169 1279 non
1210 1226 1475 1296 globosus
1499 1235 1583 1280 cst
1609 1234 1704 1280 aut
1728 1225 2001 1297 quadran-

413 1314 574 1384 gulus
611 1324 705 1369 aut
749 1325 971 1372 erectus
1003 1324 1098 1371 aut
1130 1316 1395 1371 deorsum
1421 1333 1675 1388 vergens,
1710 1300 2001 1388 qtiinoeum

414 1406 579 1460 etiam
619 1413 825 1460 tactum
875 1416 933 1463 et
980 1409 1163 1464 visum
1224 1404 1439 1480 fugere,
1487 1426 1612 1465 cum
1649 1410 1836 1464 sensui
1891 1425 2004 1465 non

414 1494 697 1567 subjaccat
748 1498 887 1570 (haec
923 1500 1074 1554 enim
1109 1516 1405 1571 corporum
1444 1512 1572 1557 sunt
1604 1501 1876 1577 propria),
1908 1503 2006 1565 ab-

416 1589 648 1643 surdum
678 1598 763 1644 est
794 1606 861 1645 ex
897 1591 980 1645 eis
1022 1607 1145 1662 quae
1183 1593 1490 1647 evertimus
1518 1593 1767 1669 divinum
1803 1611 2006 1665 corpus

2097 675 2190 729 καὶ
2216 674 2293 746 τῷ
2320 675 2618 748 ἀριστερῷ,
2648 675 2709 730 τὸ
2732 676 2788 728 δὲ
2809 675 2973 745 βάθος
3008 674 3087 745 τῷ
3113 675 3329 745 ἐμπρδς
3360 675 3570 745 πέρατι
3596 674 3716 726 καὶ

2098 770 2177 840 τῷ
2214 770 2408 824 ὀπίσω.
2454 770 2565 823 Καὶ
2623 769 2806 834 πάλιν,
2858 767 3174 822 τῶναύτῶν
3215 766 3416 820 κοινῶν
3467 764 3715 818 ἐννοιῶν

2108 864 2361 931 ἀόριστον
2412 863 2502 916 τδν
2536 862 2665 916 Θεὸν
2712 860 3076 930 εἰσαγουσῶν,
3101 861 3352 913 τουτέστι
3395 859 3471 937 μὴ
3503 857 3713 909 ἐπιδε-

2097 957 2326 1026 χόμενον
2363 951 2768 1019 διεξοδεύουσαν
2825 951 3125 1016 ἀνάπτυξιν
3157 993 3171 1015 ,
3222 937 3298 1004 ὲκ
3336 951 3504 1002 τίνων
3570 964 3714 1000 σιν-

2101 1050 2301 1118 έστηκε
2333 1047 2393 1103 τὸ
2426 1048 2808 1117 ὑποκείμενον,
2834 1048 2968 1116 μήτε
2991 1046 3097 1116 μὴν
3124 1045 3221 1114 τὴν
3249 1045 3308 1097 ὲν
3337 1044 3489 1113 τόπῳ
3509 1041 3703 1103 θέσιν,

2103 1143 2136 1213 ἦ
2166 1144 2263 1212 τὴν
2286 1143 2344 1194 ὲν
2372 1142 2552 1213 χρόνῳ
2582 1140 2771 1210 ἀρχὴν,
2803 1140 2837 1210 ἢ
2870 1138 3044 1203 τέλος,
3103 1136 3330 1208 προσέτι
3379 1136 3475 1189 καὶ
3509 1127 3708 1203 ἀσχῆ-

2108 1232 2391 1303 μάτιστον,
2420 1226 2532 1283 οἷον
2562 1231 2644 1282 ὅτι
2690 1230 2751 1282 οὐ
2796 1226 3136 1298 σφαιροειδὲς
3187 1227 3221 1297 ἢ
3271 1225 3623 1296 τετράγωνον
3665 1222 3704 1290 ἦ

2104 1322 2287 1392 ὄρθιον
2322 1322 2355 1393 ἢ
2385 1322 2534 1387 κάτω
2576 1319 2848 1385 νενευκὸς,
2899 1320 2990 1373 ναὶ
3024 1319 3131 1389 μὴν
3168 1317 3264 1370 καὶ
3311 1316 3526 1383 ἀναφὲς
3596 1316 3705 1365 καὶ

2106 1416 2358 1486 ἀόρατον,
2412 1415 2487 1477 ὡς
2534 1414 2787 1484 αἰσθήσει
2844 1412 2920 1483 μὴ
2976 1411 3282 1469 ὑποπίπτον
3341 1409 3543 1482 (ταῦτα
3576 1407 3703 1495 γὰρ

2098 1498 2379 1571 ’σωμάτων
2413 1500 2566 1572 ῐδια),
2613 1500 2933 1573 παράλογον
2981 1502 3045 1552 ἐκ
3094 1500 3202 1553 τῶν
3245 1497 3714 1553 ἀνασκευασθέν-

2109 1611 2215 1648 των
2254 1594 2613 1665 ὑπειληφέναι
2650 1595 2711 1647 τὸ
2741 1593 2887 1648 θεῖον
2918 1588 3063 1648 εἶναι
3092 1594 3249 1664 σῶμα
3287 1594 3381 1650 καὶ
3434 1593 3708 1660 ἀνάγκην

415 1694 560 1744 esse,
613 1689 780 1749 atque
816 1681 872 1735 in
926 1688 1007 1736 tot
1059 1696 1287 1736 necesse
1327 1681 1535 1739 habere
1574 1682 1747 1737 dividi
1772 1683 1829 1738 in
1871 1692 2006 1765 quot

2121 1687 2254 1758 ἒχειν
2288 1687 2368 1751 εἰς
2393 1687 2633 1747 τοσαῦτα
2663 1674 2981 1758 μερίζεσθαι
3002 1689 3082 1750 εἰς
3110 1688 3209 1740 ὅσα
3231 1678 3394 1741 πάλιν
3423 1686 3501 1747 ὡς
3531 1686 3713 1752 σῶμα.

416 1785 678 1835 rursum,
724 1780 791 1825 ut
831 1786 1055 1841 corpus,
1097 1770 1474 1837 contrahatur,
1517 1773 1823 1844 collegisse.
1856 1773 2006 1829 Indi-

414 1861 620 1916 viduns
666 1861 813 1916 enim
848 1862 1010 1932 plane
1045 1870 1130 1917 est
1165 1860 1331 1928 Deus,
1367 1862 1496 1932 quia
1539 1872 1596 1918 et
1628 1864 1789 1933 plane
1836 1880 2010 1934 quan-

418 1955 591 2010 titatis
621 1970 817 2024 expers
840 1972 854 2020 ;
892 1956 1222 2025 quantitatis
1243 1965 1426 2013 autem
1454 1957 1615 2026 plane
1639 1974 1855 2028 expers,
1880 1959 2009 2028 quia

415 2054 472 2100 et
504 2046 792 2116 qualitatis
834 2046 997 2116 plane
1033 2062 1268 2116 expers;
1303 2048 1587 2117 qualitatis
1616 2034 1799 2104 autem
1848 2051 2009 2121 plane

423 2154 640 2209 expers,
683 2138 814 2209 quia
861 2147 919 2193 et
962 2140 1192 2193 omnino
1245 2139 1518 2209 simplex;
1566 2143 1800 2212 simplex
1824 2151 2009 2207 autem

416 2233 597 2308 plane,
639 2231 787 2301 quod
819 2231 1050 2286 omnino
1093 2247 1206 2287 non
1237 2232 1444 2299 distat;
1480 2214 1649 2289 distat
1676 2246 1862 2290 autem
1890 2251 2010 2290 om-

413 2328 551 2383 nino
586 2327 735 2399 quod
785 2342 1019 2398 prorsus
1062 2325 1313 2382 inﬁnitus
1356 2335 1483 2385 est:
1526 2327 1774 2386 inﬁnitus
1825 2337 2011 2387 autem

415 2429 501 2475 est
530 2436 785 2492 prorsus,
809 2420 959 2491 quod
990 2428 1046 2475 et
1074 2434 1303 2490 prorsus
1326 2420 1625 2476 immobilis
1644 2419 2011 2501 (nequaqUam

414 2515 565 2569 enim
626 2523 883 2570 movetur
939 2514 1088 2584 quod
1130 2530 1244 2569 non
1296 2514 1463 2570 habet
1514 2515 1609 2569 ubi
1661 2516 2011 2587 moveatur);

419 2608 721 2664 immobilis
754 2616 939 2663 autem
971 2607 1155 2678 plane,
1206 2606 1355 2677 quod
1390 2615 1447 2661 et
1476 2606 1637 2661 initio
1670 2608 1898 2665 omnino
1928 2623 2018 2663 ca.

419 2710 503 2757 ret
547 2700 708 2772 (nihil
752 2697 902 2755 enim
928 2708 1057 2754 ante
1090 2715 1149 2754 se
1169 2698 1338 2755 habet
1363 2715 1462 2757 seu
1489 2701 1688 2770 majus,
1718 2700 1857 2755 nihil
1889 2718 2016 2769 cum

419 2808 476 2847 se
513 2793 633 2862 ipso
679 2807 780 2846 seu
809 2791 1045 2861 aequale,
1083 2790 1226 2844 nihil
1255 2799 1383 2862 post
1420 2804 1501 2857 se,
1533 2792 1750 2862 quodve
1776 2793 2017 2856 conferri

419 2892 516 2938 aut
572 2898 769 2952 capere
821 2883 1003 2953 ipsum
1049 2882 1288 2952 possit);
1320 2884 1511 2943 ,initio
1552 2892 1740 2939 autem
1788 2887 2018 2942 omnino

420 2984 596 3040 caret,
630 2973 780 3043 quod
808 2980 867 3028 et
899 2973 1179 3044 ingenitus
1210 2983 1294 3029 cst
1323 2975 1507 3043 plane,
1531 2974 1810 3046 ingenitus
1830 2987 2016 3033 autem

378 3081 382 3084 ‘
420 3067 606 3140 plane,
643 3064 796 3136 quod
827 3074 884 3121 et
915 3058 1144 3121 omnino
1172 3082 1317 3121 unus
1346 3074 1403 3121 et
1434 3066 1617 3134 solus;
1650 3083 1792 3122 unus
1832 3077 2034 3123 autem'

422 3159 650 3215 omnino
681 3166 737 3213 et
786 3159 960 3227 solus,
996 3159 1145 3230 quod
1196 3169 1253 3214 et
1282 3159 1511 3214 omnino
1546 3168 1697 3215 caret
1728 3159 2019 3221 all‘ectione

423 3261 481 3309 et
527 3252 816 3317 relatione,
870 3259 928 3306 et
970 3250 1055 3307 .ob
1093 3249 1201 3305 hoe
1252 3249 1475 3321 penitus
1515 3249 1814 3307 ineﬂ‘abilis
1840 3260 1896 3307 et
1930 3252 2024 3306 in.

425 3345 703 3417 cognitus,
753 3342 1046 3414 omnisque
1080 3358 1273 3398 eorum
1310 3341 1407 3412 qui
1438 3340 1613 3411 probe
1659 3350 1715 3396 et
1745 3340 1860 3399 Deo
1887 3359 2020 3401 con-

2114 1777 2430 1847 συνάγεται.
2480 1779 2711 1849 Ἆμερὲς
2736 1778 2848 1850 γὰρ
2884 1778 3060 1855 πάντη
3091 1778 3150 1832 τὸ
3208 1778 3366 1830 Θεῖόν
3402 1779 3581 1840 ἐστιν,
3616 1777 3711 1829 ὅτι

2113 1872 2209 1927 καὶ
2237 1871 2523 1935 παντελῶς
2551 1872 2779 1937 ἄποσον,
2816 1870 3019 1925 άποσον
3045 1870 3103 1925 δὲ
3132 1867 3434 1931 παντελῶς,
3470 1868 3558 1929 ὅτι
3602 1869 3710 1918 καὶ

2112 1964 2399 2029 παντελῶς
2429 1965 2639 2030 ἄποιον,
2658 1966 2849 2019 ἄποιον
2878 1963 2935 2016 δὲ
2965 1960 3264 2024 παντελῶς,
3285 1960 3367 2013 ὅτι
3390 1958 3483 2011 καί⁵
3510 1956 3709 2024 πάντη

2113 2056 2341 2123 ἁπλοῦν,
2373 2056 2578 2112 ἁπλοῦν
2607 2057 2664 2109 δὲ
2686 2057 2884 2127 πάντη,
2910 2056 2992 2109 δτι
3022 2054 3118 2108 καὶ
3132 2040 3455 2107 ἀδιάστατον
3487 2051 3705 2118 πάντη,

2111 2150 2439 2205 ἀδιάστατον
2462 2134 2732 2219 δεπάντη
2782 2151 2865 2205 ὅτι
2894 2150 2983 2203 καὶ
3025 2149 3204 2218 πάντη
3249 2147 3500 2214 ἄπειρον,
3536 2145 3708 2196 ἄπει-

2116 2258 2208 2312 ρον
2238 2242 2295 2295 δὲ
2330 2242 2531 2313 πάντη,
2562 2243 2644 2296 ὃτι
2675 2243 2770 2296 καὶ
2814 2241 2991 2312 πάντη
3020 2239 3280 2310 ἀκίνητον
3334 2236 3415 2306 (οὗ
3454 2235 3705 2295 κινεῖται

2112 2332 2224 2405 γὰρ
2254 2334 2428 2408 πάντη
2460 2334 2679 2397 πώποτε
2708 2335 2771 2389 τὸ
2799 2334 3029 2416 μὴιεχον
3067 2328 3173 2386 ποῦ
3199 2330 3535 2400 κινηθῆναι),
3577 2326 3707 2379 dxi-

2115 2443 2280 2497 νητον
2301 2427 2361 2481 ὁὶ
2382 2427 2582 2498 πάντη,
2605 2428 2689 2481 ὅτι
2717 2428 2812 2481 καὶ
2830 2417 3111 2486 παντελῶς
3161 2422 3339 2495 (19],
3372 2421 3423 2490 b)
3458 2419 3705 2489 ἄναρχον

2117 2518 2198 2588 (οὺ
2232 2518 2341 2589 γάρ
2367 2517 2482 2589 ἔχει
2514 2536 2565 2573 τι
2612 2518 2719 2587 πρὸ
2748 2515 2916 2571 αὑτοῦ
2950 2515 3046 2569 καὶ
3085 2514 3294 2589 μεῖζον,
3339 2510 3465 2564 οὔτε
3505 2526 3560 2561 τι
3600 2508 3703 2560 σὺν

2117 2606 2268 2682 αὐτῷ
2293 2613 2389 2664 καὶ
2422 2612 2561 2677 ἴσον,
2586 2609 2711 2664 οὗτε
2752 2628 2805 2662 τι
2839 2611 2955 2680 μετ’
2982 2607 3134 2673 αὐτὸ,
3178 2605 3273 2659 καὶ
3312 2602 3696 2673 παραμετρεῖσ-

2118 2703 2244 2758 σθαι
2277 2703 2367 2757 καὶ⁵
2399 2705 2598 2774 χωρεῖν
2626 2701 2758 2756 αὐτὸ
2776 2699 3117 2771 δυνάμενον),
3137 2698 3382 2768 ἄναρχον
3404 2694 3461 2748 δὲ
3495 2693 3702 2761 πάντη,

2117 2798 2215 2851 ὅτι
2229 2796 2326 2853 καὶ
2344 2796 2642 2865 ἀγέννητον
2658 2795 2858 2865 πάντη,
2877 2792 3171 2861 ἀγέννητον
3191 2789 3250 2842 δὲ
3273 2788 3473 2856 πάντη,
3503 2786 3585 2839 ὅτι
3604 2784 3706 2837 καὶ

2121 2886 2399 2950 παντελῶς
2434 2886 2492 2939 ἓν
2524 2886 2620 2940 καὶ
2655 2883 2983 2955 μονώτατον,
3022 2883 3081 2938 ἓν
3113 2882 3173 2935 δὲ
3193 2882 3371 2951 πάντη
3404 2879 3498 2935 καὶ
3524 2877 3706 2947 μονὼ-

2119 2993 2305 3043 τατον,
2335 2978 2414 3030 ὅτι
2440 2978 2534 3030 καὶ
2564 2976 2844 3051 παντελῶς
2866 2976 3115 3047 ἄσχετον,
3143 2975 3241 3027 καὶ
3265 2971 3357 3025 διὰ
3374 2970 3543 3041 ,τοῦτο
3564 2985 3705 3021 παν-

2123 3071 2362 3124 τάπασιν
2397 3070 2638 3143 ἄρῤητόν
2681 3086 2741 3123 τε
2792 3071 2886 3125 καὶ
2918 3057 3215 3137 ἄγνωστον,
3254 3065 3354 3129 καὶ
3394 3064 3574 3132 πάσης
3597 3061 3708 3130 τῆς

2126 3163 2235 3217 τῶν
2283 3163 2371 3216 ἐπ’
2404 3164 2538 3218 αὐτὸ
2578 3156 2762 3232 καλῶς
2791 3179 2851 3216 τε
2876 3161 2972 3215 καὶ
2995 3158 3318 3230 θεοπρεπῶς
3367 3153 3704 3224 κινουμένων

2126 3255 2383 3325 γνώσεως
2422 3256 2601 3331 πέρας
2629 3255 2961 3327 μονώτατον,
3002 3253 3119 3307 καὶ.
3154 3243 3479 3322 μονωτάτην
3508 3245 3713 3316 γνῶσιν

2127 3348 2251 3420 ἔχον
2280 3347 2470 3420 ,άληθῆ
2515 3349 2577 3402 τὸ
2620 3348 2694 3421 μὴ
2733 3345 3116 3417 γινώσκεσθαι.

425 3437 714 3494 venienter
764 3434 835 3490 ad
896 3450 1025 3491 eum
1072 3443 1475 3505 promoventur
1520 3433 1852 3504 cognitionis
1882 3435 2021 3491 .ﬁnis
2060 3440 2282 3507 unicus,
2318 3449 2373 3496 ct
2400 3440 2619 3496 unicam
2686 3438 3061 3510 cognitionem
3095 3449 3286 3505 veram
3335 3432 3552 3488 habens
3584 3441 3707 3484 eam

428 3530 579 3602 quod
625 3545 735 3585 non
784 3528 960 3600 possit
982 3527 1261 3600 cognosci.

430 3714 515 3769 Ex
553 3714 734 3767 eodem
785 3729 1024 3767 sermone
1052 3713 1109 3766 in
1140 3712 1279 3767 illud
1309 3730 1325 3767 :
1357 3733 1375 3763 ι
1398 3712 1538 3768 Nam
1574 3716 1621 3769 si
1657 3716 1712 3770 id
1751 3717 1890 3788 quod
1921 3734 2026 3772 non

503 3816 580 3860 est
630 3822 891 3876 nusquam
917 3814 1013 3872 est,
1050 3823 1116 3860 ne
1143 3814 1221 3861 est
1260 3808 1470 3877 quidem
1505 3807 1747 3877 fortasse.
1803 3807 2025 3875 Quodsi

506 3899 699 3977 alicubi
748 3914 857 3952 esse
903 3899 1121 3963 dixeris,
1158 3899 1345 3968 procul
1381 3900 1560 3965 dubio,
1595 3902 2023 3972 quandoquidem

501 4001 600 4057 est,
641 3990 724 4046 vel
758 3993 813 4045 in
840 3994 1080 4051 universo
1130 4001 1226 4059 est,
1264 3992 1346 4051 vel
1376 4010 1543 4064 supra
1569 3995 1892 4049 universum.
1922 4015 1942 4048 ι

502 4105 622 4172 Qua
657 4103 726 4160 de
766 4119 954 4171 causa,
998 4105 1236 4160 audiens
1279 4105 1519 4173 fortasse
1545 4106 1785 4176 inquiet,
1822 4107 2015 4167 inver-

431 4199 648 4254 sionem
698 4197 995 4269 ancipitem
1037 4196 1302 4267 magister
1349 4195 1559 4267 posuit,
1611 4196 1803 4251 addito
1848 4216 1873 4248 1
1902 4198 2019 4251 tor-

433 4299 580 4345 tasse
604 4307 623 4340 ι
649 4289 918 4345 adverbio
935 4290 958 4343 ?
975 4305 1105 4343 cum
1131 4289 1201 4343 de
1227 4288 1595 4344 rationalibus
1617 4290 2018 4358 suppositioni-

431 4384 540 4439 bus
561 4398 726 4441 nemo
742 4399 855 4439 non
880 4383 1102 4438 dubitet
1124 4382 1261 4452 quin
1280 4383 1404 4454 jure
1427 4382 1657 4438 omnino
1680 4383 2018 4437 concedatur

2040 3653 2113 3666 -α

2140 3717 2242 3771 Ἐκ
2263 3712 2374 3768 τοῦ
2396 3710 2586 3767 αὐτοῦ
2621 3710 2829 3778 λόγου,
2851 3709 2939 3774 εὶς
2970 3707 3063 3771 τὸ,
3097 3720 3131 3757 ι’
3153 3705 3226 3759 El
3259 3703 3374 3774 γὰρ
3419 3704 3487 3758 τὸ
3519 3702 3605 3773 μὴ
3637 3700 3711 3755 δι’

2193 3803 2487 3875 οὐδαμοῦ,
2526 3803 2593 3857 τὸ
2633 3798 3163 3873 μηδαμοῦγυχὸν
3214 3796 3360 3850 οὐδὲ
3398 3795 3495 3862 ὃν,
3537 3799 3590 3848 εί
3641 3792 3712 3846 δὲ

2190 3901 2326 3960 ἐστι
2378 3913 2520 3971 που,
2580 3892 2839 3958 πάντως,
2905 3890 3163 3958 ἐπείπερ,
3192 3889 3389 3954 ἐστιν,
3441 3888 3481 3955 ἢ
3516 3886 3587 3940 ὲν
3632 3883 3711 3950 τῷ

2191 3988 2393 4055 παντὶ,
2428 3989 2468 4058 ἢ
2490 3987 2648 4055 ὑπὲρ
2674 3986 2742 4040 τὸ
2770 3984 2893 4039 πᾶν
2931 3982 3030 4055 (5).

2196 4105 2277 4159 Δι’
2309 4104 2380 4175 ἣν
2415 4100 2621 4174 αἰτίαν,
2654 4099 2787 4162 ἴσως
2814 4099 2843 4151 ό
2871 4095 3088 4151 ἁκούων
3117 4096 3258 4167 ἐρεῖ,
3282 4093 3396 4166 Τὴν
3430 4094 3714 4163 ἀντιστρο-

2124 4198 2234 4268 φὴν
2285 4191 2588 4265 ἀμφίϐολον
2647 4189 2677 4241 ὁ
2725 4186 3044 4250 διδάσκαλος
3098 4184 3273 4246 ἔθετο,
3336 4183 3605 4255 προσθεὶς
3651 4183 3712 4234 τὸ

2132 4310 2150 4342 ι
2188 4287 2352 4360 τυχὸν
2391 4304 2410 4338 ι
2463 4284 2776 4360 ἐπίρρημα,
2818 4281 2953 4349 πᾶσι
2992 4278 3172 4349 »δήλου
3196 4277 3386 4341 ὕντος,
3430 4277 3574 4329 κατὰ
3617 4275 3713 4336 τὰς

2123 4381 2349 4451 λογικὰς
2373 4377 2685 4442 ὑποθέσεις,
2716 4374 2835 4440 τοῦ,
2880 4372 2940 4426 τὸ
2981 4368 3237 4441 μηδαμοῦ
3271 4369 3331 4422 ὃν
3384 4369 3524 4440 μηδὲ
3551 4363 3713 4425 εἶναι..

432 4475 490 4532 id
546 4489 663 4530 non
718 4490 840 4530 esse
892 4475 1045 4545 quod
1098 4489 1374 4544 nusquam
1427 4473 1519 4529 sit.
1565 4473 1668 4529 Cui
1714 4489 1817 4543 pro
1863 4473 2012 4530 exilit

2126 4473 2355 4537 δικαίως
2387 4471 2736 4524 παντάπασιν
2764 4465 3167 4537 ὁμολογεῖσθαι.
3222 4462 3369 4532 Πρὸς
3401 4461 3462 4514 ὃν
3490 4460 3638 4513 κατὰ
3656 4461 3715 4510 τὸ

432 4574 638 4622 nostra:
656 4564 1036 4638 intelligentia:
1054 4564 1359 4635 indigentia
1375 4564 1856 4635 respondebimus,
1874 4565 2023 4635 quod

435 4657 696 4734 Eunomii
728 4661 958 4728 ejusque
986 4657 1411 4727 discipulorum,
1459 4657 1557 4727 qui
1596 4657 1777 4712 Deum
1818 4673 1880 4712 ut
1906 4659 2024 4728 ipse

436 4762 499 4801 se
529 4748 713 4816 ipsum
748 4762 913 4802 nosse
945 4746 1241 4816 jactarent,
1294 4745 1567 4799 insaniam
1608 4758 1869 4800 coercere
1903 4743 2023 4800 stu-

437 4839 576 4895 dens
608 4847 838 4909 propter
865 4838 1000 4894 tales
1026 4851 1314 4893 sermones
1340 4836 1395 4890 in
1419 4835 1681 4905 placitum
1718 4835 2021 4890 absurdum

441 4931 674 5001 redegit.
707 4932 817 4983 Ant
856 4928 1028 4994 enim,
1082 4944 1209 4989 cum
1262 4926 1437 4984 Deum
1481 4936 1741 4997 tanquam
1788 4927 1905 4997 ipse
1963 4942 2024 4982 se

442 5025 625 5091 ipsum
664 5036 839 5095 nosse
875 5021 1072 5074 dicunt
1109 5019 1487 5076 necessarium
1512 5019 1674 5088 plane
1704 5018 1930 5083 habent,
1963 5026 2022 5072 ut

443 5111 610 5166 etiam
651 5109 748 5165 ubi
780 5110 854 5165 sit
909 5125 1077 5179 quem
1127 5109 1316 5164 norint
1360 5108 1468 5179 ipsi
1494 5108 1776 5179 adjiciant,
1814 5110 1871 5163 in
1902 5110 2020 5180 ple-

446 5215 574 5255 nam
599 5200 811 5269 cogniti
842 5199 1419 5269 comprehensionem,
1446 5208 1503 5254 et
1540 5199 1617 5254 ita
1633 5200 1774 5269 nihil
1796 5200 2047 5264 omnino,

447 5294 516 5350 ab
548 5292 934 5348 exsistcntium
969 5293 1083 5348 ullo
1120 5292 1423 5348 secundum
1458 5293 1608 5362 ipsos
1642 5292 1789 5347 Deus
1816 5293 2022 5360 dill‘ert,

2125 4563 2229 4632 τῆς
2269 4560 2495 4631 πτωχῆς
2545 4558 2705 4630 ἡμῶν
2754 4556 2994 4618 διανοίας
3049 4552 3264 4615 ιπιδεὲς
3316 4552 3581 4623 ἐροῦμεν,
3635 4552 3713 4602 ὅτι

2124 4656 2395 4726 Εὐνόμιον
2433 4654 2527 4706 καὶ
2553 4653 2681 4715 τοὺς
2708 4652 2845 4722 ἀμφ’
2869 4648 3051 4713 αὐτὸν,
3083 4646 3350 4714 λέγοντας
3388 4644 3597 4698 εἰδέναι
3628 4643 3715 4695 τὸν

2127 4750 2262 4803 Θεὸν
2297 4748 2372 4812 ὡς
2404 4747 2569 4811 αὐτὸς
2591 4743 2806 4810 ἑαυτὸν,
2861 4741 2962 4812 τῆς
2989 4738 3194 4809 πολλῆς
3224 4740 3478 4809 ἐπισχεῖν
3527 4737 3717 4808 μανίας

2130 4841 2455 4915 βουλόμενος
2525 4839 2607 4901 εἰς
2669 4837 2871 4892 ἄτοπον
2920 4833 3081 4897 δόξαν
3131 4831 3225 4886 διὰ
3290 4830 3404 4883 τῶν
3458 4828 3719 4884 τοιούτων

2128 4930 2388 5001 ἀπήγαγε
2418 4927 2617 4997 λόγων.
2671 4925 2742 4980 Ἦ
2770 4924 2880 4996 γάρ
2927 4922 3185 4991 λέγοντας
3229 4921 3435 4975 εἰδέναι
3464 4921 3561 4974 τὸν
3590 4920 3719 4972 Θεὸν

2127 5023 2203 5085 ῶς
2242 5020 2411 5083 αὐτὸς
2438 5020 2655 5085 ἑαυτὸν,
2684 5017 2784 5072 καὶ
2822 5018 2883 5071 τὸ
2915 5014 3018 5069 ποῦ
3048 5014 3156 5085 χρὴ
3187 5014 3282 5067 τὸν
3308 5014 3720 5085 γινωσκόμενον

2130 5112 2271 5169 εἶναι
2324 5114 2699 5184 προσεπάγειν
2740 5110 2953 5172 αὐτοὺς
3008 5106 3232 5171 πάντως
3287 5107 3533 5178 ἀνάγκη,
3586 5108 3720 5177 πρὸς

2130 5204 2349 5261 τελείαν
2383 5205 2480 5259 τοῦ
2509 5202 2917 5274 γινωσκομένου
2932 5201 2979 5233 ³⁸
3024 5196 3358 5268 κατάληψιν,
3420 5200 3519 5252 καὶ
3552 5197 3721 5250 κούδὲν

2131 5293 2363 5357 οὐδενὸς
2396 5293 2508 5346 τῶν
2562 5292 2733 5346 όντων
2757 5292 2819 5346 τὸ
2853 5290 3117 5362 παράπαν
3150 5287 3300 5344 οὕτω
3325 5305 3392 5358 γε
3439 5288 3717 5360 διενήνοχε

1754 5424 1989 5480 VARUE
2030 5420 2437 5484 LECTIONES.

538 5517 588 5551 ²⁶
617 5515 821 5570 Eadem
863 5533 1058 5573 manus
1088 5521 1143 5573 in
1173 5518 1297 5575 cod.
1328 5517 1471 5572 Gud.
1513 5534 1683 5589 marg.
1704 5520 1872 5575 rubro
1900 5521 2195 5591 adscripsit
2226 5522 2651 5593 σημαινομένου.

542 5633 600 5702 3)
628 5630 778 5685 Idem
808 5634 932 5689 ibid.
963 5651 1081 5704 cap.
1116 5638 1203 5702 10,
1238 5653 1293 5705 p.
1326 5635 1447 5690 502.
1480 5635 1617 5705 Opp.
1649 5637 1780 5693 edit.
1816 5638 2016 5693 Bened.
2054 5648 2183 5694 tom.
2217 5639 2260 5695 l.
