4038 6146
411 331 544 416 1233

1530 303 1537 307 ’
1638 286 2154 395 ammonens):
2194 317 2443 392 unus.

3527 294 3662 374 121a

3473 368 3488 379 ι
3529 357 3615 377 ι--ι

407 451 528 505 κατ’
556 451 752 514 αὐτοὺς
771 449 798 502 ὁ
822 447 973 510 Θεὸς,
1007 447 1155 516 τόπῳ
1177 446 1280 500 -καὶ
1296 439 1454 509 αὐτὸς
1478 447 1974 519 περιγραφόμενος,

2085 447 2200 515 ipse
2222 446 2344 499 loco
2371 439 2849 508 circumscriptus,
2874 452 2982 506 quo
3008 435 3145 489 nihil
3169 429 3468 487 absurdius
3487 430 3657 484 foret:

404 531 468 595 οὗ
492 540 544 594 τί
567 538 766 609 γένοιτ’
798 537 863 592 ἂν
893 535 1277 607 ἀτοπώτερονς
1313 535 1346 606 ἦ
1379 537 1453 606 μὴ
1478 535 1738 604 λέγοντας
1781 539 1904 604 ποῦ,
1937 539 1970 609 ἢ

411 631 546 702 μηδὲ
581 626 720 684 εῖναι
755 629 816 682 τὸ
852 628 1071 682 σύνολον
1104 627 1306 694 λέγειν,
1362 629 1502 682 κατᾶ
1542 629 1640 700 τὴν
1685 629 1848 684 αὑτοῦ
1877 629 1974 682 τοῦ

407 723 562 792 λόγου
597 721 873 802 ὑπόθεσιν,
905 714 965 775 οὗ
987 719 1042 772 τί
1073 717 1289 787 γένοιτ’
1328 719 1394 802 ἂν
1437 719 1780 791 ἀθεώτερον;
1835 723 1977 790 (πῶς

405 814 512 886 γὰρ
545 815 640 868 καὶ
667 813 850 884 (192
879 813 932 884 α)
969 811 1024 865 τί
1065 811 1131 864 ἂν
1164 811 1248 880 εἴη
1291 801 1350 864 τὸ
1383 812 1456 882 μὴ
1499 813 1714 876 πάντως
1774 829 1872 867 που
1918 817 1978 866 τὸ

407 899 546 958 εἶναι
581 903 816 974 έχον;)ἣ
853 903 1068 966 πάντως
1119 897 1262 954 εἶναι
1310 901 1368 966 ἐξ
1411 902 1658 974 ἀνάγκης
1703 905 1898 967 αὐτοὺς
1943 908 1976 974 ἡ

407 995 702 1050 ἀκολουθία
745 993 839 1048 τοῦ
871 981 1030 1061 λόγου
1064 993 1248 1063 λέγειν
1296 975 1542 1066 βιάζεται
1582 997 1674 1050 καὶ
1719 997 1974 1069 μηδαμοῦ

409 1083 567 1152 εἶναι,
599 1087 692 1138 καὶ
741 1085 832 1138 διὰ
875 1084 1032 1137 τοῦτο
1089 1084 1231 1139 εἶναι
1294 1087 1393 1156 μὲν
1459 1083 1556 1141 ικαὶ
1589 1089 1862 1160 ’ὑπάρχειν
1917 1089 1979 1142 τὸ

405 1179 580 1241 estw,
613 1177 666 1230 τί
692 1177 748 1231 δὲ
785 1171 924 1232 εἶναι
976 1177 1070 1230 καὶ
1103 1177 1369 1248 ὑπάρχειν
1402 1179 1478 1250 μὴ
1511 1180 1728 1234 εἰδέναι.
1781 1182 1841 1234 Εἰ
1869 1183 1976 1249 γὰρ

405 1265 464 1316 τλι
490 1264 592 1317 πώ
618 1265 678 1318 τὸ
705 1257 857 1320 Θεῖον
886 1261 1027 1320 εῖναι
1057 1269 1178 1320 κατ’
1225 1257 1423 1333 αὐτοὺς
1451 1269 1748 1338 ἄγνωστον,
1771 1262 1776 1267 ’
1797 1270 1977 1339 πολλῷ

409 1354 608 1424 μᾶλλον
637 1356 767 1409 αὐτὸ
788 1355 850 1409 τὸ
881 1355 1056 1421 Θεῖον,
1083 1357 1112 1410 ὅ
1147 1357 1198 1410 τί
1229 1374 1362 1437 ποτε
1396 1359 1516 1412 κατ’
1563 1359 1769 1412 οὐσίαν·
1805 1360 1974 1424 ἐστὶν,

409 1445 818 1516 ἀγνωστότερον
841 1445 1014 1500 ἕσται.
1064 1445 1156 1500 Διὸ
1187 1447 1323 1517 μηδέ
1369 1465 1472 1501 που
1518 1443 1746 1502 εἶναιτὸ
1783 1449 1857 1519 μὴ
1889 1465 1978 1516 γι-

408 1535 754 1606 νωσκόμενον
805 1535 1166 1600 εὐσεϐοῦντας
1229 1537 1428 1601 αὐτοὺς
1483 1538 1696 1608 ἀνάγκη
1759 1539 1980 1601 πάντως

406 1627 714 1698 ὁμολογεῖν.
742 1627 840 1680 Διὰ
869 1626 1096 1698 ταύτην,
1135 1627 1210 1690 ὡς
1241 1624 1442 1698 -οἶμαι,
1478 1629 1578 1700 τὴν
1633 1629 1813 1682 αἰτίαν
1842 1645 1979 1698 συμ-

410 1719 844 1791 περιφερόμενος
894 1720 994 1790 μὲν
1028 1721 1140 1783 τοῖς
1204 1720 1344 1790 περὶ·
1381 1719 1646 1790 Εὐνόμιον
1693 1714 1994 1790 ἀμφέϐαλέ

2081 544 2197 598 aut,
2244 535 2291 589 si
2348 549 2475 589 eum
2533 544 2803 600 nusquam
2835 528 2938 583 vel'
2970 519 3198 597 prorsus
3243 538 3350 576 non
3391 521 3660 575 exsistere

2081 633 2358 688 statuunt,
2399 623 2704 680 secundum
2735 621 2910 691 ipsius
2943 613 3172 672 rationis
3199 613 3658 686 suppositionem,

2081 717 2213 786 quid
2251 717 2395 770 foret
2419 715 2592 786 magis
2620 712 2894 783 impium?
2927 708 3224 781 (quomodo
3252 707 3409 762 enim
3440 720 3662 774 compa-

2081 819 2260 863 ratum
2299 815 2355 862 et
2384 807 2518 877 quid
2553 817 2700 861 esset
2734 804 2882 875 quod
2917 803 3145 857 omnino
3173 799 3374 854 alicubi
3403 812 3524 852 esse
3549 810 3660 851 non

2083 897 2368 968 haberet?)
2413 905 2507 950 aut
2541 891 2702 966 pla'ne
2733 892 3046 949 necessario
3095 905 3218 946 esse
3251 904 3378 955 eum
3431 884 3664 940 rationis

2079 988 2477 1060 consequentia
2529 989 2775 1042 statuere
2805 985 2928 1038 illos
2947 983 3111 1054 cogit,
3135 992 3189 1037 et
3214 995 3484 1050 nusquam
3509 994 3652 1038 esse.

2055 1071 2288 1150 perque
2327 1079 2433 1134 hoc
2485 1094 2607 1133 esse
2643 1063 2867 1147 quidem
2906 1083 2966 1130 ct
3003 1074 3270 1129 exsistere
3297 1073 3492 1135 Deum,
3524 1068 3657 1140 quid

2078 1179 2264 1225 autem
2309 1171 2382 1224 sit
2425 1178 2481 1224 et
2512 1169 2740 1223 exsistat
2771 1183 2832 1222 se
2861 1182 2972 1220 non
3003 1181 3186 1220 nosse.
3230 1163 3287 1218 Si
3336 1161 3482 1218 enim
3526 1161 3656 1215 ubi-

2078 1267 2218 1315 nam'
2245 1262 2318 1314 sit
2343 1259 2489 1314 Deus
2517 1259 2756 1330 ignorari
2783 1265 3052 1322 statuunt,
3079 1256 3252 1310 multo
3273 1253 3446 1326 magis
3475 1253 3654 1324 ipsum

2076 1353 2295 1408 Numen
2325 1351 2575 1406 divinum
2607 1351 2876 1420 quidnam
2907 1349 3210 1411 secundum
3239 1347 3534 1410 essentiam
3563 1344 3654 1407 sit,

2079 1445 2444 1517 ignorabitur.
2479 1444 2662 1511 Quare
2687 1444 2731 1498 si
2775 1442 3030 1513 religiose
3054 1449 3110 1496 et
3144 1441 3232 1510 pie
3254 1455 3413 1510 agere
3444 1441 3655 1501 volunt,

2079 1537 2227 1606 quod
2281 1537 2569 1606 ignoratur
2592 1549 2708 1588 -nec
2749 1547 2980 1604 usquam
3005 1545 3126 1586 esse
3160 1531 3388 1585 omnino
3423 1544 3658 1582 consen—

2078 1628 2184 1682 tire
2215 1626 2518 1682 debebunt.
2559 1625 2636 1680 De
2689 1625 2816 1689 hac,
2871 1631 2938 1678 ut
2979 1621 3241 1684 arbitror,
3277 1635 3440 1676 causa
3471 1620 3658 1674 Euno-

2082 1716 2284 1772 mianis
2325 1716 2670 1786 morigerans
2697 1715 3012 1770 inversione
3043 1729 3140 1768 eos
3169 1711 3350 1767 induit
3375 1711 3658 1780 magister,

333 1881 344 1890 ί
407 1811 507 1881 τὴν
535 1811 954 1883 ἀντιστροφὴν-ὁ
983 1811 1302 1876 διδάσκαλος
1325 1851 1342 1881 ,
1372 1813 1445 1866 τὸ·
1485 1830 1504 1864 ι
1542 1813 1705 1883 τυχὸν
1742 1832 1762 1864 ν
1813 1813 1974 1884 ἐπίρ-

2082 1808 2342 1864 ad'vcrbio
2394 1826 2411 1859 ι
2441 1806 2672 1864 fortasse
2702 1825 2719 1858 ι
2767 1805 2967 1877 posito,
3002 1803 3274 1873 nobisque
3308 1801 3662 1857 considerau-

413 1905 563 1974 ρημα
593 1901 842 1973 θέμενος,
885 1903 979 1958 καὶ
1021 1905 1152 1974 ἡμῖν
1201 1898 1644 1975 καταλιμπάνων”
1673 1905 1814 1958 νοεῖν
1861 1904 1977 1958 ὃτι-

412 2011 521 2066 περ
553 1993 616 2048 οὐ
651 1995 873 2058 πάντως
922 1994 984 2048 τὸ
1043 1995 1294 2066 μηδαμοῦ
1346 1994 1408 2048 τὺ
1448 1995 1670 2067 μηδαμῆ
1715 1995 1979 2067 μηδαμῶς

405 2082 475 2140 ὂν
490 2085 718 2154 εἰσάγει.
751 2084 884 2138 Θεδν
906 2085 1016 2157 γὰρ
1045 2087 1204 2156 ἡμεῖς
1243 2081 1384 2140 εἷναί
1417 2101 1619 2158 φαμεν,
1652 2088 1746 2140 καὶ
1805 2087 1978 2158 μηδα-

417 2173 518 2243 μοῦ
548 2173 860 2244 τυγχάνειν,
893 2173 973 2245 τῷ
1000 2173 1076 2246 μὴ
1101 2174 1178 2238 ὡς
1229 2175 1286 2229 ὲν
1314 2175 1464 2246 τόπῳ
1510 2174 1796 2238 οὑσιωδῶς-
1838 2173 1980 2229 κατὰ

409 2265 513 2343 τὴν
546 2263 786 2336 ὕπαρξιν
817 2265 1271 2336 περιγράφεσθαι,
1316 2261 1412 2320 καὶ
1449 2264 1666 2328 πάντως
1697 2259 1858 2329 εῖναι,
1903 2263 1980 2334 τῷ

417 2358 492 2428 μὴ
519 2356 726 2412 δεῖσθαι
755 2357 1032 2421 παντελῶς
1063 2356 1158 2411 τοῦ
1184 2357 1388 2420 παντὸς
1415 2357 1526 2411 τῶν
1554 2356 1724 2420 ὄντων
1754 2357 1890 2430 πρὸς
1924 2357 1982 2410 τὸ

415 2447 574 2516 εἶναι,
601 2445 677 2504 ὧν
698 2452 868 2522 χωρὶς
897 2450 991 2504 καὶ
1023 2444 1092 2521 ἦν
1113 2449 1208 2502 καὶ
1245 2449 1380 2516 ἔστι,
1417 2449 1512 2502 καὶ
1555 2450 1643 2503 ἀεὶ
1700 2445 1840 2504 εἶναι
1889 2449 1981 2502 δυ-

413 2545 666 2615 νήσεται,
700 2543 894 2612 μᾶλλον
923 2543 978 2596 δὲ
1013 2541 1169 2596 ἔστιν
1211 2542 1316 2596 ἀεί.
1357 2543 1430 2597 Οὐ
1460 2541 1569 2614 γὰρ
1599 2541 1748 2596 θέσιν
1781 2541 1982 2612 ἔχειτὰ

413 2633 542 2688 ὄντα
567 2634 619 2686 δ’
637 2634 732 2686 καὶ
759 2632 890 2704 πρὶν
907 2629 1048 2687 εἶναι
1077 2631 1146 2685 τὰ
1166 2631 1296 2686 ὄντα
1321 2633 1604 2704 ὑπάρχων.
1631 2634 1694 2686 Εἰ
1723 2633 1832 2701 γὰρ
1849 2635 1980 2703 παρ’

414 2725 544 2795 ἡμῖν
567 2725 665 2779 οὐκ
694 2727 752 2778 ὲν
779 2727 894 2788 τοῖς
919 2726 1196 2796 τεχνητοῖς
1222 2725 1438 2788 πάντως
1465 2724 1526 2778 τὸ
1547 2721 1684 2778 εἶναι
1715 2725 1856 2778 κατὰ
1883 2723 1982 2796 τὴν

415 2815 524 2868 ὓπα
533 2814 646 2885 ρξιν
660 2815 1034 2878 ὑποστατικῶς
1053 2815 1262 2886 ἔχουσιν
1277 2817 1324 2868 oi
1352 2815 1586 2886 τεχνῖται
1612 2833 1678 2868 πε
1687 2831 1983 2887 ριγεγραμ-

415 2909 576 2980 μένον
607 2909 669 2964 τὸ
702 2909 1053 2980 φθειρόμενον
1083 2908 1240 2964 τοῦτο
1275 2912 1534 2982 πρᾶγμα,
1563 2910 1660 2964 καὶ
1688 2909 1982 2981 ἀληθέστε-

414 3017 505 3068 ρον
539 3001 744 3071 κυρίως
772 3003 946 3054 είπεῖν
983 3001 1248 3072 μηδέποτε
1270 3001 1351 3068 ὃν,
1382 3003 1434 3056 τί
1467 3001 1534 3056 ᾶν
1553 3018 1637 3065 τις
1678 3000 1812 3072 φαίη
1854 3001 1982 3072 περὶ

409 3094 509 3161 τῆς
557 3093 800 3163 ἀρρήτου
859 3093 954 3146 καὶ
997 3093 1277 3162 ἀγνώστου
1347 3094 1442 3148 καὶ
1491 3093 1774 3165 ἀχωρήτου
1814 3089 1978 3147 πᾶσιν

408 3182 613 3252 ὁμοίως
645 3187 738 3237 καὶ
770 3184 857 3238 ἀεὶ
877 3184 1141 3250 ὡσαύτως
1161 3185 1392 3256 ἐχούσης
1415 3185 1700 3249 δυνάμεως
1727 3203 1744 3252 ;

417 3368 518 3422 Ἐκ
545 3367 652 3422 τοῦ
673 3369 859 3424 αὑτοῦ
877 3369 1086 3454 λόγου,
1113 3373 1200 3438 εις
1219 3372 1306 3438 τὸ,
1339 3391 1356 3424 ι
1385 3373 1522 3428 Εἴτε
1565 3375 1869 3442 φαντασία
1888 3391 1977 3440 τις

383 3471 388 3475 ’
475 3461 557 3534 ἦν
579 3463 850 3533 ήμερινὴ,
880 3464 1002 3518 εἶτε
1017 3463 1238 3532 νυκτὸς
1257 3465 1532 3536 ἀψευδὴς
1545 3466 1707 3536 ὄψις,
1729 3466 1850 3522 εἴτε
1870 3467 1976 3522 τοῦ
2026 3455 2030 3460 ’

477 3555 836 3626 ἡγεμονικοῦ
871 3558 1156 3623 τύπωσις,
1197 3559 1638 3635 συγ-γινομένου
1681 3557 1802 3626 τοῖς
1837 3558 1978 3630 μέλ-

478 3650 705 3702 λουσιν
733 3647 814 3712 ὠς
839 3647 1142 3724 παροῦσιν
1157 3647 1258 3720 (4).
1289 3668 1307 3702 ι
1805 3711 1816 3721 ν

417 3730 422 3732 ’
481 3741 703 3811 Ἀκρως
749 3739 1051 3811 καθαρθεὶς
1098 3740 1209 3794 τῶν
1259 3738 1340 3805 οἷς
1383 3739 1712 3812 μολύνεσθαι
1763 3739 1975 3808 πέφυκε

407 3831 518 3887 τῶν
547 3830 848 3902 ἀνθρώπων
873 3833 908 3904 ἡ
947 3831 1109 3902 φύσις
1131 3835 1158 3886 ὁ
1182 3833 1452 3904 μακάριος
1493 3828 1646 3898 οὗτος
1677 3833 1867 3905 Πατὴρ
1887 3828 1980 3888 διὰ

409 3922 508 3991 τῆς
542 3909 856 3994 πρακτιὰιῆς
893 3923 1230 3995 φιλοσοφίας,
1264 3914 1444 3996 (192
1501 3925 1552 3996 ὁ)
1585 3926 1678 3978 καὶ
1724 3925 1814 3978 τον
1853 3926 1976 3980 νοῦν

407 4013 477 4066 δι’
503 4013 626 4066 ὅλου
655 4013 914 4079 ποιωθε“ις
939 4014 1015 4086 τῷ
1048 4016 1188 4086 ἁγίῳ
1221 4015 1500 4084 Πνεύματι
1529 3996 1650 4080 ταῖς
1696 4017 1976 4081 ἐπιϐολαῖς

407 4103 520 4158 τῶν
547 4103 706 4159 θείων
749 4105 1144 4177 θεωρημάτων,
1171 4105 1258 4160 διὰ
1294 4109 1393 4178 τῆς
1434 4108 1669 4179 ἀληθοῦς
1714 4109 1853 4162 κατὰ
1879 4109 1977 4178 τὴν

409 4193 609 4264 γνῶσιν
637 4196 1044 4265 μυσταγωγίας,
1071 4191 1158 4250 οἷα
1177 4196 1243 4268 δὴ
1273 4196 1340 4250 τὰ
1364 4197 1456 4252 ῐσα
1481 4197 1592 4264 τοῖς
1626 4199 1806 4268 ἁγίοις
1846 4217 1978 4270 προ-

409 4289 610 4356 φήταις
641 4287 850 4354 παθὼν,
882 4288 952 4343 τὰ
981 4287 1095 4360 εἴδη
1122 4290 1223 4361 τῆς
1265 4292 1628 4362 προφητείας·
1658 4293 1716 4344 ὲν
1768 4292 1977 4354 τούτοις

409 4379 538 4448 ἡμῖν
571 4380 976 4451 ἀπηρίθμησεν.
1025 4376 1120 4444 Οἷς
1166 4381 1325 4452 εἴπερ
1375 4383 1436 4436 τὸ
1469 4383 1582 4436 δεῖν
1602 4383 1740 4448 ὅλως
1774 4383 1978 4459 τολμᾷν

410 4469 548 4524 οὕτω
582 4471 938 4542 μεγαλοφυῶς
987 4491 1047 4528 τε
1091 4475 1185 4528 καὶ
1225 4473 1591 4544 ὲνθεαστικῶς
1640 4477 1976 4548 εἰρημένοις,

410 4561 504 4614 καὶ
541 4561 758 4616 πάντων
787 4563 896 4619 τῶν
929 4565 1003 4636 μὴ
1025 4565 1285 4620 τοιούτων
1313 4563 1423 4632 οἷος
1449 4569 1623 4648 ,αὐτος
1651 4565 1719 4641 ἦν
1749 4570 1776 4622 ὁ
1827 4567 1978 4622 διδά-

2080 1901 2212 1956 dum
2262 1899 2513 1971 reliquit,
2549 1899 2698 1971 quod
2737 1911 3084 1970 nequaquam
3116 1897 3169 1952 ill
3209 1897 3354 1967 quod
3391 1911 3660 1967 nusquam

2079 1992 2308 2049 exsistat
2351 1992 2578 2048 omnino
2615 1992 2882 2046 exsistere
2916 1990 3119 2062 neget?
3164 1990 3334 2044 Deum
3375 1988 3521 2042 enim
3559 2002 3660 2043 uos

2079 2101 2202 2142 esse
2247 2085 2506 2151 dicimus,
2564 2093 2622 2140 et
2671 2099 2942 2154 nusquam
2972 2099 3116 2146 esse,
3163 2082 3292 2152 quia
3336 2097 3468 2145 non,
3501 2080 3658 2151 quasi

2083 2175 2138 2230 in
2171 2176 2314 2242 loco,
2359 2174 2728 2231 essentialiter
2777 2171 3083 2228 secundum
3135 2169 3503 2226 substantiam
3555 2168 3662 2222 cir-

2081 2267 2494 2344 cumscribitur,
2545 2249 3228 2333 ct'esse'omnino,_quia
3275 2269 3390 2316 tota
3442 2259 3662 2314 univer~

2083 2363 2244 2419 sitate
2293 2378 2484 2419 eorum
2517 2357 2809 2432 quassant
2840 2359 3002 2430 plane
3052 2372 3160 2415 non
3208 2346 3338 2428 eget
3381 2354 3448 2410 ad
3503 2370 3658 2432 suam

2083 2455 2494 2522 exsistentiam,
2520 2455 2638 2520 sine
2663 2453 2868 2524 quibus
2892 2459 2948 2507 et
2972 2458 3114 2516 erat,
3136 2457 3192 2504 et
3212 2457 3317 2512 est,
3359 2457 3415 2502 et
3442 2445 3660 2516 semper

2085 2565 2206 2605 esse
2253 2549 2478 2620 poterit,
2539 2547 2624 2601 vel
2670 2545 2858 2616 potius
2903 2559 3121 2614 semper
3165 2548 3268 2598 est.
3311 2539 3470 2609 Haud
3513 2538 3659 2594 enim

2085 2658 2184 2712 pro
2224 2640 2512 2712 positione
2537 2638 2714 2694 utitur
2741 2637 2824 2693 eis
2857 2651 2978 2707 quae
3001 2643 3130 2691 sunt
3163 2635 3257 2704 qui
3287 2632 3372 2688 vel
3403 2641 3529 2714 ante
3558 2629 3662 2685 fuit

2083 2718 2246 2803 quam
2283 2733 2400 2803 ipsa
2432 2734 2554 2802 qua?
2593 2741 2741 2786 sunt.
2776 2730 2910 2784 Nam
2942 2729 2986 2784 si
3017 2743 3188 2798 penes
3211 2741 3310 2780 nos
3341 2726 3396 2778 in
3429 2721 3545 2778 suis
3573 2737 3661 2776 ar-

2085 2821 2276 2876 tificiis
2321 2821 2746 2876 substantialem
2791 2815 3451 2874 exsistentiam‘artiﬁccs
3492 2813 3662 2884 'planc

2083 2927 2194 2965 non
2219 2911 2424 2966 habent
2443 2909 2937 2980 circumscriptam,
2967 2925 3083 2964 rem
3107 2899 3452 2963 interituram
3479 2907 3658 2970 istam,

2083 3010 2140 3056 et
2169 3017 2292 3072 qua:
2315 3002 2503 3056 verius
2521 3016 2803 3071 nunquam
2825 3015 2946 3056 esse
2961 2999 3260 3074 diceretur,
3277 2997 3432 3068 quid,
3455 3011 3658 3067 quaeso,

2086 3097 2152 3151 de
2173 3093 2440 3150 inetTaltili
2475 3103 2532 3150 ct
2564 3087 2842 3166 incognita
2868 3104 2923 3148 et
2949 3081 3207 3149 omnibus
3233 3092 3438 3164 pariter
3465 3091 3664 3161 imper-

2007 3182 2050 3239 C
2083 3187 2327 3258 ceptibili
2366 3204 2430 3268 ac
2464 3203 2693 3256 semper.
2719 3187 2910 3269 eadem
2945 3193 3216 3257 potestate
3256 3183 3496 3268 dixeris?

2087 3373 2165 3429 Ea:
2203 3375 2381 3428 eodem
2423 3389 2684 3436 sermone,
2721 3375 2773 3427 in
2801 3372 2978 3444 illud:
3021 3392 3038 3450 ι
3077 3369 3470 3425 Sive‘diurnnm
3496 3371 3661 3440 quod,

2152 3466 2277 3519 dam
2301 3471 2418 3518 erat
2437 3473 2723 3534 spectrum.
2747 3467 2854 3518 sive
2875 3465 3089 3517 minime
3120 3461 3292 3532 fallax
3322 3464 3484 3516 noctis
3509 3463 3658 3526 visio,

2147 3557 2254 3611 sive
2296 3557 2492 3626 prmiia
2523 3552 2775 3627 quwdam'
2799 3555 2984 3609 mentis
3013 3555 3308 3626 impressio,
3335 3555 3514 3624 futura
3542 3561 3663 3607 tan-

2147 3665 2304 3720 quam
2349 3644 2632 3720 prmse'ntia
2663 3647 2979 3717 exhibens.»
3077 3631 3084 3638 ’
3232 3669 3240 3674 ·
3380 3696 3390 3703 .

2148 3737 2351 3794 Beatus
2400 3739 2492 3793 hic
2535 3737 2818 3794 Pater'iis
2870 3739 3072 3808 quibus
3121 3729 3408 3792 hominum
3467 3745 3662 3792 natura

2079 3831 2482 3901 censpurcatur
2530 3839 2630 3902 per
2681 3832 2939 3896 activam,
2985 3848 3106 3901 q-uéc
3146 3831 3371 3896 dicitur,
3415 3831 3661 3901 philoso-

2079 3926 2267 3996 phiam
2315 3925 2541 3994 penitus
2578 3935 2864 3996 purgatus,
2911 3941 2975 3980 ac
3007 3909 3189 3980 mente
3239 3924 3269 3978 a
3315 3933 3506 3978 sancto
3537 3923 3661 3994 Spi—

2079 4020 2189 4074 ritu
2217 4017 2533 4073 divinarum
2564 4019 3092 4089 contemplationum
3123 4018 3422 4090 propositis
3447 4034 3516 4072 ex
3545 4027 3659 4074 toto

2079 4117 2440 4180 praeparatus,
2493 4125 2589 4180 per
2629 4123 2829 4163 -veram
2887 4107 3218 4180 cognitionis
3269 4107 3656 4171 iuitiation'em,

2080 4176 2284 4266 quippe
2327 4176 2522 4278 eadem
2562 4183 2728 4266 atque
2761 4176 2940 4252 sancti
2965 4176 3258 4266 prophetae
3285 4183 3500 4266 passus,
3535 4212 3660 4266 pro:

2080 4285 2282 4356 phetia:
2319 4285 2533 4356 species
2583 4283 2638 4340 in
2663 4285 2752 4340 his
2783 4285 2946 4340 nobis
2978 4283 3343 4340 euumeravit.
3389 4283 3519 4350 Quae
3551 4291 3658 4338 tam

2081 4377 2371 4450 magnifice
2438 4374 2602 4448 atque
2645 4377 2831 4432 divine
2881 4377 3258 4449 pronuntiata,
3311 4383 3367 4431 et
3413 4375 3659 4430 omnium

2080 4466 2172 4543 q'ui
2212 4488 2320 4528 non
2375 4473 2529 4528 tales'
2551 4472 2732 4543 qualis
2766 4473 2881 4542 ipse
2917 4471 3176 4543 magister
3206 4471 3658 4542 fuit‘t‘acultatem

2081 4555 2421 4634 superantia,
2468 4564 2749 4634 suscipere
2792 4547 3203 4634 interpretanda
3232 4563 3434 4618 audere
3465 4564 3662 4618 saltem

411 4652 606 4718 σκαλος
637 4653 736 4726 τὴν
763 4653 990 4725 δύναμιν
1019 4641 1467 4728 ιῖιπερϐτλιίνουσιν,¹
1504 4641 1840 4714 ιέπίόόιλλειν⁵
1860 4661 1972 4714 οἰό-

2082 4671 2183 4712 nos
2225 4657 2430 4712 debere
2459 4665 2756 4733 postquam
2779 4656 2916 4711 utile
2950 4656 3132 4710 visum
3167 4663 3273 4722 est,
3313 4653 3660 4738 conjecturas

414 4745 554 4812 μεθα
579 4748 868 4818 χρήσιμον,
895 4747 1286 4820 στοχαστικῶς,
1321 4750 1443 4804 ἀλλ’
1459 4751 1560 4806 οὐκ
1588 4751 1978 4822 ἁποφαντικῶς

411 4832 566 4888 τοῦτο
594 4836 862 4918 ποιητέον.
906 4832 1076 4908 Οῐμαι
1119 4840 1300 4894 τοίνυν
1359 4843 1733 4912 ποχαστικῶς
1795 4843 1978 4896 εἰπεῖν

413 4927 553 4980 κατὰ
570 4928 670 4998 τὴν
692 4929 830 4999 ἐμὴν
854 4931 1238 5000 ὰμϐλυωπίαν,
1263 4952 1282 4986 ι
1313 4935 1610 5001 φαντασίαν
1656 4936 1925 5007 ἡμερινὴν
1955 4955 1973 4987 ι

413 5017 573 5072 αὑτὸν
613 5019 894 5090 εἰρηκέναι
932 5022 1031 5092 τὴν
1058 5021 1165 5076 τῶν
1194 5024 1542 5094 ἁπροσώπως
1569 5028 1682 5090 τοῖς
1703 5028 1875 5096 ἁγίοις
1903 5028 1979 5091 ὡς

412 5107 481 5162 δι’
507 5109 816 5180 αἰσθήσεως
839 5110 1187 5182 ἀκουομένων
1219 5115 1620 5192 πνευματικῶς¹
1647 5119 1754 5191 καῖ
1790 5135 1979 5188 φαινο-

415 5197 588 5268 μένων
618 5200 794 5269 λόγων
826 5203 922 5254 xa‘t
943 5205 1284 5274 πραγμάτων
1313 5205 1439 5275 ὄψιν
1471 5223 1530 5259 τε
1573 5207 1667 5261 καὶ
1695 5210 1978 5284 ὲνῄχησιν.

411 5289 490 5340 Οὐ
526 5289 635 5362 γὰρ
660 5290 726 5362 δὴ
757 5287 937 5359 λέγειν
981 5291 1140 5364 θέμις
1191 5295 1284 5348 ἐπὶ
1328 5295 1436 5348 τῶν
1467 5294 1630 5357 θείων
1674 5297 1734 5350 τὸ
1766 5299 1980 5370 θαυμα-

415 5377 539 5433 στὸν
555 5380 600 5412 ’⁷
635 5379 853 5442 πάντως
888 5381 1000 5435 δεῖν
1046 5387 1300 5454 παρεῖναι
1346 5385 1482 5456 πρὸς
1513 5385 1846 5442 διατύπωσιν
1879 5388 1979 5458 τῆς

2085 4750 2212 4805 liter
2237 4749 2364 4815 hoc,
2389 4765 2501 4804 non
2527 4749 2868 4804 enuntiatire
2899 4749 3008 4804 erit
3041 4748 3374 4804 faciendum.
3405 4749 3662 4804 Arbitror

2087 4843 2276 4914 igitur,
2299 4851 2358 4896 ut
2394 4841 2527 4910 quid
2558 4841 2808 4912 suspicer
2839 4857 2939 4912 pro
2968 4841 3166 4896 hebete
3193 4857 3314 4898 meo
3341 4849 3398 4897 et
3421 4841 3660 4904 obtunso

2087 4931 2310 5004 ingenio
2345 4931 2580 4996 edicam,
2607 4951 2630 4983 ι
2654 4932 2916 4986 diurnum
2949 4941 3227 5002 spectrum
3252 4951 3270 4984 ›
3301 4947 3428 4987 eum
3457 4931 3661 4988 dixisse

2087 5023 2359 5079 visionem
2389 5030 2446 5078 et
2469 5024 2712 5078 sonitum
2745 5024 2951 5080 sanctis
2979 5023 3114 5080 viris
3139 5032 3399 5095 tanquam
3419 5039 3518 5095 per
3537 5039 3662 5079 sen-

2088 5132 2209 5171 sum
2247 5115 2610 5187 spiritualiter
2643 5117 2896 5173 auditum
2925 5133 2990 5173 ac
3019 5117 3196 5178 visum
3227 5132 3413 5174 rerum
3445 5131 3513 5172 ac
3538 5133 3664 5174 ver-

2089 5208 2309 5262 borum.
2356 5209 2435 5263 De
2478 5207 2682 5264 divinis
2712 5209 2860 5266 enim
2899 5226 3012 5265 non
3045 5209 3129 5267 fas
3162 5219 3248 5267 est
3275 5219 3514 5284 statuere
3535 5213 3660 5272 .mi-

2088 5301 2338 5356 raculum
2371 5315 2500 5356 vere
2537 5299 2729 5356 adesse
2765 5309 3022 5372 oportere
3050 5303 3118 5358 ad
3153 5303 3441 5376 imaginem
3473 5303 3662 5374 impri-

2087 5393 2365 5458 mendam,
2407 5392 2502 5448 sed
2542 5393 2685 5448 miro
2717 5393 2956 5464 quodam
2986 5404 3045 5454 ct
3093 5396 3316 5452 insolito
3343 5396 3527 5460 modo,
3557 5411 3660 5452 nec

1699 5497 1782 5553 VA
1792 5499 1932 5556 RIIE
1967 5501 2368 5562 LEC'l'lONES.

1699 5503 1932 5556 VARIAE
1967 5503 1979 5555 Ι

483 5582 848 5668 "fl’tecentiofr
878 5599 1072 5668 manus
1099 5586 1560 5668 νοοῖ-θαυμαστὸν
1589 5593 1972 5664 superscripsit

2082 5503 2368 5562 :TlONES.

2085 5596 2226 5652 Gud.
2260 5596 2400 5652 libro
2432 5615 2588 5666 φαντ,
2619 5613 2729 5668 quo
2760 5600 3058 5668 φανταστὸν
3097 5601 3502 5659 emendandum
3534 5617 3656 5661 esse

417 5648 770 5724 signiﬁcaret.
801 5651 958 5719 Quod
988 5656 1159 5726 magis
1191 5648 1390 5726 placet.

487 5768 561 5841 (ι)
593 5767 741 5824 idem
768 5768 890 5823 ibid.
917 5785 1034 5841 cap.
1071 5772 1153 5838 19,
1185 5788 1240 5844 p.
1274 5772 1407 5838 5l0,
1443 5783 1570 5830 tom.
1605 5776 1646 5832 Ι.
1679 5777 1814 5850 Opp.
1849 5779 1980 5834 edit.
2016 5779 2221 5836 Bened.
