4038 6146
355 288 493 355 1237'

1606 285 2127 347 AMBIGUURUM
2168 286 2418 346 LIBER.

3483 278 3620 343 1938

350 401 462 456 τῶν
488 398 773 471 ὀνομάτων
805 396 950 451 κατᾶ
992 397 1282 468 περίληψιν
1308 398 1375 452 τά
1412 399 1509 468 μὲν
1551 393 1741 460 οὐσίας
1765 394 1927 459 εἶναι,

2053 397 2454 461 mcabulorum,
2487 395 2532 449 si
2554 395 3050 469 comprehendere
3094 395 3371 460 volumus,
3409 407 3620 465 partem

350 497 423 548 τά
451 494 510 547 δὲ
534 494 794 564 σχέσεως,
831 492 900 545 τὰ
942 491 1000 546 δὲ
1030 491 1252 563 χάριτος
1287 491 1321 561 ἦ
1358 490 1654 556 ἀπωλείας.
1688 487 1817 548 Οἷον
1854 492 1938 544 οὐ-

354 587 478 651 σίας
515 587 634 657 μὲν,
677 585 753 649 ὡς
784 586 913 640 ὅταν
957 584 1191 654 λέγωσιν
1235 602 1253 636 ι
1289 584 1598 655 ἅνθρωπος·
1634 602 1652 636 ι
1694 584 1934 655 σχέσεως

352 678 431 744 δὲ,
463 678 539 742 ὡς
562 679 692 733 ὅταν
737 676 970 746 λέγωσιν
1006 695 1024 729 ι
1058 675 1286 746 ἀγαθὸς,
1312 675 1411 743 ιῆσ
1437 677 1626 744 ἅγιος,
1661 676 1751 746 ’ἧι
1773 676 1937 745 σοφδς

354 768 663 840 ἄνθρωπος,
693 787 713 821 ι
742 768 777 840 ἢ
809 768 869 822 τὸ
899 767 1140 822 ἐναντίον
1175 767 1465 839 «πονηρὸς
1498 767 1806 839 ἄνθρωπος,
1837 788 1856 821 ι
1901 769 1936 839 ἢ

360 881 380 914 ι
428 862 640 931 ἄφρων,
674 861 753 932 »ἢ
794 860 1156 931 (ἀκάθαρτος
1219 880 1238 912 ι
1272 859 1355 931 (τὸ
1397 859 1506 931 γὰρ
1547 862 1684 933 πρός
1721 861 1775 915 τί
1820 878 1937 926 πως

355 953 502 1026 ἔχειν
531 954 641 1008 τῶν
669 955 732 1008 ἐκ
759 954 1056 1025 δ.αμ.έτρου
1098 956 1214 1018 τοῖς
1242 956 1508 1020 ἐναντίοις
1533 956 1936 1029 διειλημμένων

355 1046 587 1101 ὅκαστον
622 1048 654 1117 ἡ
684 1048 866 1117 σχέσις
899 1048 1220 1118 παριστῶσα
1242 1048 1477 1114 δικαίως
1501 1049 1558 1117 ἐξ
1596 1045 1673 1104 ὧν
1703 1049 1815 1121 ἔχει
1836 1051 1938 1121 τὴν

357 1137 752 1209 προαιρετικὴν
776 1137 892 1203 ἕξιν
925 1138 1233 1193 ἐνδιάθετον
1265 1141 1686 1213 προσαγορεύει)
1711 1142 1939 1214 χάριτος

355 1228 431 1292 δὲ,
461 1229 593 1283 ὅταν
629 1229 762 1294 Θεὸς
793 1232 822 1284 ὁ
866 1230 1153 1302 ἄνθρωπος
1180 1235 1293 1295 τοῖς
1319 1233 1498 1301 λόγοις
1523 1234 1886 1306 ὀνομάζηται,
1909 1237 1937 1287 ὁ

352 1319 444 1379 διὰ
482 1321 703 1376 πάντων
727 1322 964 1393 ὑπήκοος
983 1323 1106 1394 Θεῷ
1134 1323 1426 1395 γενόμενος
1460 1323 1770 1397 ἄνθρωπος,
1797 1326 1939 1380 κατά

356 1413 439 1478 διδ,
466 1413 616 1484 Ἐγὼ
634 1412 793 1481 εἶπα,
817 1416 952 1470 Θεοί
970 1416 1132 1484 ἐστε,
1156 1414 1281 1470 οὔτε
1301 1417 1442 1473 κατὰ
1462 1417 1624 1487 φύσιν
1646 1417 1772 1472 οὔτε
1793 1418 1937 1474 κατά

359 1507 547 1578 σχέσιν
574 1508 714 1580 ἔχων
757 1509 818 1563 τὸ
866 1505 1070 1581 εἶναιῆ
1107 1510 1392 1566 καλεῖσθαι
1429 1512 1583 1579 Θεὸς,
1628 1512 1767 1568 ἀλλὰ
1794 1514 1937 1569 κατά

358 1597 513 1653 θέσιν
570 1600 666 1654 καὶ
706 1601 873 1672 χάριν
897 1601 1191 1673 γενόμενός
1222 1619 1284 1656 τε
1316 1603 1412 1657 καὶ
1439 1604 1875 1675 ὀνομαζόμενος
1905 1607 1937 1676 ἡ

358 1690 471 1764 γὰρ
510 1691 671 1762 χάρις
706 1693 807 1763 τῆς
850 1693 1056 1758 θέσεως
1101 1694 1335 1765 ἀσχετός
1384 1697 1504 1749 ἐστι
1549 1696 1935 1761 παντάπασιν,

358 1782 461 1836 οὐκ
489 1782 690 1855 ἔχουσα
719 1786 819 1855 τὴν
842 1786 1057 1840 οἱανοῦν
1076 1787 1334 1860 δεκτικὴν
1367 1789 1571 1859 ἑαυτῆς
1605 1791 1667 1843 ἐν
1689 1792 1756 1861 τῇ
1784 1789 1944 1860 φύσει

360 1875 616 1946 δύναμιν,
661 1877 788 1931 ἐπεὶ
825 1877 925 1932 ούκ
958 1875 1241 1950 ἐτίχάμς
1267 1880 1439 1944 ἐστὶν,
1492 1880 1630 1934 ἀλλὰ
1663 1882 1766 1951 τῆς
1804 1882 1947 1951 κατά

362 1964 465 2035 τὴν
495 1964 730 2037 φυσικὴν
754 1965 986 2038 δύναμιν
1012 1968 1294 2040 ἐνεργείας
1320 1968 1646 2040 φανέρωσις.
1670 1971 1782 2024 Καὶ
1802 1958 1946 2026 οὕτω

363 2072 429 2124 γε
456 2057 619 2115 πάλιν
645 2057 746 2110 οὐκ
779 2057 932 2111 ἔσται
964 2058 1266 2130 παράδοξον
1292 2059 1361 2114 τὸ
1385 2060 1692 2132 γινόμενον,
1730 2064 1779 2116 εί
1804 2064 1947 2118 κατά

363 2147 620 2219 δεκτικὴν
661 2149 879 2219 φύσεως
904 2150 1139 2223 δύναμιν
1178 2154 1212 2221 ή
1244 2152 1440 2218 θέωσις
1468 2150 1556 2227 ἦν.
1587 2155 1809 2221 Φύσεως
1839 2160 1948 2230 γὰρ

365 2238 433 2293 ἂν
468 2240 694 2304 εἰκότως
721 2240 902 2312 ἔργον,
921 2242 1034 2296 ἀλλ’
1058 2243 1119 2296 οὺ
1143 2243 1279 2298 Θεοῦ
1296 2243 1468 2317 δῶρον
1489 2248 1522 2316 ἡ
1549 2246 1747 2313 θέωσις
1771 2249 1945 2317 ἔσται,

368 2331 462 2386 καὶ
494 2331 787 2403 δυνήσεται
818 2333 916 2388 καὶ
950 2334 1136 2407 (194,
1180 2336 1237 2408 α)
1286 2335 1450 2406 φύσει
1488 2337 1621 2403 Θεὸς
1657 2341 1951 2407 ὁτοιοῦτος

368 2419 510 2480 εἶναι
537 2426 634 2478 καὶ
667 2427 878 2498 κυρίως
924 2429 1456 2500 προσαγορεύεσθαι.
1497 2431 1664 2487 Οὐδὲν
1688 2433 1796 2504 γάρ
1823 2434 1950 2489 ἀλλο

369 2515 709 2589 καθέστηκεν
741 2518 775 2589 ἡ
802 2519 945 2573 κατά
978 2518 1144 2586 φύσιν
1184 2519 1294 2575 τῶν
1320 2520 1490 2576 ὄντων
1515 2523 1749 2577 ἑκάστου
1788 2523 1949 2578 δύναα

371 2625 461 2679 μις
494 2609 531 2679 ἢ
556 2608 776 2679 φύσεως
818 2610 959 2681 πρὸς
991 2611 1273 2683 ἐνέργειαν
1320 2614 1679 2686 ἀπαράϐατος
1714 2615 1948 2687 κίνησις.

368 2701 493 2766 Πῶς
519 2703 578 2757 δέ
615 2704 709 2757 καὶ
742 2704 1018 2776 ἐξίστησιν
1052 2705 1249 2760 ἑαυτοῦ
1280 2707 1372 2761 τὸν
1406 2706 1699 2778 θεούμενον
1743 2709 1776 2779 ὴ
1815 2708 1951 2762 θέω-

371 2809 476 2858 σις,
524 2795 573 2847 εί
615 2796 728 2859 τοῖς
769 2796 917 2866 ὅροις
954 2797 1056 2867 τῆς
1101 2797 1319 2865 φύσεως
1363 2798 1502 2870 αὐτὴ
1552 2799 1948 2870 περιείληπτο,

371 2886 607 2942 συνιδεῖν
634 2887 735 2941 οὑκ
780 2887 908 2959 ἔχω.
956 2887 1233 2954 Ὡσαύτως
1258 2890 1327 2943 δέ·
1346 2891 1440 2944 καὶ
1471 2893 1536 2946 ἐκ
1573 2892 1669 2945 τοῦ
1700 2893 1949 2946 ἐναντίου

369 2975 647 3031 ἀπώλειαν
702 2978 796 3033 καὶ
822 3044 826 3048 θ
852 2979 1017 3050 ᾷδην,
1073 2981 1191 3035 καὶ·
1217 2983 1368 3045 υἱοὺς
1412 2982 1714 3052 ἀπωλείας,
1748 2984 1844 3038 καὶ
1881 2983 1952 3038 τά

2038 490 2361 546 substantia:
2387 505 2531 552 esse,
2572 497 2785 558 partem
2821 486 3151 549 affectionis,
3185 496 3402 556 partem
3428 490 3639 558 gratim

2038 591 2136 638 aut
2168 582 2458 653 perniciei.
2501 579 2675 648 Quale
2715 588 2820 646 est,
2879 580 3207 636 substantia:
3256 582 3510 650 quidem,
3564 595 3621 639 ut

2036 687 2164 727 cum
2217 672 2414 729 dicunt
2463 691 2480 724 ι
2516 673 2711 739 ιιοιιιο;
2748 692 2766 724 ι
2818 671 3139 729 ειίῒοοιίοηιιίε
3171 686 3325 740 vero,
3364 682 3438 729 {ut
3492 691 3617 731 cum

2039 766 2243 821 dicunt
2295 785 2315 817 ι
2344 766 2547 832 bonus,
2592 785 2610 818 ι
2669 766 2755 821 vel
2805 785 2824 816 ‹
2856 774 3104 828 sanctus,
3136 784 3155 823 ι
3208 768 3294 822 vel
3345 787 3363 818 ι
3400 769 3623 839 sapiens

2040 860 2227 925 homo,
2262 879 2279 911 ι
2322 868 2437 915 ιιιιι-
2462 861 2803 916 contrarium
2835 861 2968 916 huic
3013 878 3035 911 ‹
3061 861 3239 916 malus
3275 861 3464 925 homo,
3497 883 3515 915 ι
3540 866 3624 918 vel

2048 970 2065 1002 ι
2097 952 2384 1023 insipiens,
2416 970 2435 1003 ι
2474 952 2559 1007 vel
2592 952 2921 1022 «impurus»
2960 951 3050 1024 (ad
3092 952 3303 1023 aliquid
3344 955 3493 1009 enim
3535 957 3623 1010 ali-

2040 1044 2316 1115 quomodo
2362 1059 2420 1100 se
2453 1045 2657 1100 habere
2695 1059 2889 1100 eorum
2927 1060 3052 1115 quae
3080 1046 3373 1119 contrariis
3419 1046 3629 1102 directe

2041 1136 2248 1190 distant
2295 1137 2728 1206 unumquodque
2772 1134 3161 1191 aﬂecliosive
3196 1137 3392 1192 relatio
3423 1153 3630 1208 repraz-

2041 1230 2267 1281 sent'hns
2314 1228 2439 1297 jure
2477 1243 2543 1281 ex
2575 1228 2780 1297 quibus
2821 1228 3130 1283 voluntatis
3159 1228 3415 1286 habitum
3464 1230 3633 1285 habet

2043 1317 2194 1373 intus
2218 1327 2548 1388 conceptum
2576 1319 2859 1389 appellat),
2892 1321 3082 1390 gratiae
3127 1337 3278 1386 vero,
3311 1337 3436 1377 cum
3465 1322 3634 1376 homo

2041 1409 2188 1465 Deus
2224 1411 2282 1465 in
2315 1412 2667 1467 sermonibus
2711 1413 3045 1482 appellatur,
3102 1413 3270 1469 homo
3310 1430 3410 1484 per
3448 1414 3633 1469 omnia

2041 1503 2156 1558 Deo
2189 1503 2456 1561 obediens
2486 1502 2685 1569 factus,
2735 1504 3041 1560 secundum
3086 1504 3269 1559 illud:
3326 1504 3440 1578 Ego
3486 1507 3633 1561 dixi:

2042 1594 2134 1649 Dii
2172 1597 2295 1651 estis
2330 1599 2376 1660 ε,
2406 1612 2512 1652 nec
2570 1606 2769 1655 natura
2816 1613 2919 1653 nec
2961 1597 3256 1653 affectione
3300 1599 3473 1654 Deum
3511 1615 3635 1654 esse

2048 1698 2145 1743 aut
2167 1688 2430 1758 appellari
2453 1688 2688 1754 habens,
2723 1689 2820 1746 sed
2847 1690 3129 1760 positione
3165 1698 3221 1745 et
3255 1690 3433 1762 gratia
3456 1689 3642 1745 factus

2048 1788 2104 1836 et
2134 1781 2477 1851 appellatus;
2502 1781 2795 1852 positionis
2812 1784 2962 1837 enim
2987 1785 3161 1854 gratia
3185 1784 3482 1840 affectione
3510 1799 3635 1837 ‘om-

2046 1872 2180 1927 nino
2212 1881 2388 1939 caret,
2436 1889 2544 1929 nec
2567 1874 2737 1929 habet
2765 1878 3215 1947 qualemcunque
3234 1878 3335 1931 ‘sui
3373 1891 3632 1947 capacem

2046 1966 2103 2020 in
2130 1975 2327 2027 natura
2352 1973 2703 2036 potestatem,
2741 1984 2870 2023 cum
2897 1985 3009 2023 non
3038 1970 3279 2040 amplius
3322 1970 3499 2041 gratia
3537 1969 3633 2031 sit,

2048 2058 2141 2114 sed
2173 2058 2397 2113 virtutis
2428 2060 2667 2115 naturali
2699 2060 2961 2117 facultate
2995 2062 3212 2133 agentis
3250 2070 3307 2117 et
3346 2061 3655 2117 eilicientis,

2047 2148 2443 2206 manifestatio.
2476 2151 2657 2222 Atque
2687 2152 2770 2208 sic
2801 2169 3025 2208 rursum
3057 2152 3208 2224 quod
3248 2154 3309 2208 ﬁt
3338 2153 3489 2208 haud
3525 2153 3635 2207 mi-

2051 2225 2175 2296 rum
2212 2244 2339 2309 erit,
2374 2242 2418 2297 si
2450 2258 2549 2314 per
2583 2258 2843 2314 capacem
2885 2255 3119 2299 naturae"
3145 2244 3463 2298 facultatem
3514 2241 3637 2299 dei~

2051 2331 2239 2388 ﬁcatio
2269 2333 2434 2390 foret.
2481 2335 2705 2391 Natura:
2750 2335 2899 2390 enim
2952 2337 3322 2407 probabiliter
3372 2353 3534 2407 opus.
3581 2345 3638 2392 at

2050 2441 2161 2481 non
2195 2426 2294 2482 Dei
2320 2427 2527 2483 donum
2555 2429 2835 2485 deificatio
2869 2438 3040 2494 esset,
3064 2441 3124 2485 et
3169 2431 3295 2486 talis
3326 2431 3493 2487 etiam
3540 2447 3639 2486 na-

2055 2526 2176 2574 tura
2210 2522 2356 2577 Deus
2382 2522 2501 2578 ﬁeri
2530 2524 2913 2595 appellarique
2964 2526 3189 2597 preprie
3235 2535 3444 2596 posset.
3488 2525 3639 2580 Nihil

2053 2615 2205 2669 enim
2248 2616 2399 2671 aliud
2427 2627 2513 2673 est
2552 2619 2828 2675 naturalis
2860 2634 3046 2675 rerum
3077 2636 3200 2691 qua:
3230 2620 3509 2676 exsistunt
3544 2634 3641 2675 cu~

2048 2705 2247 2777 jusque
2272 2707 2507 2763 facultas
2530 2724 2696 2779 quam
2729 2718 2943 2764 naturae
2969 2709 3035 2763 ad
3066 2708 3339 2780 agendum
3367 2716 3645 2779 perpetua.

2051 2798 2243 2852 motio.
2276 2799 2565 2864 Quomodo
2590 2808 2774 2855 autem
2804 2800 3088 2855 deiﬁcatio
3118 2814 3245 2855 cum
3286 2801 3379 2869 qui
3407 2799 3637 2854 deifica-

2054 2894 2145 2941 tur
2174 2904 2204 2942 a
2235 2904 2293 2942 se
2337 2888 2459 2959 ipso
2491 2889 2722 2955 alienet,
2775 2891 2820 2945 si
2882 2905 2947 2944 ea
2989 2899 3205 2944 natura:
3254 2889 3459 2945 ﬁnibus
3487 2905 3640 2944 com-

2054 2976 2330 3047 prehensa
2359 2986 2503 3044 erat,
2542 2972 2650 3034 hoc
2690 2980 3008 3049 intelligere
3044 2994 3152 3033 non
3190 2994 3439 3049 possum.
3465 2978 3643 3049 [Eque

366 3064 594 3120 τοιαῦτα
619 3069 1092 3140 προσαγορεύουσι
1140 3071 1268 3136 τοὺς
1295 3073 1358 3125 τὸ
1389 3072 1462 3143 μὴ
1493 3072 1553 3126 ὃν
1597 3075 1738 3128 κατά
1772 3075 1950 3130 διάθε-

2053 3082 2189 3123 vero
2213 3069 2380 3122 etiam
2412 3084 2482 3123 ex
2518 3055 2800 3124 contrario
2822 3069 3129 3139 perniciem
3160 3077 3216 3124 et
3252 3069 3554 3137 infernum,
3588 3082 3661 3127 et.

371 3175 457 3212 σιν
496 3160 711 3223 ἑαυτοῖς
742 3161 1178 3232 ύποστήσαντας,
1203 3164 1299 3217 καὶ
1326 3165 1442 3229 τοῖς
1466 3165 1692 3235 τρόποις
1721 3167 1876 3239 αὐτῷ
1909 3170 1955 3202 ⁸⁸

368 3248 460 3305 διὰ
499 3250 718 3305 πάντων
748 3253 1084 3324 γενομένους
1128 3260 1527 3328 παρεμφερεῖς.
1574 3253 1744 3329 Οἶμαι
1774 3260 1956 3316 τοίνυν

367 3342 462 3396 τὸν
499 3342 655 3411 ἅγιον
691 3345 881 3399 τοῦτον
914 3348 1011 3399 καὶ
1051 3346 1226 3418 μέγαν
1263 3348 1588 3404 διδάσκαλον
1611 3353 1704 3405 ἐπὶ
1729 3352 1855 3406 νοῦν
1887 3355 1958 3409 τά

371 3436 748 3508 προειρημένα
784 3436 1018 3492 λαϐόντα
1045 3438 1144 3509 τὴν
1189 3440 1248 3494 ἐν
1297 3441 1510 3505 τούτοις
1561 3444 1820 3516 ἁρπαγὴν
1861 3447 1959 3501 τοῦ

372 3526 533 3595 ἁγίου
577 3528 902 3582 Ἀποστόλου
948 3529 1341 3596 διασκευάσαι,
1398 3535 1696 3604 προσφυῶς
1741 3537 1958 3610 ἑκάστῳ

371 3618 471 3689 τὴν
497 3619 847 3690 ἁρμόζουσαν
875 3621 1060 3694 φωνὴν
1083 3620 1493 3694 ἀπονείμαντα.’
1521 3626 1615 3680 Διὸ
1642 3645 1661 3679 ι
1690 3629 1948 3699 πρόοδον»

375 3712 475 3782 μὲν
514 3713 677 3767 αὑτὸν
709 3714 925 3768 ὑπονοῶ
953 3715 1139 3784 ’λέγειν
1164 3717 1263 3787 τὴν
1301 3717 1406 3782 ἔξω
1436 3719 1538 3789 τῆς
1561 3723 1798 3791 φυσικῆς
1817 3724 1953 3779 ἀνά-

373 3820 515 3874 γκης
556 3805 648 3859 τὸν
675 3805 833 3874 ἅγιον
873 3806 1196 3861 Ἀπόστολον
1227 3811 1660 3880 καταστήσασαν
1692 3813 1790 3884 τῆς
1829 3814 1960 3886 ἀρε-

373 3896 474 3965 τῆς
506 3897 651 3953 κατὰ
682 3897 782 3971 τὴν
810 3899 923 3966 ἕξιν
945 3900 1235 3968 ἀπάθειαν,
1261 3900 1385 3954 καθ’
1407 3902 1472 3974 ἢν
1496 3903 1756 3974 οὐδεμίαν
1785 3905 1959 3961 εἵλετο

375 3990 513 4061 πρὸς
556 3991 657 4063 τὴν
701 3992 866 4062 φύσιν
913 3991 1057 4063 ἔχειν
1098 3993 1475 4066 προαιρέσεως
1504 3995 1709 4065 σχέσιν,
1741 3998 1817 4062 ὡς
1863 4000 1959 4053 καὶ

375 4080 548 4150 αὐτῆς
576 4083 676 4152 τῆς
699 4083 819 4136 κατ’
844 4084 1099 4153 αἴσθησιν
1138 4086 1377 4155 φυσικῆς
1411 4086 1694 4157 ἐνεργείας
1728 4070 1834 4156 ἔξω
1865 4107 1959 4160 γε·

376 4173 621 4241 νόμενον,
679 4175 879 4244 μᾶλλον
917 4177 974 4230 δέ
1019 4176 1115 4230 καὶ
1156 4177 1362 4247 ταύτην
1405 4179 1542 4247 πρὸς
1577 4186 1955 4255 πνευματικὴν

374 4265 491 4332 ἕξιν
548 4267 944 4339 μεταϐαλόντα·
983 4288 1002 4319 ι
1040 4268 1364 4325 ἀνάϐασιν“›
1396 4270 1453 4324 δὲ
1501 4274 1688 4344 τηντε
1733 4275 1841 4330 τῶν
1873 4279 1959 4331 atl-

378 4359 591 4432 σθητῶν
623 4361 842 4415 πάντων
881 4361 1189 4433 ἀπόλειψιν,
1223 4364 1326 4417 ούκ
1378 4363 1458 4418 ἔτι
1509 4366 1877 4437 ἐνεργούντων
1922 4372 1954 4442 ἢ

2056 3158 2325 3228 perniciei
2362 3158 2561 3225 ﬁlios,‘
2589 3167 2647 3216 et
2672 3159 2872 3215 similia
2909 3157 3194 3231 appellant
3235 3175 3333 3217 eos
3360 3162 3456 3231 qui
3494 3162 3643 3233 quod

2057 3267 2169 3306 non
2199 3259 2283 3307 est
2310 3248 2618 3307 secundum
2667 3252 3021 3307 aﬂ'ectionem
3055 3251 3162 3306 sibi
3217 3261 3641 3322 repraesentant,

2057 3345 2424 3416 moribusque
2453 3346 2505 3400 ei
2542 3361 2641 3415 per
2668 3345 2853 3401 omnia
2886 3345 3015 3400 facti
3052 3352 3186 3400 sunt
3215 3361 3503 3415 suppares.
3540 3346 3644 3400 Ar-

2056 3437 2239 3492 bitror
2272 3438 2440 3509 igitur
2473 3437 2625 3494 hunc
2650 3447 2906 3494 sanctum
2934 3447 2991 3493 et
3029 3454 3288 3510 magnum
3317 3439 3643 3509 magistrum

2059 3540 2184 3586 cum
2234 3531 2288 3586 in
2312 3544 2376 3586 ea
2432 3546 2557 3601 quae
2611 3546 2779 3601 supra
2828 3530 2942 3587 dixi
3008 3530 3255 3585 animum
3317 3520 3648 3587 intendisset

2059 3630 2549 3685 commemoratum
2584 3622 2701 3679 illic
2724 3622 2899 3677 sancti
2931 3622 3180 3695 Apostoli
3211 3631 3431 3695 raptum
3481 3641 3644 3680 exor-

2058 3728 2239 3779 nasse,
2272 3718 2397 3783 apte
2431 3728 2589 3771 suam
2624 3713 2829 3785 cuique
2868 3730 3060 3771 vocem
3116 3725 3172 3772 et
3216 3727 3640 3772 consentancam

2061 3807 2469 3864 distribuendo.
2523 3809 2706 3877 Quare
2763 3827 2781 3862 ι
2846 3811 3295 3882 progressionem
3342 3831 3359 3863 ι
3423 3812 3659 3883 quidem-

2060 3913 2188 3954 eum
2221 3897 2407 3954 dicere
2440 3899 2693 3970 suspicor
2750 3899 2979 3955 virtutis
3032 3900 3341 3957 secundum
3392 3890 3646 3979 habitum

2059 3992 2561 4063 impassihilitatem
2627 4010 2750 4065 quae
2803 4002 3057 4053 sanctum
3108 3984 3436 4067 Apostolum
3493 4007 3689 4052 extra.

2059 4087 2364 4141 naturalem
2427 4088 2818 4143 necessitatem
2869 4089 3210 4154 constituat,
3276 4106 3385 4160 qua
3439 4090 3646 4145 nullam

2061 4180 2363 4236 voluntatis
2414 4181 2482 4236 ad
2515 4190 2772 4236 naturam
2808 4181 3133 4238 relationem
3186 4181 3394 4239 habere
3448 4176 3648 4245 voluit,

2061 4289 2186 4329 cum
2211 4286 2368 4333 extra
2396 4274 2570 4345 ipsam
2601 4289 2826 4345 quoque
2852 4275 3159 4329 naturalem
3194 4274 3501 4330 secundum
3522 4290 3650 4329 sen-

2063 4383 2183 4423 sum
2222 4368 2498 4423 actionem
2544 4368 2882 4424 constitutus
2914 4376 3091 4434 esset,
3140 4368 3253 4423 imo
3284 4368 3475 4439 potius
3510 4367 3659 4422 hanc

377 4451 792 4521 ἐνεργουμένων
844 4452 976 4524 παρ’
1022 4452 1172 4525 αύτῷ
1215 4454 1358 4510 κατά
1403 4454 1503 4527 τὴν
1538 4456 1829 4527 αἴσθησιν,
1864 4440 1950 4515 καί

2064 4475 2285 4531 quoque
2312 4460 2369 4514 in
2404 4459 2747 4530 Spiritualem
2770 4460 3022 4517 habitum
3051 4461 3418 4517 convertisset
3455 4478 3467 4515 :
3507 4479 3524 4512 ι
3566 4477 3656 4516 as-

377 4542 478 4612 τῆς
517 4544 648 4615 περὶ
695 4544 834 4599 αὐτὰ
872 4544 1015 4599 κατά
1046 4545 1210 4616 φύσιν
1252 4547 1310 4600 ἐν
1341 4547 1617 4616 πνεύματι
1648 4554 1959 4623 γνωστικῆς

378 4635 616 4707 θεωρίας
650 4637 987 4709 ὑπέρϐασιν·
1014 4657 1032 4690 ι
1072 4639 1340 4710 ἀνάληψις
1372 4659 1389 4692 ι
1426 4640 1483 4695 δὲ
1504 4641 1603 4714 τὴν
1633 4643 1691 4695 ἐν
1716 4642 1795 4714 τῷ
1835 4644 1955 4715 Θεῷ

378 4727 679 4799 γενομένην
702 4729 853 4799 αύτῷ
889 4731 1027 4802 μετά
1064 4731 1239 4786 ταῦτα
1294 4734 1463 4804 μονήν
1492 4750 1553 4787 τε
1599 4734 1694 4788 καὶ
1724 4735 1956 4806 ἵδρυσιν,

379 4819 445 4887 ἢν
476 4819 803 4890 προσφόρως
835 4841 853 4873 ι
890 4822 1157 4894 ἀνάληψιν
1192 4843 1210 4877 ι
1250 4825 1279 4877 ὁ
1309 4825 1632 4891 διδάσκαλος
1677 4822 1849 4892 εἶπεν,
1884 4828 1960 4892 ὡς

381 4911 621 4965 παθόντα
658 4912 857 4980 μᾶλλον
881 4914 914 4984 ἢ
940 4915 1214 4986 δράσαντα
1243 4912 1341 4970 τὸν
1360 4917 1685 4971 Ἀπόστολον
1708 4920 1808 4991 τὴν
1830 4919 1962 4973 ἀνά-

381 5000 544 5070 ληψιν
579 5000 1009 5071 ἐνδεικνύμενος.
1063 5007 1128 5059 Ἥ
1166 5006 1434 5077 ἀνάληψις
1469 5008 1578 5079 γὰρ
1622 5009 1793 5072 πάθος
1847 5012 1964 5064 ἐστὶ

384 5094 475 5146 τοῦ
511 5094 1065 5166 ἀναλαμϐανομένου,
1117 5097 1304 5171 (194
1354 5100 1403 5171 b)
1466 5101 1719 5172 ἐνέργεια
1767 5103 1824 5155 δὲ
1866 5104 1961 5159 τοῦ

384 5186 880 5257 ἀναλαμϐάνοντος.
942 5184 1042 5244 Ὧν
1098 5191 1390 5264 τοιγαροῦν
1447 5194 1695 5263 φυσικῶν
1759 5213 1818 5249 τε
1871 5201 1965 5250 καὶ

385 5281 652 5351 σχετικῶν
686 5281 965 5353 ὀνομάτων
1011 5285 1225 5356 ὑπῆρχε
1280 5287 1483 5359 Κύριος
1523 5289 1550 5340 ὁ
1611 5282 1961 5353 Ἀπόσ-ὲολος,

386 5376 527 5430 κατά
549 5394 608 5430 τε
640 5377 801 5446 φύσιν
836 5377 927 5430 καὶ
961 5379 1143 5448 σχέσιν
1176 5381 1420 5454 ὑπερέϐη
1453 5382 1552 5454 τὴν
1585 5376 1799 5453 κλῆσιν.
1821 5383 1963 5453 ὑπὲρ

396 5470 547 5538 ρύσιν
570 5474 660 5524 καὶ
688 5471 887 5543 ἀρετὴν
918 5472 1009 5525 καὶ
1040 5475 1245 5541 γνῶσιν
1274 5476 1623 5548 ἀνθρωπίνην
1649 5477 1963 5547 γενόμενος.

457 5622 482 5661 ε
512 5614 665 5667 .loau.
694 5630 744 5674 Χ,
781 5614 870 5665 5i.

2067 4552 2384 4609 censionem
2424 4573 2442 4604 ι
2487 4567 2622 4608 vero
2651 4555 2899 4609 omnium
2939 4553 3289 4609 sensibilium
3337 4553 3657 4609 derelictio-

2067 4645 2215 4710 nem,
2239 4660 2362 4715 quae
2387 4661 2495 4700 non
2532 4645 2770 4716 amplius
2800 4656 3031 4718 agerent
3061 4654 3157 4702 aut
3182 4656 3478 4719 agerentur
3509 4646 3563 4699 in
3594 4660 3659 4698 eo

2067 4735 2373 4790 secundum
2403 4751 2649 4800 sensum,
2686 4745 2743 4791 et
2778 4734 3052 4793 naturalis
3084 4738 3139 4793 in
3169 4738 3372 4809 spiritu
3414 4738 3560 4792 circa
3596 4752 3661 4790 ea

2069 4829 2331 4905 gnosticte
2368 4830 2855 4900 contemplationis
2896 4831 3394 4901 transgressionem
3439 4847 3451 4882 :
3509 4847 3526 4879 ι
3570 4843 3659 4881 as-

2067 4919 2438 4990 sumptioncm
2473 4942 2489 4973 ι
2520 4937 2652 4976 vero
2684 4922 2738 4975 in
2770 4922 2882 4977 Deo
2906 4938 3031 4992 quae
3061 4923 3293 4992 posthac
3322 4920 3480 4977 ﬁeret
3503 4936 3658 4973 man-

2067 5010 2278 5064 sionem
2316 5020 2372 5065 et
2420 5010 2878 5078 mdiﬂcatiouem,
2921 5028 3086 5084 quam
3139 5011 3407 5085 magister
3457 5012 3659 5065 idoneo

2063 5118 2195 5157 sane
2229 5103 2500 5157 vocabulo
2538 5124 2555 5154 ι
2589 5104 3027 5174 assumptionem
3068 5124 3086 5155 ›
3118 5104 3359 5169 vocavit,
3395 5119 3505 5172 quo
3538 5117 3660 5173 pas«

2065 5212 2185 5250 sum
2241 5195 2414 5267 magis
2438 5212 2560 5250 esse
2588 5213 2752 5267 quam
2800 5196 2979 5267 egisse
3024 5197 3459 5267 assumptiOnem
3510 5194 3660 5265 Apo-

2066 5291 2268 5345 stolum
2304 5290 2659 5362 signiﬁcaret.
2685 5290 3002 5359 Assumptio
3036 5290 3183 5343 enim
3212 5289 3397 5359 passio
3421 5299 3506 5344 est
3536 5289 3658 5358 ejus

2069 5382 2162 5453 qui
2215 5382 2557 5446 assumitur,
2619 5380 2764 5435 actio
2821 5389 3006 5434 autem
3060 5381 3181 5449 ejus
3249 5380 3342 5448 qui
3399 5377 3653 5431 assumit.

2068 5473 2311 5540 Quorum
2341 5474 2508 5545 igitur
2537 5471 2869 5529 naturalium
2899 5479 2951 5525 et
2983 5469 3334 5523 relativorum
3370 5468 3659 5523 nominum

1656 5682 1890 5737 VAIlI/E
1932 5679 2336 5736 Ll'IC'I'IONES.

458 5752 503 5785 ²⁸
532 5752 661 5805 αὐτὸ
694 5750 817 5806 cod.
852 5748 989 5805 Gud.
