4038 6146
264 290 397 361 1241

1536 293 2060 357 AMBIGUORUM
2098 296 2354 359 LIBER.

3393 295 3531 363 1249

265 403 534 477 ὑπεροχαὶ
578 401 669 458 διὰ
704 401 807 474 τὴν
853 400 1047 471 ὕφεσιν
1097 400 1217 464 ταῖς
1273 400 1393 471 μετ’
1418 401 1592 467 αὑτὰς
1633 403 1828 472 ἀποειιοὶ¹

1947 403 2120 459 Deum
2149 402 2357 473 excipit
2379 402 2686 461 secundum
2714 403 3091 474 cognitionem
3131 411 3376 474 negatio,
3404 423 3529 478 qua:

262 512 506 551 σκονται.
578 494 667 558 Ὧς
716 496 827 565 γὰρ
862 493 1006 564 άπερ
1048 493 1209 565 ἡμεῖς
1242 494 1381 545 νοεῖν
1425 493 1486 545 οὐ
1538 492 1841 563 δυνάμεθα,

261 591 375 655 τοῖς
412 587 552 658 ὑπὲρ
585 587 736 658 ἡμᾶς
774 584 951 654 ἁγίοις
1001 583 1254 654 ἀγγέλοις
1302 583 1411 637 eici.
1461 584 1665 663 νοητά,
1698 584 1843 639 οὕτω

261 681 358 747 καὶ
386 681 500 749 τοῖς
540 678 683 750 ὑπὲρ
709 679 854 749 ἡμᾶς
890 676 1068 746 ἁγίοις
1094 676 1348 746 ἀγγέλοις
1373 676 1442 731 τὰ
1468 677 1544 747 μὴ
1572 677 1840 747 νοούμενα

258 775 375 838 τοῖς
410 771 553 843 ὑπὲρ
592 769 792 833 αὐτοὺς
830 769 1010 838 ἁγίοις
1061 767 1318 837 ἀγγέλοις
1366 768 1476 821 εἰσὶ
1514 768 1706 839 νοητὰ,
1743 767 1842 823 καὶ

259 864 403 931 οὕτω
443 862 568 917 καθ’
599 860 729 933 ἑξῆς
777 861 885 918 ἀπὸ
915 859 1196 930 δυνάμεως
1226 860 1306 923 είς
1352 856 1583 927 δύναμιν
1612 857 1843 913 ἀναϐαί-

259 976 367 1023 νων
386 960 416 1012 ὁ
443 956 601 1026 λόγος
635 955 732 1012 καὶ
760 953 1085 1024 ὑψούμενος,
1114 951 1210 1005 καὶ
1235 950 1418 1014 πάσας
1447 949 1633 1016 τάξεις
1658 967 1718 1003 τε
1746 948 1840 1002 καὶ

258 1048 516 1119 δυνάμεις
540 1046 853 1111 διαϐαίνων,
891 1045 972 1108 εἰς
1007 1044 1066 1097 τὸ
1105 1042 1345 1116 ἄρρητον
1371 1061 1432 1096 τε
1472 1042 1568 1103 καὶ
1610 1042 1839 1112 ἀνόητον

257 1142 415 1214 λήγει
445 1143 538 1203 καὶ
567 1120 849 1202 παντελῶς
894 1135 1194 1207 ἄγνωστον.
1251 1136 1315 1190 Ei
1353 1135 1534 1191 τοίνυν
1566 1134 1710 1190 κατά
1749 1134 1841 1191 τὸν

271 1231 668 1303 Ἀρεοπαγίτην
701 1226 981 1283 Διονύσιον
1019 1228 1077 1280 ai
1109 1225 1209 1297 μὲν
1247 1225 1553 1295 ἀποφάσεις
1595 1224 1688 1278 ἐπὶ
1729 1224 1839 1277 τῶν

257 1326 417 1381 θείων
445 1323 665 1395 ἀληθείς
705 1322 808 1394 (6),
838 1321 895 1375 αἱ
934 1319 991 1372 δὲ
1022 1319 1366 1389 καταφάσεις
1396 1319 1732 1388 ἀνάρμοστοι
1769 1317 1836 1388 τῇ

257 1418 586 1491 κρυφιότητι
612 1472 619 1479 ,
645 1405 755 1473 τῶν
808 1415 1166 1495 ἀπορρήτων,
1205 1413 1432 1485 εἰκότως
1468 1411 1498 1466 ὁ
1549 1408 1836 1474 θεσπέσιος

268 1508 592 1572 Ἀπόστολος
620 1505 815 1561 πασῶν
836 1505 960 1563 ’τῶν
995 1505 1307 1570 κατ’,αὐτδν
1329 1503 1585 1580 γνώσεων
1618 1504 1837 1575 ἀποφή-

257 1619 356 1665 σας
393 1600 494 1672 τὴν
522 1601 732 1670 νόησιν,
780 1600 876 1653 καὶ
907 1597 1092 1669 πάσης
1122 1597 1381 1668 ὑπεράνω
1406 1597 1701 1668 γενόμενος
1725 1595 1836 1657 τῶν

251 1696 425 1749 ὄντων
462 1694 722 1765 σχέσεως,
743 1690 869 1746 οὔτε
890 1692 966 1769 ,ἐν
998 1690 1237 1762 σώματι,
1264 1688 1451 1754 καθὼς
1482 1688 1660 1754 εἶπεν,
1692 1689 1835 1753 εἰκό-

250 1803 359 1848 τως
400 1780 490 1856 ἦν,
532 1781 860 1855 ἐνεργοῦσαν
912 1781 1013 1836 οὐκ
1054 1779 1195 1852 ἔχων
1235 1780 1337 1857 τὴν
1381 1778 1656 1851 αἴσθησιν,
1708 1777 1835 1832 οὔτε

252 1877 410 1941 ἐκτὸς
439 1872 597 1939 αὖθις
623 1873 719 1928 τοῦ
749 1860 1022 1945 σώματος,
1050 1871 1328 1945 ἀργοῦσαν
1358 1872 1498 1944 ἔχων
1522 1872 1623 1945 τὴν
1647 1871 1835 1943 νόησιν

252 1966 395 2022 κατὰ
426 1967 518 2020 τὸν
546 1965 738 2045 καιρὸν
759 1968 858 2038 τῆς
883 1964 1032 2035 αὐτῷ
1060 1964 1362 2037 γενομένης
1395 1965 1681 2037 ἁρπαγῆς,
1709 1965 1835 2019 καθ’

252 2060 320 2133 ἢν
353 2058 652 2131 ἀφράστως
684 2074 744 2112 τε
771 2059 866 2112 καὶ
898 2055 1198 2126 ἀγνώστως
1221 2057 1344 2111 τινά
1376 2056 1666 2127 δεξάμενος
1692 2055 1836 2117 κατά

253 2152 456 2222 μύησιν
483 2149 856 2221 ὑπερκόσμιον
904 2149 1133 2220 ῥήματα
1190 2151 1318 2220 σιγῇ
1370 2149 1545 2202 ταῦτα
1591 2151 1834 2220 τιμήσας

249 2242 484 2312 ξφύλαξε
519 2241 1135 2314 παντελῶςάνέκφορα,
1176 2241 1255 2306 ὡς
1306 2241 1449 2313 μήτε
1490 2241 1581 2295 νοῦ
1615 2243 1831 2312 νοῆσαι,

253 2336 393 2406 μήτε
423 2334 679 2406 γλώσσης
719 2334 975 2405 λαλῆσαι,
1010 2335 1151 2406 μήτε
1193 2335 1367 2405 ἀκοῆς
1397 2333 1539 2388 αὐτὰ
1568 2332 1835 2401 δέξασθαι

248 2427 586 2498 δυναμένων.
634 2428 788 2492 [Ioni
815 2427 899 2495 δὲ,
939 2426 1123 2491 καθὼς
1155 2428 1204 2481 oi
1242 2422 1644 2499 πεπειραμένοι
1672 2426 1829 2496 φασὶ,

248 2517 347 2599 τὴν
377 2517 475 2589 μὲν
507 2519 565 2579 ἐν
595 2519 661 2589 τῇ
691 2514 948 2589 λεχθείσῃ
984 2535 1004 2571 ι
1045 2517 1261 2590 προόδῳ
1298 2536 1317 2569 ›
1358 2518 1460 2588 τῆς
1498 2519 1702 2589 ἀρετῆς
1734 2534 1831 2571 τε-

246 2608 398 2677 λείαν
435 2609 636 2682 πρᾶξιν
681 2609 866 2674 πίστις
915 2608 1053 2682 ὀρθὴ
1102 2611 1199 2664 καὶ
1230 2609 1394 2678 φόϐος
1421 2611 1502 2674 είς
1543 2609 1676 2663 Θεὸν
1708 2608 1832 2663 ἀνό-

248 2702 461 2766 θευτος,
501 2702 602 2773 τὴν
638 2702 697 2756 δὲ
738 2702 880 2765 κατὰ
911 2702 1011 2774 τὴν
1039 2701 1305 2756 ἀνάόασιν
1329 2700 1632 2756 ἄπταιστον
1665 2717 1827 2770 φυσι-

246 2793 352 2866 κὴν
390 2794 624 2866 Θεωρίαν
666 2795 821 2858 ἐλπὶς
856 2794 1043 2868 (196
1077 2793 1133 2866 a)
1173 2793 1367 2863 βεϐαία
1420 2794 1511 2849 καὶ
1544 2792 1827 2864 άλὼϐητος

246 2885 484 2952 σύνεσις,
512 2886 614 2958 τὴν
643 2887 701 2941 δὲ
726 2887 867 2941 κατὰ
895 2889 996 2955 τὴν
1028 2907 1046 2939 ι
1068 2886 1336 2956 ἀνάληψιν
1375 2906 1394 2939 ι
1413 2886 1609 2949 θέωσιν
1636 2888 1826 2959 ἀγάπη

241 2979 448 3047 τελεία,
481 2982 577 3034 καὶ
617 2979 744 3044 νοῦς
788 2982 901 3043 τοῖς
948 2974 1236 3037 οὖσι’καθ’
1267 2978 1541 3051 ὑπεροχὴν
1589 2982 1827 3049 πάμπαν

1945 510 1974 548 a
2007 494 2161 548 nullo
2195 494 2425 549 omnino
2455 509 2648 550 eorum
2675 512 2798 565 qua:
2828 504 2958 557 sunt
2995 493 3321 561 aﬂirmatur,
3346 514 3528 569 neque

1945 586 2092 649 ullus
2125 586 2194 642 dc
2225 595 2427 642 caetero
2464 588 2692 642 omnino
2740 587 2868 652 ﬁnis
2911 595 3091 642 exstat
3129 597 3227 644 aut
3259 591 3530 646 terminus

1947 678 2045 748 qui
2098 678 2245 733 banc
2275 679 2627 749 negationem
2670 679 3129 753 comprehendat.
3154 679 3526 749 Quemadmo-

1942 769 2074 823 dum
2105 768 2252 824 enim
2286 770 2634 833 sensibilium
2669 771 2980 826 secundum
3013 780 3271 830 naturam
3304 776 3527 845 negatio

1941 871 2072 917 sunt
2111 862 2505 935 intelligibilia,
2550 864 2622 919 ita
2661 863 2829 925 etiam
2869 865 2925 925 in
2960 864 3042 919 eis
3065 867 3159 934 qui
3179 868 3523 936 superiorem

1942 955 2212 1011 mundum
2236 956 2519 1026 complent
2541 957 2797 1015 essentiis
2816 973 2880 1011 ac
2912 954 3283 1027 potestatibus
3323 961 3527 1029 prima-

1941 1046 2152 1103 riorum
2202 1048 2512 1105 secundum
2543 1048 2642 1103 Dei
2669 1048 3045 1119 cognitionem
3078 1065 3203 1120 qua:
3245 1051 3529 1104 excellunt

1939 1147 2170 1209 prepter
2212 1140 2644 1199 submissionem
2697 1141 2782 1195 eis
2812 1157 2937 1210 quae
2977 1150 3105 1213 post
3148 1157 3207 1197 se
3240 1153 3372 1197 sunt
3424 1156 3524 1195 ne-

1938 1240 2158 1301 gantur.
2185 1232 2258 1288 Ut
2295 1233 2445 1287 enim
2461 1249 2585 1302 quae
2601 1248 2706 1287 nos
2730 1233 3043 1303 intelligere
3067 1249 3179 1303 non
3202 1238 3531 1304 possumus,

1937 1321 2165 1386 sanctis,
2197 1322 2416 1390 quinos
2453 1326 2741 1391 superant,
2781 1323 2994 1392 angelis
3044 1323 3328 1387 intellecta
3371 1332 3521 1386 sunt,

1937 1413 2015 1468 ita
2046 1429 2169 1483 qua:
2192 1414 2403 1484 angelis
2428 1428 2532 1469 nos
2574 1414 2970 1483 superantibus
2996 1456 3012 1480 ,
3047 1431 3158 1469 non
3189 1427 3321 1472 sunt
3356 1415 3521 1469 intqu

1935 1505 2077 1561 lecta
2107 1505 2189 1560 eis
2228 1512 2362 1561 sunt
2416 1505 2628 1575 angelis
2663 1504 2873 1561 sanctis
2911 1505 3198 1560 intellecta
3245 1522 3368 1575 quae
3422 1506 3524 1559 hos

1935 1607 2220 1671 superant,
2249 1607 2415 1669 atque
2451 1601 2528 1655 ita
2559 1599 2827 1670 deinceps
2872 1607 3213 1669 apotestate
3261 1599 3319 1653 in
3368 1611 3525 1670 pote~

1937 1697 2135 1747 statem
2167 1690 2474 1753 ascendens
2506 1691 2673 1757 ratio,
2711 1700 2767 1747 et
2792 1692 3050 1759 exaltata,
3077 1704 3133 1748 et
3153 1708 3348 1747 omnes
3369 1692 3523 1747 ordi-

1936 1798 2038 1837 nes
2059 1791 2228 1853 atque
2260 1790 2568 1855 potestates
2595 1791 2960 1856 transgressa,
3012 1785 3066 1838 in
3110 1785 3391 1840 ineffabile
3421 1785 3523 1841 de.

1935 1872 2072 1941 sinit
2107 1888 2172 1926 ac
2233 1872 2396 1943 plane
2451 1872 2818 1943 incognitum.
2863 1874 3056 1945 Itaque
3121 1875 3168 1929 si
3214 1874 3521 1935 secundum

1934 1966 2673 2039 DionysiumAreopagitam
2697 1968 3021 2037 negationes
3051 1967 3103 2022 in
3128 1969 3294 2023 rebus
3315 1968 3524 2023 divinis

1934 2059 2225 2114 veritatem
2259 2059 2489 2125 habent,
2513 2066 2708 2114 contra
2734 2058 3132 2117 atﬁrmationes
3160 2076 3349 2135 rerum
3382 2060 3524 2116 inef—

1933 2150 2186 2206 fabilium
2214 2150 2543 2206 obscuritati
2566 2166 2677 2205 non
2702 2152 3086 2217 conveniunt,
3123 2152 3350 2207 divinus
3373 2153 3524 2223 Apo-

1934 2244 2110 2301 stolus
2127 2243 2376 2308 omnium
2407 2258 2637 2305 suarum
2673 2244 3055 2314 cognitionum
3100 2245 3389 2301 intellectu
3416 2260 3519 2300 ne-

1931 2345 2079 2409 gato,
2127 2338 2391 2404 omnique
2440 2352 2626 2392 rerum
2655 2353 2783 2407 qua:
2829 2346 2960 2395 sunt
3006 2338 3302 2394 aﬂ‘ectione
3355 2352 3523 2405 supe—

1930 2438 2072 2493 rata,
2119 2445 2300 2499 neque
2353 2429 2409 2483 in
2464 2444 2719 2500 corpore,
2772 2438 2836 2484 ut
2876 2429 3055 2496 dixit,
3091 2430 3266 2489 fuisse
3321 2429 3520 2500 proha-

1930 2521 2118 2579 biliter
2155 2523 2427 2585 videatur,
2478 2536 2610 2599 cum
2665 2522 2907 2577 activum
2940 2538 3050 2587 non
3093 2522 3327 2587 haberet
3384 2538 3519 2578 sen-

1930 2628 2077 2678 sum,
2111 2629 2293 2684 neque
2325 2621 2521 2671 rursus
2553 2623 2710 2670 extra
2734 2629 2940 2686 corpus
2966 2656 2980 2681 ,
3015 2632 3144 2672 cum
3174 2615 3520 2677 intellectum

1931 2705 2136 2761 habere
2179 2714 2489 2764 cessantem
2517 2722 2584 2763 eo
2615 2722 2726 2775 quo
2752 2715 2945 2777 raptus
2992 2715 3078 2762 est
3106 2714 3377 2777 tempore.
3407 2723 3520 2778 quo

1931 2798 1986 2852 in
2017 2806 2178 2867 raptu
2197 2797 2552 2859 inenarrabili
2574 2798 2815 2867 quodam
2847 2806 2905 2854 et
2937 2798 3221 2870 incognito
3242 2798 3408 2853 modo
3427 2814 3519 2855 se:-

1930 2890 2174 2945 cnndum
2195 2891 2478 2947 caelestem
2504 2890 2875 2947 initiationem
2896 2891 3146 2960 quaedam
3168 2891 3340 2946 verba
3362 2906 3521 2946 acce-

1930 2982 2032 3051 pit,
2055 2996 2180 3049 qua:
2212 2980 2379 3036 tacite
2412 2982 2621 3036 coleret
2641 2990 2697 3035 et
2714 2997 3003 3050 nunquam
3033 2981 3372 3051 divulganda
3388 2998 3518 3038 cus-

240 3073 506 3137 ἑκουσίως
532 3073 957 3144 πεπηρωμένος.
998 3070 1109 3125 Καὶ
1134 3070 1238 3141 τῆς
1268 3071 1368 3142 μὲν
1395 3072 1707 3142 πρακτικῆς
1736 3089 1826 3141 φι-

1936 3073 2165 3139 todirct,
2195 3081 2407 3143 utpote.
2432 3090 2554 3144 qua:
2588 3090 2765 3145 neque
2791 3090 2949 3130 mens
2972 3074 3305 3145 intelligere,
3336 3091 3521 3144 neque

240 3166 497 3236 λοσοφίας
532 3165 694 3220 πάλιν
747 3164 919 3235 ἔργον
951 3159 1089 3218 εἷναί
1138 3180 1274 3233 φασι
1335 3162 1521 3235 πάσης
1574 3164 1664 3218 τὸν
1698 3164 1824 3218 νοῦν

240 3259 467 3332 ἐμπαθῆ
508 3258 812 3329 φαντασίας
840 3256 1081 3327 καθαρὸν
1115 3255 1479 3325 καταστῆσαι,
1511 3257 1608 3326 τῆς
1630 3257 1688 3310 δὲ
1719 3274 1823 3325 φυ-

241 3351 407 3420 σικῆς
439 3349 675 3421 θεωρίας
719 3350 904 3419 πάσης
940 3349 1043 3418 τῆς
1072 3349 1133 3400 ὲν
1173 3349 1288 3411 τοῖς
1325 3343 1446 3401 οὖσι
1484 3347 1608 3401 καθ’
1637 3348 1704 3418 ἢν
1739 3349 1825 3400 αἰ-

235 3444 363 3501 τίαν
391 3445 733 3515 ὑπάρχουσιν
748 3439 989 3512 ἀληθοῦς
1011 3437 1268 3507 γνώσεως
1292 3439 1455 3497 αὐτὸν
1480 3440 1825 3510 ἐπιστήμονα

233 3541 431 3599 δεῖται,
465 3539 564 3608 τῆς
590 3538 648 3590 δὲ
680 3535 1002 3606 θεολογικῆς
1039 3532 1435 3607 μυσταγωγίας
1477 3533 1665 3600 ὅμοιον
1701 3531 1823 3601 Θεῷ

235 3629 336 3691 καὶ
366 3628 503 3691 ἴσον,
532 3627 608 3693 ὠς
638 3628 883 3696 ἐφικτὸν,
914 3630 981 3698 τῇ
1009 3628 1195 3699 χάριτι
1216 3623 1361 3678 κατὰ
1381 3622 1480 3692 τὴν
1519 3620 1634 3687 ἕξιν
1664 3621 1823 3690 ποιῆ-

239 3741 354 3787 σαι,
394 3722 626 3794 μηδενὸς
663 3722 727 3776 τὸ
762 3720 982 3775 σύνολον
1014 3719 1094 3773 ἔτι
1122 3717 1231 3772 τῶν
1265 3715 1405 3788 μετά
1433 3713 1564 3769 Θεὸν
1594 3713 1686 3768 διὰ
1722 3713 1824 3784 τὴν

237 3815 515 3887 ὑπεροχὴν
554 3810 685 3869 ὄντοί
706 3815 969 3884 νοήμονα.

1929 3164 2116 3234 lingua
2167 3164 2377 3230 effari,
2429 3180 2611 3234 neque
2645 3180 2812 3220 aures
2847 3166 3136 3235 percipere
3191 3178 3422 3235 possent
3466 3163 3517 3225 ⁸³.

1926 3255 2104 3310 Efﬁcit
2130 3265 2337 3319 autem,
2370 3264 2429 3310 ut
2461 3257 2498 3310 ii
2522 3257 2616 3327 qui
2646 3258 2862 3327 experti
2900 3265 3032 3315 sunt
3072 3256 3300 3312 tradunt
3332 3298 3347 3321 ,
3400 3260 3519 3313 vir-

1928 3346 2060 3400 tutis
2088 3346 2143 3398 in
2189 3365 2206 3397 ι
2240 3347 2675 3425 ρνοςτοεεὶοηοη
2704 3337 2727 3398 ἰ
2786 3362 2954 3417 quant
2999 3347 3111 3403 dixi
3147 3387 3162 3410 ,
3213 3347 3517 3418 perfectam

1928 3438 2203 3493 actionem
2256 3437 2392 3492 ﬁdes
2437 3450 2589 3493 recta
2618 3447 2672 3493 et
2709 3448 2894 3493 metus
2927 3441 2984 3493 in
3034 3440 3207 3495 Deum
3256 3442 3517 3495 incorru--

1929 3539 2077 3600 ptns,
2110 3531 2421 3585 naturalem
2454 3547 2588 3586 vero
2624 3532 2682 3589 in
2717 3551 2735 3583 ι
2773 3532 3103 3587 ascensione
3140 3553 3158 3583 ι
3188 3534 3516 3591 inoffensam

1930 3621 2454 3691 contemplationem
2505 3637 2632 3692 spes
2666 3622 2821 3676 ﬁrma
2875 3633 2932 3678 et
2981 3625 3335 3680 immaculata
3381 3642 3517 3680 con-.-

1929 3713 2184 3776 scientia,
2219 3712 2633 3768 deiticationem
2662 3713 2905 3784 denique
2942 3715 2997 3789 in
3030 3735 3048 3766 ι
3081 3718 3461 3786 assumptione
3489 3736 3508 3769 ι

1930 3804 2176 3873 perfecta
2209 3805 2459 3869 clnaritas
2486 3821 2550 3861 ac
2581 3821 2738 3861 mens
2772 3808 2936 3861 rebus
2965 3824 3090 3879 qua:
3117 3818 3248 3865 sunt
3293 3810 3517 3879 penitus

230 3918 295 3966 et
338 3908 505 3979 plane
542 3909 692 3963 ultro
762 3906 1041 3971 abdicata.
1090 3906 1273 3973 Atque
1329 3901 1526 3957 activae
1592 3896 1818 3967 quidem
1859 3894 2229 3965 philosophiae
2271 3910 2466 3950 rursus
2513 3910 2636 3950 esse
2683 3896 2883 3951 dicunt
2950 3907 3195 3953 mentem
3266 3900 3512 3969 passioni

230 4004 532 4062 obnoxiam
596 4002 747 4058 omni
811 3999 1207 4071 imaginatione
1259 4012 1327 4052 ac
1377 3992 1634 4052 saeculari
1686 4006 1883 4062 pompa
1921 3989 2182 4056 liberare,
2240 3989 2519 4045 naturalis
2567 3999 2755 4046 autem
2814 3992 3303 4062 contemplationis
3361 4001 3510 4053 omni

228 4115 357 4155 eam
421 4113 609 4154 rerum
686 4109 794 4165 qua
856 4108 1026 4149 causa
1071 4091 1344 4147 exsistant
1398 4105 1528 4145 vera
1574 4084 1895 4158 cognitione
1932 4084 2219 4145 imbuere,
2275 4083 2598 4155 theologicae
2645 4084 2888 4155 denique
2922 4087 3282 4141 [initiationis
3327 4095 3383 4140 ct
3430 4088 3515 4140 in-

228 4190 560 4249 structionis
585 4204 707 4244 eam
742 4187 856 4243 Deo
892 4184 1161 4257 aequalem
1200 4192 1258 4240 et
1288 4197 1502 4254 parem,
1540 4187 1814 4250 quatenus
1851 4177 2002 4240 licet,
2052 4175 2231 4247 gratia
2301 4177 2613 4236 secundum
2685 4178 2941 4237 habitum
2974 4178 3213 4235 reddere
3237 4218 3253 4245 ,
3286 4186 3348 4235 ut
3400 4179 3511 4249 jam

229 4298 575 4356 quaecunque
604 4291 729 4353 post
774 4283 951 4338 Deum
989 4289 1119 4348 sunt
1148 4288 1379 4351 propter
1411 4276 1772 4334 eminentiam
1794 4273 1961 4340 plane
1996 4272 2237 4347 ignoret.

244 4492 346 4546 Ἐκ
382 4489 490 4544 τοῦ
545 4489 732 4543 αὐτοῦ
781 4490 991 4557 λόγου,
1027 4487 1115 4551 εις
1158 4484 1248 4549 τὸ,
1294 4503 1312 4535 ι
1353 4481 1491 4536 Οὐδ’
1517 4480 1604 4536 ’ἂν
1629 4479 1817 4535 αὐτόν

1934 4496 2005 4551 Ea:
2034 4495 2215 4550 eodem
2242 4511 2502 4561 sermone,
2550 4498 2605 4550 in
2644 4496 2784 4550 illud
2819 4513 2838 4549 :
2879 4515 2899 4547 ι
2937 4496 3046 4551 Nec
3083 4497 3147 4551 ab
3199 4498 3390 4549 mundo
3425 4500 3511 4552 in-

295 4582 638 4650 δυνηθῆναι
664 4580 936 4651 χωρῆσαι
973 4580 1080 4634 τὸν
1111 4579 1269 4633 κάτω
1300 4577 1535 4646 κόσμον
1556 4619 1571 4641 ,
1607 4573 1809 4629 Ἰωάν-

235 4686 245 4697 ‘
298 4693 414 4745 γης
472 4678 505 4730 ό
542 4674 650 4728 τοῦ
684 4677 881 4743 Λόγου
935 4673 1306 4742 πρόδρομος,
1350 4671 1389 4738 ή
1429 4667 1664 4740 μεγάλη
1700 4667 1811 4737 τῆς

297 4767 586 4835 ἀληθείας
613 4764 806 4835 φωνὴ,
832 4762 1125 4832 διωρίζετο
1163 4764 1204 4819 ⁷.
1222 4783 1241 4817 ι

300 4875 571 4947 Εὗκαιρον
615 4871 684 4947 ἦν
713 4876 860 4946 κάμὲ
891 4877 1027 4947 πρδς
1066 4876 1155 4928 τὸν
1186 4875 1339 4949 ἀγιον
1365 4876 1553 4928 τοῦτον
1587 4877 1681 4929 καὶ
1721 4876 1814 4946 μέ-

227 4987 330 5040 γαν
376 4972 475 5040 τῆς
515 4968 773 5039 ἀληθείας
818 4968 1158 5038 διδάσκαλον,
1212 4969 1271 5021 τὸ
1314 4968 1544 5038 μέγεθος
1580 4962 1811 5039 όρῶντα

225 5064 323 5134 τῆς
366 5060 516 5132 αὑτῷ
568 5061 721 5131 ποιρά
755 5058 888 5112 Θεοῦ
918 5058 1165 5133 δοθείσης
1208 5058 1421 5128 σοφίας,
1453 5062 1626 5111 εἰπεῖν
1671 5061 1808 5132 ὅπερ

227 5153 410 5219 Δαὸὶδ,
439 5154 467 5209 ὁ
493 5151 602 5206 τῶν
637 5148 936 5223 προφητῶν
968 5149 1061 5202 καὶ
1087 5147 1353 5217 βασιλέων
1379 5150 1804 5220 ἐπισημότατος,

1988 4590 2171 4660 feriori
2222 4604 2370 4659 posse
2441 4591 2561 4660 capi
2609 4588 2844 4642 Joannes
2908 4589 3055 4643 Verbi
3113 4606 3411 4661 prwcursor
3462 4601 3511 4646 et
3612 4628 3625 4651 κ

1988 4699 2187 4752 magna
2210 4682 2456 4735 ueritatis
2484 4697 2583 4735 vox
2611 4682 2995 4751 pronuntiavit.
3025 4701 3043 4733 ι

1987 4878 2374 4950 Opportunum
2402 4889 2523 4935 erat
2559 4890 2618 4936 ut
2647 4891 2704 4937 et
2736 4897 2841 4953 ego
2873 4892 3127 4938 sanctum
3153 4884 3305 4938 hunc
3340 4895 3507 4956 atque

1917 4978 2179 5044 magnum
2197 4973 2452 5028 veritatis
2480 4974 2830 5046 magistrum,
2892 4992 3018 5031 cum
3068 4977 3506 5047 magnitudinem

1918 5064 2209 5134 sapientiaa
2246 5063 2499 5119 viderem
2550 5081 2581 5119 a
2618 5065 2734 5122 Deo
2767 5066 2817 5122 ei
2845 5066 3022 5134 datm,
3089 5070 3163 5123 ita
3192 5069 3509 5139 alloquerer

1921 5164 1984 5209 ut
2031 5155 2207 5210 David
2244 5156 2646 5226 prophetarum
2696 5173 3001 5230 regumque
3054 5160 3462 5233 insignissimus
3490 5204 3504 5226 ,

224 5244 363 5316 πρὸς
391 5241 483 5298 τὸν
511 5242 666 5305 Θεὸν,
699 5238 762 5294 τδ
794 5238 1022 5310 ἄπειρον
1054 5237 1154 5314 τῆς
1193 5239 1251 5291 ἐν
1293 5239 1460 5291 πᾶσιν
1500 5240 1665 5294 αὑτοῦ
1705 5259 1802 5311 με-

1934 5250 2105 5314 )eum,
2130 5249 2409 5306 inﬁnitam
2453 5253 2577 5324 ejus
2627 5253 2686 5308 in
2714 5255 2975 5311 omnibus
3032 5257 3203 5312 rebus
3250 5259 3508 5331 majesta-

222 5336 576 5406 γαλειότητος
624 5329 1021 5400 καταπλαγεὶς,
1054 5326 1419 5394 ὲνθέαστικῶς
1451 5332 1801 5402 ἀπεφθέγξαο

221 5444 303 5495 το,
332 5428 509 5495 λέγων
536 5421 1034 5493 ’Ἐθαυμαστώθη
1069 5421 1109 5490 ἠ
1144 5418 1365 5491 γνῶσίς
1397 5434 1514 5476 σου
1533 5422 1604 5487 ἐξ
1630 5423 1797 5492 ἐμοῦ,

291 5560 319 5607 τι
351 5562 369 5617 Ι
399 5550 527 5617 Cor.
557 5576 614 5627 ιι,
647 5561 701 5616 9.

290 5678 365 5753 (6)
401 5675 1026 5753 DionystArcopange
1059 5677 1275 5747 mystica
1320 5678 1475 5734 theol.
1510 5696 1626 5751 cap.
1661 5683 1708 5745 1,
1743 5699 1795 5753 p.

222 5739 360 5819 Sil,
380 5758 511 5804 tom.
545 5739 585 5803 ἰ.
612 5746 754 5816 Opp.
791 5739 1045 5802 édfven.

1911 5348 2020 5397 tem
2046 5342 2382 5411 admiratus,
2417 5345 2609 5402 divino
2636 5348 2868 5404 numine
2898 5350 3097 5420 plenus
3122 5352 3317 5408 dicens
3353 5371 3367 5407 :
3400 5352 3504 5407 Mi-

1910 5432 2131 5488 rabiiior
2176 5435 2317 5500 facta
2344 5446 2419 5492 est
2452 5439 2529 5493 tui
2561 5441 2808 5511 cognitio,
2857 5450 2905 5495 et
2957 5442 3187 5498 invaluit
3209 5479 3223 5504 ,
3263 5459 3419 5513 quam
3448 5459 3503 5498 ut

1984 5685 2060 5767 ρ)
2102 5686 2263 5767 Greg.
2287 5690 2418 5767 Naz.
2452 5709 2530 5767 or.
2565 5694 2721 5749 theol.
2750 5695 2813 5760 ll,
2849 5711 2967 5765 cap.
2997 5695 3085 5763 20,
3118 5713 3170 5767 p.
3206 5697 3328 5765 5H,
3363 5708 3494 5753 tom.

1915 5754 1955 5821 l.
1987 5754 2125 5834 Opp.
2159 5754 2291 5814 edit.
2328 5759 2530 5821 Bencd.
