4038 6146
488 262 623 329 ἱέἱ3

1677 260 1740 321 S~.
1781 257 2070 320 MAXIMI
2111 254 2624 316 CONFESSORIS

3670 250 3801 315 1241

481 381 527 434 ei
557 381 813 449 sufﬁciam
851 382 890 443 ί,
923 388 981 434 ut
1011 379 1222 449 justum
1252 387 1393 444 erat,
1442 377 1678 434 maxime
1729 394 1856 433 eum
1894 375 2073 431 admi-
2103 414 2109 432 ι

2214 373 2558 441 κραταιώθης
2607 374 2805 445 οὖμὴ
2847 375 3112 446 δύνωμαι
3156 378 3313 445 πρὸς
3345 374 3585 439 αὐτὴν,
3628 372 3708 436 ὡς
3738 369 3807 442 ἦν

487 470 662 523 rando
693 471 869 523 solum
900 469 1442 538 incircumscriptam
1477 467 1942 523 circumscribere
1973 482 2067 522 co-

486 568 721 611 naretur
777 565 1130 626 potestatem,
1166 573 1269 612 nec
1318 574 1547 628 usquam
1602 558 1740 613 alias
1781 560 1927 612 circa
1959 573 2070 623 res,

486 662 628 716 quas
677 649 894 717 assequi
945 664 1057 702 non
1104 665 1419 719 possumus,
1456 666 1657 721 vagum
1710 659 1766 705 et
1812 640 2073 705 mobilem

489 739 693 793 animae
719 740 952 810 gradum
998 741 1194 796 sistere
1230 743 1480 807 haberet,
1520 753 1575 797 et
1604 749 1674 798 ut.
1694 757 1797 813 ego
1828 758 2071 813 quoque,

489 837 552 882 ut
599 829 736 893 dixi,
773 832 908 886 satis
947 832 1210 887 haberem
1260 849 1328 888 ex
1377 834 1754 890 adtniratione
1806 835 2076 904 sapientis

494 923 745 992 magistri
784 925 1164 996 intelligentia:
1203 927 1701 982 sanetiﬂeationem
1755 922 2077 993 abstulisse,

494 1028 600 1068 nec
630 1014 862 1068 multum
898 1033 1204 1085 quaererem
1247 1020 1527 1087 quomodo
1572 1029 1629 1073 et
1666 1035 1773 1089 qua
1826 1019 2076 1085 ratione,

496 1119 620 1173 quae
636 1106 859 1161 nomina
880 1107 1068 1162 din‘na
1095 1124 1197 1163 vox
1221 1111 1427 1164 sanctis
1457 1111 1686 1181 mystice
1715 1110 1920 1167 indidit
1948 1127 2082 1165 con—

497 1204 580 1250 tra
611 1196 925 1263 historiam,
962 1201 1108 1256 inter
1150 1218 1271 1257 sese
1297 1204 1671 1268 converterit,
1719 1202 1895 1259 tilium
1931 1205 2082 1259 toni-

498 1295 591 1344 tru
617 1289 887 1346 Joannem
942 1308 1345 1363 prwcursorem
1401 1295 1478 1349 ibi
1511 1296 1801 1365 appellans
1846 1296 1891 1353 i.
1941 1296 2078 1352 Cum

498 1396 634 1437 vero
662 1384 987 1453 praeclarum
1019 1386 1221 1440 habeat
1260 1386 1545 1456 praemium
1574 1387 1892 1443 obedientia
1916 1429 1931 1454 ,
1976 1405 2084 1460 qua

504 1473 742 1528 maxime
767 1476 1101 1544 prmsulibus
1140 1478 1464 1549 morigerari
1507 1478 1788 1550 jubemur,
1846 1496 2084 1551 cumque

509 1564 817 1635 Scripturis
846 1569 1020 1622 sacris
1051 1570 1223 1622 otium
1262 1571 1584 1641 impendere
1618 1580 1675 1627 et
1705 1588 1868 1627 nosse
1898 1587 1992 1629 eas
2029 1584 2087 1629 et

507 1657 911 1728 pervestigare,
948 1659 1259 1731 divinisque
1306 1661 1411 1729 legi
1436 1662 1526 1716 die
1558 1677 1623 1717 ac
1676 1674 1836 1720 nocte
1873 1664 2090 1719 incum-

507 1745 664 1813 bere,
701 1749 863 1805 bonis
899 1767 961 1806 ac
1010 1751 1151 1822 frugi
1200 1753 1436 1808 maxime
1480 1756 1777 1810 convenire
1817 1754 2085 1818 viderem,

509 1840 678 1894 simul
724 1842 1196 1914 tergiversationis
1238 1854 1295 1900 et
1334 1846 1728 1903 inobedientiae
1775 1849 2086 1918 periculum

510 1931 883 1990 reformidans
916 1976 933 2003 ,
991 1952 1167 1992 meam
1210 1938 1277 1992 de
1318 1939 1409 1994 his
1448 1942 1822 2011 conjecturam
1866 1956 1964 2011 pro
2010 1941 2091 1995 vi-

511 2027 668 2080 ribus
706 2026 1017 2093 enarrabo,
1063 2032 1285 2096 vestris,
1334 2031 1428 2102 qui
1474 2033 1580 2087 hoc
1627 2048 1712 2086 me
1762 2034 1970 2104 negotii
2010 2033 2093 2087 in-

505 2118 804 2189 iunxistis,
872 2123 1288 2191 precationibus
1333 2124 1528 2179 frctus.
1575 2124 1832 2180 Arbitror
1876 2126 2090 2197 igitur,

512 2209 659 2277 Quod
705 2210 809 2265 iste
870 2211 1093 2267 divinus
1141 2223 1334 2269 contra
1376 2215 1665 2269 historiam
1691 2216 1832 2270 dixit
1874 2216 2091 2279 doctor,

510 2298 714 2353 Christi
764 2316 1165 2370 prmcursorem
1217 2321 1315 2375 pro
1345 2306 1552 2360 tonitru
1605 2307 1717 2361 ﬁlio
1750 2323 1987 2377 ponens,
2040 2307 2096 2362 id

516 2404 628 2444 non
657 2391 822 2447 aliter
842 2408 1004 2465 posse
1032 2394 1136 2449 nisi
1174 2411 1272 2465 per
1300 2398 1827 2468 contemplationem
1859 2400 2100 2469 compla-

514 2484 684 2550 nari,
742 2503 865 2556 qua:
907 2489 1024 2543 sola
1058 2499 1143 2546 est
1191 2502 1381 2544 rerum
1435 2507 1558 2561 qua:
1587 2492 1655 2547 de
1704 2493 1938 2549 historia
1992 2493 2099 2548 sibi

517 2580 906 2636 contradicere
964 2583 1228 2637 videntur
1263 2585 1656 2652 eomplanatio,
1699 2584 1827 2654 quia
1888 2585 2099 2640 verita-

519 2678 632 2725 tem
687 2671 744 2726 in
805 2675 1069 2728 omnibus
1112 2675 1424 2744 simplicem
1476 2676 1781 2730 secundum
1844 2684 2101 2730 naturam

523 2760 952 2831 incorpOraliter
994 2765 1363 2829 demonstrat,
1405 2782 1515 2820 non
1565 2768 1800 2821 vocibus
1848 2775 1945 2820 aut
1986 2783 2108 2820 cor-

523 2852 756 2919 poribus
782 2862 1118 2908 concretam.
1155 2855 1633 2921 Quemadmodum
1669 2857 1838 2927 igitur
1877 2873 2108 2928 magnus

524 2941 769 2997 Joannes
803 2943 1047 3012 Baptista
1086 2962 1401 3016 prmcursor
1429 2958 1657 3003 vocatus
1697 2956 1806 3011 est,
1849 2958 2106 3018 respectu

2175 468 2406 532 δίκαιον,
2464 468 2699 538 μάλιστα
2753 468 2996 535 θαύματι
3048 469 3193 539 μόνῳ
3259 466 3655 538 περιγράψας
3709 464 3807 535 τὴν

2177 560 2559 632 ἀπερίγραφον
2614 559 2868 630 δύναμιν,
2914 562 3013 613 οὐκ
3055 561 3193 630 ἔχων
3247 558 3448 613 ἄλλοθί
3512 575 3610 610 ποι
3675 557 3807 627 περὶ

2179 652 2286 705 τῶν
2330 652 2639 721 ἁνεφίκιων
2684 652 2783 719 τῆς
2818 653 2997 723 ψυχῆς
3029 652 3241 723 ἐρεῖσαι
3271 652 3377 722 τὴν
3418 650 3807 718 πολυκίνητον

2182 746 2340 817 βάσιν
2369 764 2381 776 ·
2409 746 2579 817 κάμὲ.
2617 747 2693 805 ὡς
2724 741 2900 810 εἷπον,
2951 746 3241 815 ἀρκεῖσθαι
3271 746 3368 798 τὸν
3406 749 3474 798 ὲκ
3520 743 3625 796 τοῦ
3675 744 3809 795 θαυ-

2185 839 2379 910 μάζειν
2410 839 2576 908 σοφοῦ
2620 837 2943 892 διδασκάλου
2986 838 3204 891 σύνεσιν
3237 839 3523 908 ἀγιασμδν
3556 830 3833 905 κομίσα-’

2185 931 2332 993 σθαι,
2375 931 2471 985 καὶ
2512 930 2586 1000 μὴ
2622 931 3127 998 πολυπραγμονεῖν,
3171 929 3288 991 πῶς
3340 931 3439 982 καὶ
3480 928 3599 981 τίνι
3655 926 3804 995 λόγῳ

2184 1023 2315 1094 παρ’
2346 1022 2620 1094 ἱστορίαν,
2658 1021 2802 1092 ἅπερ
2837 1021 2957 1074 θεία
3003 1022 3156 1094 φωνὴ
3204 1024 3321 1085 τοῖς
3364 1021 3558 1088 ἁγίοις
3596 1036 3802 1089 μυστι-

2184 1116 2295 1179 κῶς
2326 1115 2568 1185 ὀνόματα
2607 1113 2871 1179 τέθεικεν,
2903 1113 3156 1184 ἀλλήλοις
3192 1114 3220 1166 ὀ
3250 1108 3591 1171 διδὰσκαλος
3622 1128 3803 1181 περι-

2184 1207 2399 1280 τρέπει,
2452 1206 2542 1259 τὸν
2598 1206 2712 1259 υἱὸν
2769 1206 2865 1277 τῆς
2923 1205 3153 1277 βροντῆς
3189 1204 3376 1275 (196
3428 1203 3480 1272 b)
3532 1202 3801 1269 Ἰωάννην

2188 1299 2497 1371 πρόδρομον
2540 1298 2777 1353 ἐνταῦθα
2822 1297 3275 1369 προσαγορεύων.
3324 1295 3559 1365 Ἐπειδὴ
3596 1294 3660 1346 δὲ
3703 1294 3799 1345 καὶ

2187 1394 2287 1463 τῆς
2322 1388 2633 1454 εὐπειθείας
2664 1389 2834 1453 πολύς
2868 1392 2989 1444 ἐστι
3048 1391 3077 1443 ὁ
3110 1389 3321 1460 μισθὸς,
3354 1386 3583 1457 ἐντολῆς
3630 1386 3799 1456 p.511:-

2192 1500 2293 1537 στα
2319 1484 2430 1547 τοῖς
2463 1483 2791 1554 ἡγουμένοις
2826 1482 3114 1536 πείθεσθαι
3147 1479 3499 1549 κελευούσης,
3533 1479 3640 1531 κικὶ⁵
3677 1495 3798 1547 σχο-

2189 1574 2355 1629 λάσαι
2384 1575 2480 1627 καὶ
2513 1574 2718 1642 γνῶναι
2762 1573 2856 1627 καὶ
2890 1574 3118 1644 ὲρευνᾷν
3147 1571 3246 1635 τὰς
3279 1571 3533 1642 Γραφὰς,
3564 1570 3670 1622 καὶ
3706 1586 3801 1639 με-

2191 1665 2352 1737 λετᾷν
2386 1665 2480 1719 τὸν
2510 1664 2650 1718 θεῖον
2677 1664 2841 1733 νόμον
2871 1665 3086 1735 ἡμέρας
3115 1663 3209 1717 καὶ
3240 1650 3455 1724 νυκτὸς,
3490 1662 3554 1714 ὲν
3589 1663 3716 1724 τοῖς
3742 1655 3800 1713 εὖ

2191 1757 2376 1829 ἔχουσι
2436 1756 2673 1826 μάλιστα
2723 1757 2979 1828 κείμενον
3010 1756 3204 1824 ἔγνων,
3239 1752 3332 1807 τοῦ
3378 1770 3437 1805 τε
3483 1753 3656 1805 ὄκνου
3706 1753 3805 1805 καὶ

2189 1851 2289 1919 τῆς
2318 1850 2601 1913 ἀπειθείας
2646 1848 2740 1901 τὸν
2779 1848 3021 1901 κίνδυνον
3066 1845 3453 1917 ὑφορώμενος,
3492 1861 3804 1914 στοχαστι-

2193 1941 2308 2004 κῶς
2341 1954 2405 1993 πε
2417 1941 2468 2011 ρί
2499 1939 2705 1994 τούτων
2732 1939 2874 1993 κατὰ
2895 1939 3124 2009 δύναμιν
3148 1936 3279 2006 ἐρῶ,
3308 1938 3428 1998 ταῖς
3460 1935 3626 2004 ὐμῶν
3658 1934 3795 2005 θειρο

2199 2031 2308 2101 ρῶν
2336 2030 2447 2082 τῶν
2485 2029 2862 2096 ὲπιταξάντων
2901 2030 3107 2100 εὐχαῖς.
3152 2022 3322 2097 Οἶμαι
3352 2025 3535 2078 τοίνυν
3568 2025 3631 2077 τὸ
3663 2025 3804 2097 παρ’

2198 2123 2441 2192 ἱστορίαν
2487 2124 2781 2193 εἰρημένον
2830 2120 2909 2192 τῷ
2956 2120 3202 2192 θεοφόρῳ
3240 2118 3411 2189 τούτῳ
3452 2117 3799 2186 διδασκάλῳ,

2198 2214 2627 2288 παρατιθεμένῳ
2665 2213 2758 2267 τὸν
2783 2205 2879 2267 τοῦ
2930 2212 3169 2282 Χριστοῦ
3201 2211 3509 2282 πρόδρομον
3540 2209 3669 2262 ἀντὶ
3704 2209 3801 2261 τοῦ

2197 2311 2297 2380 τῆς
2346 2304 2746 2379 βροντῆςνυὶοὖ,
2786 2305 2860 2377 μὴ
2899 2304 3159 2358 δύνασθαι
3201 2302 3377 2367 ἄλλως
3405 2303 3439 2372 ἢ
3474 2302 3627 2356 κατὰ
3659 2303 3803 2354 Ossi-

2205 2403 2326 2472 ρίαν
2380 2400 2758 2471 ὁμαλίζεσθαι.
2804 2399 2957 2467 Μόνη
3007 2398 3118 2469 γὰρ
3178 2396 3317 2464 αὕτη
3370 2395 3481 2450 τῶν
3520 2394 3672 2448 κατὰ
3702 2395 3804 2464 τὴν

2206 2492 2447 2562 ἱστορίαν
2473 2490 2725 2561 ἀλλήλοις
2755 2486 3096 2542 ἀντικεῖσθαι
3129 2487 3433 2540 δοκούντων
3471 2485 3630 2538 ἐστὶν
3658 2487 3803 2553 ὁμα-

2202 2584 2418 2652 λισμὸς,
2445 2582 2520 2645 ὡς
2559 2581 2660 2652 τὴν
2689 2582 2746 2633 ὲν
2771 2579 2914 2643 ὅλοις
2947 2578 3211 2649 ἀλήθειαν
3245 2576 3423 2641 ἁπλῆν
3454 2570 3631 2628 οὖσαν
3657 2575 3803 2628 κατὰ

2205 2677 2304 2747 τὴν
2328 2675 2489 2745 φύσιν
2516 2674 2825 2742 ἀσωμάτως
2854 2672 3218 2743 ἐμφαίνουσα,
3256 2669 3330 2740 μὴ
3363 2667 3804 2738 συμπαχυνομέ-

2208 2786 2308 2837 νην
2338 2769 2462 2831 ταῖς
2509 2765 2774 2837 φωναῖςῆ
2815 2767 2928 2827 τοῖς
2967 2761 3237 2832 σώμασιν.
3273 2760 3491 2829 Ὥσπερ
3513 2753 3609 2810 οὖν
3642 2759 3670 2811 ὁ
3704 2756 3803 2827 μέ·

2209 2878 2312 2929 γας
2340 2858 2650 2928 Βαπτιστὴς
2674 2857 2931 2925 Ἰωάννης
2963 2852 3162 2926 ὲρῤἐθη
3198 2850 3532 2921 πρόδρομος,
3564 2849 3645 2912 ὡς
3670 2849 3808 2919 πρὸς

2212 2953 2303 3007 τὸν
2346 2950 2562 3020 ἀληθῶς
2601 2946 3072 3019 προσδοκώμενον,
3125 2944 3219 2996 καὶ
3269 2941 3422 3011 φωνὴ
3454 2940 3593 3009 πρὸς
3624 2940 3819 3007 λόγον,

526 3035 650 3102 ejus
682 3035 774 3104 qui
794 3051 989 3091 revera
1010 3039 1428 3107 expectabatur,
1454 3050 1510 3094 ct
1536 3041 1652 3094 Vox
1695 3051 1951 3110 respectu
1978 3040 2107 3095 Ser-

2214 3044 2285 3109 ti);
2311 3044 2501 3098 τούτου
2537 3040 2852 3114 μηνυτικῶς
2882 3036 3287 3108 προηγουμένη,
3315 3033 3413 3125 και
3442 3031 3643 3125 λύχνος
3676 3032 3811 3102 προς

530 3124 711 3180 monis
738 3166 752 3191 ,
805 3128 964 3197 cujus
1001 3128 1364 3184 denuntiator
1425 3132 1745 3197 antecessit,
1783 3143 1839 3187 et
1881 3134 2109 3187 lucerna

531 3224 789 3285 respectu
821 3218 974 3283 solis,
1020 3227 1081 3274 ut
1109 3219 1418 3287 artiﬁcialis
1448 3231 1506 3277 et
1538 3224 1772 3293 positiva
1809 3231 1867 3278 et
1896 3232 2111 3295 tempo-

531 3308 667 3362 ralis
696 3308 786 3363 lux
824 3321 1081 3380 respectu
1144 3315 1417 3371 naturalis
1467 3325 1518 3369 et
1565 3316 1879 3372 essentialis
1919 3300 2114 3371 etnon

533 3400 848 3458 artificiosae
887 3412 943 3458 et
970 3414 1191 3462 mtcrnaz
1233 3416 1399 3477 atque
1442 3409 1913 3478 inexstinguibilis
1951 3410 2115 3476 lueis,

534 3494 780 3550 arbitror
824 3513 960 3552 vero
1015 3499 1186 3554 etiam
1236 3510 1298 3554 ut
1337 3502 1728 3571 resipisecntia
1754 3544 1768 3569 ,
1805 3504 2116 3557 naturalem

535 3603 658 3656 qua:
684 3603 743 3643 se
795 3592 1159 3646 antecesserit
1208 3593 1483 3662 justitiam
1543 3604 1669 3664 post
1711 3611 1769 3649 se
1814 3595 2119 3650 secandum

538 3680 905 3734 oeconomiam
933 3680 1138 3738 factum
1181 3685 1252 3739 iri
1296 3686 1631 3756 pra2dicans,
1666 3687 1741 3741 ita
1776 3688 1869 3742 hic
1897 3696 2120 3758 quoqde

539 3769 792 3825 divinum
823 3772 989 3827 istum
1018 3776 1304 3833 doctorem
1327 3793 1393 3833 eo
1427 3779 1575 3849 quod
1599 3788 1792 3833 contra
1831 3781 2123 3835 hiswriam

540 3878 799 3935 magnum
824 3871 1133 3937 apostolum
1164 3872 1436 3929 Joannem
1485 3890 1885 3944 praecursorem
1923 3874 2127 3929 dixerit

541 3957 775 4029 ﬁgurate
816 3963 955 4017 velle
983 3965 1321 4035 significare,
1360 3950 1529 4022 etiam
1556 3969 1958 4038 evangelistam
2004 3984 2124 4023 ma-

543 4066 709 4120 gnum
731 4053 999 4111 Joannem
1034 4058 1088 4111 in
1122 4058 1425 4130 Evangelio
1445 4074 1548 4115 suo
1570 4075 1974 4131 praecursorem
2005 4076 2127 4115 esse

543 4142 832 4201 Sermonis
862 4148 1035 4218 magis
1058 4151 1279 4221 mystici
1311 4157 1367 4205 et
1417 4138 1668 4222 majOris,
1720 4142 1887 4222 quem
1927 4152 2129 4223 prmdi—

544 4237 777 4303 caverit,
805 4240 1012 4310 quique
1040 4257 1144 4297 nec
1174 4244 1358 4297 verbis
1378 4244 1615 4312 exprimi
1646 4259 1751 4299 nec
1778 4245 1981 4315 lingua:
2006 4260 2132 4300 car-

547 4331 690 4387 nalis
720 4348 853 4389 voee
898 4334 1044 4389 edici
1078 4337 1274 4405 possit.
1318 4336 1654 4393 Sanctorum
1686 4339 1836 4394 enim
1881 4340 2132 4411 Evange-

2215 3136 2388 3205 ἥλιον,
2426 3132 2501 3196 ὡς
2530 3131 2779 3202 τεχνικόν
2823 3146 2883 3182 τε
2928 3128 3022 3181 καὶ
3070 3125 3286 3179 θετικὺν
3319 3123 3416 3176 καὶ
3462 3122 3813 3193 πρόσκαιρον

2218 3226 2333 3292 φῶς
2370 3225 2507 3295 πρὸς
2534 3222 2766 3292 φυσικόν
2795 3237 2853 3273 τε
2900 3220 2995 3272 καὶ
3027 3216 3284 3280 οὐσιῶδες
3334 3215 3432 3268 καὶ
3473 3214 3814 3285 ἀτέχναστον

2219 3321 2313 3373 καὶ
2344 3317 2558 3372 αἰώνιον
2591 3315 2705 3385 φῶς
2735 3315 2828 3367 καὶ
2874 3312 3165 3372 ἄσϐεστον,
3197 3303 3357 3378 οἶμαι
3399 3307 3461 3360 δὲ
3496 3308 3584 3360 ὅτι
3617 3306 3717 3359 καὶ
3740 3306 3815 3368 ὡς

2225 3409 2506 3480 μετάνοια,
2560 3406 2660 3476 τὴν
2710 3404 2817 3476 πρὸ
2867 3403 3037 3472 αὒτῆς
3070 3401 3210 3455 κατὰ
3245 3400 3407 3470 φύσιν
3455 3401 3815 3470 ὑπάρχουσαν

2219 3490 2570 3572 δικαιοσύνην
2615 3498 2734 3572 μετ’
2766 3497 2935 3567 αὐτὴν
2985 3495 3105 3549 κατ’
3144 3494 3464 3563 οἰκονομίαν
3515 3492 3817 3562 γενομένην

2224 3592 2597 3664 κηρύττουσα,
2621 3620 2681 3629 -
2710 3587 2888 3652 οὕτως
2920 3582 3081 3656 οἶμαι
3114 3582 3401 3638 κάνταῦθα
3425 3584 3520 3637 τὸν
3554 3582 3818 3653 θεόφρονα

2222 3684 2413 3739 τοῦτον
2441 3681 2763 3737 διδάσκαλον
2787 3679 2874 3734 διὰ
2901 3677 2996 3732 τοῦ
3035 3676 3171 3747 παρ’
3206 3674 3453 3746 ἱστορίαν
3478 3676 3664 3728 εἰπεῖν
3691 3674 3817 3745 πρό-

2224 3778 2426 3850 δρομον
2478 3775 2572 3831 τὸν
2625 3774 2800 3845 μέγαν
2856 3770 3155 3824 ἀπόστολον
3205 3768 3469 3836 Ἰωάννην
3500 3766 3818 3835 παραινὶξα-

2228 3871 2375 3933 σθαι,
2413 3866 2613 3931 θέλειν,
2635 3867 2831 3936 ὅτιπερ
2857 3863 2953 3916 καὶ
2993 3860 3298 3930 Ἰωάννηςὸ
3329 3859 3509 3929 μέγας
3548 3856 3821 3925 εὐαγγελι-

2231 3964 2363 4033 στὴης
2396 3965 2455 4015 ὲν
2486 3959 2564 4030 τῷ
2593 3959 2717 4013 κατ’
2751 3955 2916 4011 αὐτὸν
2970 3952 3294 4022 Εὐαγγελίῳ
3341 3950 3664 4020 πρόδρομος
3711 3953 3817 4002 ἐστι

2227 4055 2322 4109 τοῦ
2355 4053 2440 4107 ’δι’
2481 4051 2650 4106 αὐτοῦ
2694 4049 3038 4121 μηνυομένου
3078 4045 3261 4115 (197
3307 4043 3365 4115 α)
3410 4042 3817 4113 μυστικωτέρου

2232 4149 2325 4204 καὶ
2360 4145 2606 4218 μείζονος
2661 4145 2857 4213 Λόγου,
2897 4141 2995 4195 καὶ
3032 4138 3332 4210 γράμμασι
3362 4134 3693 4204 τυπωθῆναι
3735 4133 3819 4186 καὶ
3896 4144 3899 4147 ·

2233 4243 2386 4313 φωνῇ
2447 4238 2702 4309 γλώσσης
2757 4234 3021 4306 σαρκίνης
3072 4230 3309 4304 ῥηθῆναι
3367 4226 3444 4299 μὴ
3500 4228 3818 4296 δυναμένου.

2236 4331 2582 4404 Στοιχείωσις
2604 4329 2713 4399 γὰρ
2730 4327 2807 4391 ὡς
2835 4325 2973 4397 πρὸς
3002 4323 3099 4395 τὴν
3130 4320 3532 4390 ὲπιγινομένην
3567 4320 3821 4373 ἑκάστοτε

546 4424 752 4480 liorum
788 4425 1060 4496 scriptura
1091 4429 1370 4483 institutio
1393 4438 1479 4484 est
1513 4430 1581 4485 ad
1617 4431 2023 4501 cognitionem,
2047 4432 2109 4486 ei:

2236 4428 2349 4488 τοῖς
2376 4425 2444 4478 δι’
2475 4421 2660 4477 αὐτῶν
2691 4419 3041 4489 ὑψουμένοις,
3072 4416 3169 4469 καὶ
3213 4413 3275 4467 τὸ
3306 4412 3487 4483 πάχος
3514 4411 3614 4465 τοῦ
3644 4426 3819 4501 σωμα-

550 4533 773 4588 semper
837 4519 1219 4589 obtingentem
1283 4522 1378 4593 qui
1430 4539 1530 4593 per
1580 4524 1671 4579 illa
1706 4524 2024 4581 exaltentur
2080 4533 2139 4577 ct

551 4610 858 4679 corporalis
889 4611 1201 4680 prudentiae
1224 4614 1477 4668 crassitie
1504 4613 1873 4683 spiritualiter
1902 4629 1962 4669 se
2003 4629 2138 4683 pur-

552 4707 704 4768 gent,
743 4700 973 4770 vclqua:
997 4701 1052 4755 in
1083 4701 1275 4757 futuro
1320 4703 1592 4774 obtinget,
1635 4712 1761 4774 post
1795 4720 1981 4759 rerum
2017 4720 2141 4774 quae

558 4801 842 4849 motantur
888 4796 1445 4853 consummationem.
1491 4799 1628 4853 Nam
1672 4798 1817 4854 sicut
1855 4799 1945 4855 lex
1979 4798 2132 4854 insti-

558 4887 702 4943 tutio
730 4896 872 4955 erat,
914 4905 1013 4960 per
1054 4892 1413 4960 temporalem
1455 4908 1580 4962 qua:
1631 4892 1688 4948 in
1719 4909 1786 4948 ea
1839 4892 2146 4963 apparebat

561 4982 960 5051 cognitionem,
988 4999 1185 5039 eorum
1234 4984 1333 5054 qui
1369 5001 1468 5057 per
1517 4986 1693 5056 ipsam
1747 4985 1803 5040 in
1836 4986 2143 5048 Christum,

565 5073 891 5131 Sermonem
940 5076 997 5130 in
1041 5093 1208 5134 carne
1258 5076 1488 5142 factum,
1523 5078 1927 5142 erudiebantnr
1971 5084 2029 5132 et
2079 5074 2148 5131 ad

565 5167 807 5245 primum
844 5171 965 5241 ejus
998 5170 1298 5225 adventum
1332 5171 1631 5242 Evangelio
1664 5169 2027 5241 cogebantur,
2071 5168 2148 5223 ita

568 5270 822 5318 sanctum
854 5279 1078 5334 quoque
1111 5265 1471 5337 Evangelium
1507 5264 1786 5320 institutio
1831 5273 1919 5319 est
1954 5278 2149 5319 eorum

571 5353 669 5423 qui
698 5369 795 5424 per
820 5356 999 5426 ipsum
1018 5359 1073 5413 in
1100 5357 1406 5421 Christum,
1432 5357 1754 5413 Sermonem
1780 5356 2149 5427 spiritualem,

573 5447 928 5514 erudiuntur,
960 5460 1017 5505 et
1042 5442 1109 5505 ad
1144 5450 1453 5505 secundum
1480 5451 1601 5520 ejus
1628 5450 1929 5505 adventum
1963 5448 2155 5503 futuro

578 5537 635 5609 in
678 5541 888 5596 mundo
916 5551 1230 5613 coguntur;
1289 5543 1332 5596 si
1366 5542 1592 5612 quidem
1640 5558 1773 5596 caro
1820 5551 1875 5598 et
1927 5540 2157 5611 spiritus

677 5718 693 5759 ί
735 5717 875 5772 Psal.
909 5735 1147 5782 cxxxrm,
1174 5722 1227 5773 6,
1281 5717 1291 5765 i
1330 5719 1487 5771 Mare.
1524 5734 1601 5789 tu,
1640 5718 1721 5771 l7.

2237 4515 2392 4571 τικοῦ
2420 4514 2771 4585 φρονήματος
2802 4505 3196 4578 πνευματικῶς
3226 4501 3439 4556 ἑαυτῶν
3478 4499 3815 4564 ἀποξέουσιν,

2239 4608 2273 4679 ἢ
2324 4607 2418 4660 καὶ
2474 4600 2947 4674 ὲπιγενησομένην
3002 4600 3059 4661 ἐς
3113 4595 3342 4665 ὕστερον
3399 4593 3631 4662 γνῶσιν,
3694 4591 3820 4662 μετὰ

2241 4703 2342 4775 τὴν
2371 4700 2480 4755 τῶν
2516 4695 2852 4767 κινουμένων
2885 4690 3227 4753 συντέλειαν,
3250 4690 3286 4758 ἡ
3315 4686 3427 4740 τῶν
3456 4686 3636 4756 ἁγίων
3658 4684 3819 4749 Εὐαγ-

2244 4793 2443 4865 γελὶων
2469 4791 2588 4844 ἐστὶ
2614 4786 2931 4860 συγγραφή.
2952 4784 3167 4854 Ὥσπερ
3192 4780 3303 4853 γὰρ
3326 4781 3355 4833 ὁ
3376 4781 3544 4850 νόμος
3567 4777 3825 4847 στοιχείω-

2249 4906 2333 4950 σις
2363 4882 2453 4957 ἦν,
2489 4883 2632 4938 κατὰ
2676 4883 2775 4950 τὴν
2806 4878 2944 4941 τέως
2983 4873 3400 4945 ἐμφαινομένην
3433 4870 3586 4939 αὑτῷ
3618 4869 3821 4937 γνῶσιν,

2249 4980 2357 5034 τῶν
2383 4977 2450 5031 δι’
2476 4974 2642 5030 αὐτοῦ
2672 4974 2753 5037 είς
2780 4968 3016 5041 Χριστὸν
3047 4968 3138 5022 τὸν
3166 4966 3226 5017 ὲν
3269 4963 3435 5033 σαρκὶ
3463 4962 3639 5030 Λόγον
3682 4958 3824 5012 παιδ-

2251 5088 2468 5141 αγωγου
2476 5069 2673 5139 μένων,
2690 5064 2785 5118 καὶ
2795 5063 2871 5132 τῷ
2887 5056 3204 5129 Εὐαγγελίῳ
3220 5057 3362 5110 κατᾶ
3378 5054 3478 5125 τὴν
3500 5054 3667 5107 αὑτοῦ
3696 5047 3826 5121 πρώ-

2257 5182 2357 5235 την
2415 5161 2722 5233 παρουσίαν
2778 5152 3159 5223 συναγομένων
3186 5166 3197 5178 '
3251 5147 3400 5201 οὓτω
3431 5146 3529 5200 καὶ
3576 5144 3636 5198 τὸ
3688 5143 3825 5235 at?“

2258 5233 2596 5326 Εὗαγγέλιον
2630 5246 2969 5321 στοιχείωσίς
2999 5246 3116 5297 ἐστι
3140 5241 3251 5295 τῶν
3290 5241 3357 5294 δι’
3398 5238 3589 5337 αὐτοῦ.
3613 5236 3689 5297 είς
3710 5233 3828 5337 Χριῖ

2274 5351 2397 5404 στὸν
2427 5350 2516 5403 τὸν
2546 5348 2605 5401 ὲν
2638 5344 2910 5414 πνεύματι
2936 5339 3109 5407 Λόγον
3155 5330 3719 5403 παιδαγωγουμένων,
3750 5330 3829 5378 καὶ

2263 5444 2340 5515 τῷ
2382 5441 2629 5514 μέλλοντι
2680 5437 2869 5506 κόσμῳ
2903 5431 3043 5485 κατὰ
3072 5428 3169 5500 τὴν
3215 5427 3480 5497 δευτέραν
3515 5420 3680 5477 αὑτοῦ

2265 5505 2453 5591 ουσίαν
2510 5528 2923 5601 συναγομένων·
2962 5521 3154 5594 ἐπειδὴ
3184 5520 3297 5590 γὰρ
3341 5517 3481 5591 σὰρξ
3508 5515 3602 5571 καὶ
3634 5505 3829 5577 πνεῦμά
