4038 6146
219 280 354 347 12ίῦ

1488 277 2009 339 AMBIGUORUM
2049 276 2300 338 LIBER.

3344 269 3484 337 1246

204 399 362 451 ἐστιν
393 392 423 445 6
466 388 628 452 αὐτὸς
662 385 802 442 κατᾶ
832 384 931 456 τὴν
980 383 1195 453 ἑκάστῳ
1241 381 1343 452 τῆς
1379 383 1637 450 γνώσεως
1668 386 1799 438 άνα-

1909 384 2056 439 idem
2082 392 2168 439 est
2201 398 2264 438 ac
2291 380 2597 437 secundum
2619 379 2952 450 cognitionis
2999 382 3303 453 unicuique
3346 399 3482 443 cono

207 483 400 555 λογίαν
420 480 632 553 τοῦτοῆ
662 480 843 534 ἐκεῖνο
885 478 1191 546 γινόμενος.
1221 476 1329 538 πᾶς
1352 474 1461 545 γὰρ
1488 475 1648 544 λόγος
1682 494 1797 546 φω-

213 580 328 639 δαῖς
366 574 690 629 ὑποπίπτων
717 570 813 623 καὶ
841 568 1154 639 γράμμασι.

287 666 490 741 Θαρῤῶ
515 666 573 720 δὲ
599 665 773 718 εἰπεῖν
817 664 898 715 ὅτι
930 661 1025 715 καὶ
1058 662 1167 714 πᾶν
1194 658 1394 729 νόημα,
1424 656 1499 728 νῷ
1534 657 1796 728 τυπωθῆφ

208 781 299 818 ναι
326 760 645 828 δυνάμενον,
671 753 1060 824 στοιχειώσεως
1084 750 1237 804 οὐδὲν
1265 749 1537 819 διενήνοχε
1563 749 1629 803 τά
1654 748 1796 818 ὑπὲρ

209 852 378 925 αὐτὴν
440 848 773 921 μηνυούσης.
828 845 921 898 Διὸ
976 844 1071 898 καὶ
1116 842 1364 912 τέσσαρα
1416 840 1794 912 τδν,άριθμδν

209 947 448 1016 ὑπάρχει
472 942 539 997 τὰ
564 939 896 1007 Εύαγγέλια,
927 937 1001 1000 ὡς
1033 938 1147 999 τοῖς
1170 934 1278 988 ὑπο
1300 933 1557 1004 αἴσθησιν
1584 933 1666 986 ἔτι
1700 934 1796 986 καὶ

212 1038 421 1110 φθοράν
483 1031 601 1091 οὖσι
645 1034 783 1091 τέως
815 1030 1059 1101 χωρητά.
1110 1026 1361 1082 Τοσαῦτα
1413 1027 1522 1097 γὰρ
1575 1027 1670 1079 καὶ
1724 1026 1793 1079 τὸ

213 1132 451 1198 στοιχεῖα
489 1125 747 1197 τυγχάνει
778 1123 868 1176 τοῦ
901 1122 1111 1191 κόσμου
1150 1118 1365 1182 τούτου,
1403 1120 1499 1172 καί⁴
1526 1118 1793 1189 τέσσαρες

210 1222 379 1276 πάλιν
412 1220 627 1291 ἀρεταὶ,
677 1216 738 1282 ἐξ
778 1211 852 1269 ὧν
903 1217 932 1268 6
973 1214 1114 1269 κατὰ
1146 1213 1387 1267 διάνοιαν
1426 1211 1792 1282 πνευματικὸς

210 1314 509 1382 συνέστηκε
554 1311 779 1380 κόσμος,
811 1309 898 1360 ἵνα
926 1306 1017 1360 τὸν
1056 1304 1197 1370 τέως
1226 1307 1284 1358 ὲν
1309 1306 1441 1375 ἡμῖν
1476 1303 1668 1375 νοητὸν
1698 1301 1795 1355 κό-

211 1419 371 1471 σμον,
399 1402 495 1455 καὶ
519 1400 609 1453 τὸν
642 1401 701 1452 ὲν
743 1392 787 1466 ᾧ
824 1400 1016 1469 ἐσμεν,
1045 1396 1365 1468 περιγράφῃ
1402 1395 1503 1466 τῆς
1536 1395 1794 1465 ἀληθείας

208 1494 238 1545 6
270 1491 445 1558 λόγος.
478 1490 574 1544 καὶ
615 1488 867 1559 ἀλλήλοις
904 1487 1103 1550 αὐτοὺς
1138 1484 1462 1556 ἀσυγχύτως
1501 1484 1626 1538 καθ’
1658 1483 1794 1537 Evn)-

212 1600 301 1635 σιν
334 1580 619 1651 συμϐάλλγ
643 1620 657 1646 ,
692 1580 787 1633 καὶ
837 1578 1087 1648 ἀλλήλων
1134 1576 1294 1630 πάλιν
1325 1575 1647 1648 ἁδιαιρὲτως
1677 1575 1794 1628 δια-

211 1674 373 1744 κρίνῃ
406 1714 419 1737 ,
479 1675 601 1736 ταῖς
659 1671 767 1724 τῶν
828 1670 1207 1723 συνιστώντων
1258 1668 1465 1730 αὐτοὺς,
1512 1667 1793 1738 στοιχείων

1903 474 2241 530 venientium
2267 482 2325 529 et
2355 474 2448 528 hic
2498 475 2559 528 lit
2604 475 2691 529 vel
2722 474 2818 528 illa
2845 514 2861 538 ,
2902 474 3034 544 quia
3082 476 3265 531 omnis
3297 493 3482 533 sermo

1904 567 2135 621 vocibus
2156 575 2212 620 et
2242 566 2442 622 litteris
2473 567 2742 636 subjacot.

1972 656 2165 712 Audeo
2187 673 2319 713 vero
2346 659 2529 713 dicere
2570 659 2937 728 quodcunque
2966 658 3132 711 etiam
3163 659 3482 728 cogitatum,

1902 747 2053 818 quod
2086 748 2256 803 menti
2293 749 2530 818 imprimi
2565 756 2752 818 queat,
2781 748 2850 801 ab
2880 748 3249 810 institutione,
3278 765 3341 801 ea
3366 766 3487 817 (μιιυ

1903 854 1961 892 se
2000 839 2287 907 superiora
2333 839 2448 894 sint
2493 840 2825 900 instruente,
2875 854 2986 892 non
3022 838 3269 892 diil‘erre.
3307 839 3486 904 Quart:

1901 930 2067 985 etiam
2103 940 2344 1001 quatuor
2390 947 2623 986 numero
2671 940 2798 985 sunt
2832 931 3148 1000 Evangelia.
3183 939 3244 985 ut
3282 932 3363 985 eis
3393 934 3486 1000 qui

1902 1023 2085 1078 sensui
2117 1024 2299 1078 adhuc
2328 1032 2385 1079 ct
2418 1024 2666 1081 iuteritui
2690 1024 2923 1094 subjecti
2955 1033 3084 1078 sunt
3113 1025 3333 1079 interim
3369 1040 3490 1092 per-

1902 1116 2205 1185 ceptibilia.
2230 1117 2354 1172 Pari
2382 1118 2529 1175 enim
2552 1132 2785 1172 numero
2806 1112 2945 1172 sunt
2968 1117 3240 1173 elementa
3269 1130 3489 1186 quoque

1901 1206 2070 1281 hujus
2116 1207 2330 1273 mundi,
2371 1216 2427 1262 et
2467 1216 2704 1277 quatuor
2747 1224 2943 1263 rursus
2973 1207 3228 1272 virtutes,
3263 1222 3331 1260 ex
3362 1207 3489 1275 qui-

1901 1300 2006 1355 bus
2030 1300 2333 1369 spiritualis
2366 1301 2672 1356 secundum
2705 1302 3047 1356 intellectum
3081 1308 3296 1355 constat
3326 1315 3488 1353 mun-

1900 1390 2026 1456 dus,
2056 1406 2125 1446 eo
2152 1401 2211 1446 ut
2244 1392 2514 1447 mundqu
2552 1392 2930 1463 temporaliter
2959 1392 3013 1447 in
3063 1391 3223 1446 nobis
3273 1392 3490 1445 intelle-

1901 1483 2165 1547 ctualem,
2193 1491 2250 1538 et
2276 1498 2402 1539 eum
2435 1485 2491 1540 in
2533 1499 2644 1553 quo
2673 1499 2985 1548 versemur,
3019 1482 3270 1537 veritatis
3308 1496 3493 1535 sermo

1901 1574 2345 1651 circumscribat,
2396 1590 2462 1631 ac
2517 1576 2624 1632 sibi
2680 1576 2917 1632 invicem
2970 1576 3177 1640 unitos,
3230 1573 3329 1629 sed
3380 1590 3492 1627 non

1901 1667 2240 1732 commistos,
2287 1667 2559 1733 conferat,
2594 1678 2651 1723 et
2690 1669 2839 1724 haud
2886 1667 3252 1739 disjungendo
3298 1682 3491 1730 rursus

209 1764 543 1834 ὁμοιότησιν.
568 1763 748 1833 Ὅπερ
783 1761 893 1833 γάρ
938 1762 1109 1823 ἐστιν,
1142 1757 1324 1829 (197
1350 1757 1401 1829 ὁ)
1436 1757 1512 1820 ὥς
1538 1774 1722 1827 φασιν,
1764 1758 1794 1810 6

1902 1760 2045 1816 inter
2088 1778 2146 1817 se
2189 1762 2456 1832 disparet,
2499 1762 2898 1817 elementorum
2946 1761 3095 1830 ipsos
3145 1759 3491 1814 constituen-

210 1855 397 1926 αἰθὴρ,
422 1854 595 1925 ἦγουν
619 1852 679 1907 τὸ
710 1853 939 1926 πύρινον
966 1852 1231 1921 στοιχεῖον
1270 1850 1328 1903 ἐν
1348 1848 1424 1920 τῷ
1448 1850 1572 1901 κατ’
1603 1846 1796 1919 αίσθη·

212 1964 300 2002 σιν
332 1945 545 2017 κόσμῳ,
574 1946 732 2011 τοοτῦ
787 1946 848 1999 ὲν
880 1941 961 2014 τῷ
999 1943 1191 2014 κόσμῳ
1222 1942 1320 2013 τῆς
1364 1940 1608 2004 διανοίας
1645 1940 1797 1995 ἐστὶν

210 2041 245 2109 ἡ
275 2038 558 2110 φρόνησις,
583 2039 657 2101 ὡς
691 2037 803 2102 ἕξις
831 2035 1135 2107 φωτιστικὴ
1170 2034 1265 2088 καὶ
1292 2033 1403 2087 τῶν
1438 2035 1523 2103 ἐφ’
1559 2033 1795 2088 ἑκάστου

210 2132 320 2185 τῶν
354 2132 524 2187 ὄντων
565 2131 709 2195 ἰδίως
764 2126 1155 2200 πνευματικῶν
1190 2129 1365 2195 λόγων
1417 2125 1793 2197 ἀποδεικτικὴ,

212 2224 312 2296 τὴν
342 2225 399 2276 ὲν
441 2224 583 2284 ὅλοις
615 2220 872 2284 ἀπλανῶς
912 2221 981 2274 δι’
1013 2220 1192 2272 αὐτῶν
1221 2219 1401 2272 αἰτίαν
1435 2217 1794 2285 ἐκφαίνουσα,

212 2318 309 2375 καὶ
339 2315 438 2384 τῆς
462 2313 603 2369 κατὰ
629 2314 807 2387 ψυχὴν
838 2312 965 2383 περὶ
991 2311 1053 2365 τὸ
1087 2310 1243 2365 Θεῖον
1281 2309 1522 2378 ἐφέσεως
1548 2308 1792 2378 ἑλκτικηο

211 2407 312 2462 καὶ
354 2408 491 2476 ὅπερ
523 2407 580 2459 ὲν
603 2404 677 2477 τῷ
705 2394 949 2474 αίσθητῷ
981 2405 1175 2473 κόσμῳ
1210 2402 1239 2454 6
1276 2401 1383 2472 ἀὴρ
1411 2441 1426 2468 ,
1457 2399 1614 2454 τοῦτο
1638 2400 1697 2453 ὲν
1719 2398 1797 2470 τῷ

219 2496 366 2552 κατὰ
385 2497 624 2550 διάνοιαν
647 2495 839 2566 κόσμῳ
861 2494 977 2548 ἐστὶ
1012 2496 1046 2564 ἡ
1074 2490 1318 2563 ἀνδρεία,
1339 2490 1415 2556 ὡς
1442 2489 1555 2555 ’ἐξις
1581 2508 1797 2561 κινητι-

209 2592 307 2663 κὴ,
335 2590 428 2644 καί
468 2589 565 2658 τῆς
601 2588 849 2657 ἐμφύτου
895 2586 1038 2639 κατᾶ
1084 2584 1301 2653 πνεῦμα
1324 2583 1470 2657 ζωῆς
1504 2585 1796 2653 συνεκτική

209 2702 271 2736 τε
308 2684 426 2753 ἅμα
455 2681 551 2735 καί
579 2678 867 2751 δραστικὴ,
914 2678 1008 2732 καὶ
1044 2678 1142 2748 τῆς
1192 2676 1334 2730 κατὰ
1360 2675 1541 2748 ψυχὴν
1573 2678 1704 2746 περί
1738 2675 1800 2729 τὸ

209 2780 367 2830 θεῖον
388 2773 732 2844 άεικινησίας
758 2774 1061 2843 τομωτικήθ
1090 2771 1184 2825 καί
1214 2773 1350 2842 ὅπερ
1373 2772 1431 2824 ὲν
1450 2771 1527 2841 τῷ
1558 2769 1800 2841 αἰσθητῷ

208 2868 407 2937 κόσμῳ
438 2865 558 2920 ἐστὶ
592 2865 655 2918 τδ
684 2863 851 2936 ὕδωρ,
883 2863 1043 2916 τοῦτο
1088 2865 1145 2916 ἐν
1183 2861 1259 2932 τῷ
1299 2861 1401 2933 τῆς
1428 2860 1671 2924 διανοίας
1705 2860 1800 2914 κό-

208 2977 339 3032 σμῳ
381 2958 532 3012 ἐστὶν
578 2959 612 3031 ἡ
660 2956 1008 3027 σωφροσύνη,
1061 2955 1174 3021 ἒξις
1230 2954 1555 3025 ὑπάρχουσα
1597 2954 1696 3024 τῆς
1740 2956 1798 3006 ἐν

207 3049 497 3122 Πνεύματι
537 3048 777 3119 ζωτικῆς
823 3045 1180 3118 γονιμότητος
1218 3046 1498 3118 ποιητικὴ,
1557 3045 1651 3099 καὶ
1699 3048 1800 3115 τῆς

206 3142 537 3211 meum»
571 3139 713 3195 κατὰ
754 3138 852 3211 τὴν
881 3139 1065 3209 ἔφεσιν
1094 3139 1223 3209 περί
1254 3137 1316 3191 τὸ
1344 3137 1497 3192 Θεῖον
1528 3138 1799 3209 ἐρωτικῆς

208 3232 449 3299 θέλξεως
472 3234 789 3303 γεννητική·
832 3228 928 3285 καί
960 3232 1098 3303 ὅπερ
1128 3233 1187 3285 ὲν
1220 3230 1298 3302 τῷ
1328 3229 1575 3302 αἰσθητῷ
1611 3231 1801 3302 κόσμῳ

207 3325 366 3389 ιστίν
395 3326 429 3397 ἡ
460 3322 797 3392 δικαιοσύνη,
833 3322 947 3388 ἕξις
974 3323 1296 3395 ὑπάρχουσα
1332 3324 1453 3376 κατ’
1496 3320 1634 3386 εἶδος
1673 3339 1799 3391 γεν-

207 3416 413 3490 νητικὴ
440 3416 660 3470 πάντων
704 3415 813 3468 τῶν
844 3417 902 3469 ὲν
940 3418 1055 3479 τοῖς
1091 3411 1210 3469 οὖσι
1250 3413 1445 3485 λόγων,
1487 3416 1710 3485 καὶτῆς
1745 3416 1802 3469 ὲν

208 3508 501 3579 Πνεύματι
545 3505 689 3561 κατὰ
731 3507 794 3560 τὸ
842 3507 960 3561 ίσον
1000 3508 1218 3578 ἑκάστῳ
1248 3506 1486 3576 ζωτικῆς
1514 3506 1803 3571 διαδόσεως

211 3599 621 3673 ἁπονεμητικὴ,
651 3601 870 3671 καὶτῆς
894 3600 1102 3661 οἰκείας
1143 3599 1203 3651 ὲν
1241 3598 1319 3669 τῷ
1345 3598 1495 3678 καλῷ
1531 3597 1675 3651 κατὰ
1704 3597 1803 3667 τὴν

213 3691 370 3748 θέσιν
398 3691 608 3762 βάσεως
650 3692 988 3764 ἀμετάθετος
1035 3690 1266 3762 ἵδρυσις.
1312 3690 1422 3761 Γῆς
1458 3685 1552 3745 οὖν
1592 3690 1688 3743 καὶ
1728 3689 1806 3743 δι-

212 3783 515 3855 καιοσύνης
541 3783 820 3855 μυστικῶς
843 3783 1002 3852 λόγον
1028 3782 1239 3855 ἐπέχει,
1266 3781 1329 3835 τὸ
1357 3780 1500 3838 κατὰ
1524 3780 1804 3836 Ματοαίον

212 3871 577 3942 Εὐαγγὲλιον,
618 3873 695 3938 ὡς
720 3873 1099 3945 φυσικώτερον
1136 3874 1228 3927 τὸν
1257 3872 1417 3942 λόγον
1451 3873 1801 3943 ποιούμενον,

212 3964 413 4030 ὕδατος
458 3963 518 4018 δὲ
567 3967 662 4021 καὶ
714 3966 1071 4039 σωφροσύνης
1101 3966 1162 4019 τὸ
1187 3966 1331 4021 κατὰ
1367 3966 1615 4037 Μάρκον,
1643 3966 1719 4030 ώς
1740 3969 1806 4023 ἐκ

210 4057 315 4114 τοῦ
370 4057 747 4131 βαπτίσματος
793 4059 1048 4113 Ἰωάννου
1096 4059 1192 4114 καὶ
1238 4059 1340 4129 τῆς
1392 4060 1805 4131 κηρυττομένης

215 4152 312 4210 ὑπ’
340 4152 505 4206 αὑτοῦ
535 4154 846 4224 μετανοίας,
877 4155 999 4208 καθ’
1025 4156 1091 4224 ἢν
1125 4155 1158 4226 ἡ
1186 4153 1513 4225 σωφροσύνη
1547 4154 1807 4225 συνίστην

215 4258 313 4300 κεν
341 4285 357 4312 ,
400 4245 730 4317 ἀρχόμενον,
775 4247 939 4318 ἀέρος
990 4246 1048 4301 δὲ
1098 4246 1195 4301 καὶ
1232 4245 1487 4317 ἀνδρείας
1546 4246 1609 4300 τὸ
1666 4246 1806 4304 κατὰ

215 4341 462 4407 Δουκᾶν,
512 4341 588 4405 ώς
616 4340 1075 4412 περιοδικώτερον
1107 4341 1203 4396 καὶ
1248 4340 1493 4397 πλείοσιν
1538 4340 1805 4412 ἱστορίαις

1903 1854 2039 1910 tium
2068 1854 2551 1910 similitudinibus.
2581 1854 2738 1922 Quod
2762 1854 2932 1920 enim,
2960 1861 3021 1908 ut
3046 1851 3292 1916 tradunt,
3317 1848 3492 1906 aether

1899 1955 2005 2011 est,
2045 1947 2164 2002 sive
2213 1946 2435 2017 igneum
2482 1946 2539 2001 in
2587 1946 2834 2003 sensibili
2881 1944 3087 1998 mundo
3130 1943 3490 2007 elementum,

1899 2038 1953 2094 id
1998 2039 2050 2093 in
2098 2039 2415 2094 intellectus
2446 2039 2553 2093 hoc
2595 2038 2804 2094 mundo
2832 2037 3129 2108 prudentia
3161 2043 3270 2099 est,
3302 2038 3492 2103 utpote

1900 2131 2126 2193 habitus
2168 2131 2488 2186 illuminans
2533 2141 2593 2187 et
2640 2131 2925 2186 rationum
2961 2129 3186 2200 proprie
3226 2127 3491 2198 spiritua-

1899 2224 2056 2289 lium,
2090 2241 2213 2295 qua:
2241 2224 2475 2295 singulis
2500 2224 2814 2295 quibusque
2839 2239 3032 2279 eorum
3060 2238 3183 2293 quae
3227 2229 3361 2277 sunt
3404 2221 3491 2275 in-

1899 2315 2149 2371 haereant
2196 2315 2384 2382 index,
2427 2314 2523 2385 qui
2566 2331 2791 2375 causam
2853 2331 3043 2371 rerum
3098 2315 3490 2369 universarum

1900 2414 2057 2464 certo
2106 2422 2206 2476 per
2237 2406 2385 2477 ipsas
2433 2406 2798 2471 demonstrat,
2834 2421 2900 2462 ac
2932 2406 3136 2465 mentis
3167 2406 3315 2461 circa
3346 2405 3487 2461 divi-

1898 2514 2033 2553 num
2063 2497 2400 2554 desiderium
2432 2498 2662 2553 attrahit
2689 2506 2748 2554 et
2776 2498 2930 2554 ducit
2965 2516 2977 2552 :
3013 2505 3069 2553 et
3097 2498 3246 2568 quod
3280 2497 3335 2551 in
3367 2512 3494 2553 sen-

1901 2592 2050 2648 sibili
2076 2592 2282 2647 mundo
2304 2607 2419 2656 aer,
2438 2591 2494 2645 id
2516 2591 2571 2645 in
2598 2591 2962 2647 intellectuali
2993 2591 3202 2646 mundo
3224 2590 3493 2646 fortitudo

1900 2694 2005 2751 cst,
2033 2692 2223 2754 utpote
2252 2684 2480 2738 habitus
2515 2699 2766 2749 movens,
2813 2699 2879 2739 ac
2922 2685 3091 2739 vitam
3126 2683 3488 2754 spiritualiter

1901 2774 2203 2847 ingenitam
2235 2790 2590 2840 conservans,
2623 2783 2682 2829 et
2717 2774 2981 2839 incitans,
3018 2783 3074 2830 et
3106 2775 3304 2829 anime
3345 2775 3493 2829 circa

1901 2868 2077 2939 Deum
2130 2864 2573 2923 immobililatem
2607 2867 2928 2923 discindens
2962 2886 2975 2921 :
3008 2876 3066 2923 et
3096 2867 3257 2938 quod
3280 2868 3338 2921 in
3367 2882 3495 2922 sen-

1901 2960 2052 3017 sibili
2090 2962 2301 3017 mundo
2347 2978 2510 3032 aqua,
2541 2962 2598 3016 id
2648 2963 2705 3018 in
2750 2962 3109 3019 intellectuali
3157 2962 3367 3018 mundo
3407 2973 3491 3022 est

1904 3063 2290 3131 temperantia,
2317 3063 2413 3132 qui
2461 3062 2685 3118 habitus
2725 3069 2811 3117 est
2841 3062 3023 3117 vitalis
3064 3062 3120 3118 in
3155 3062 3364 3131 Spiritu
3409 3062 3493 3115 re-

1901 3154 2201 3210 cunditatis
2224 3155 2528 3219 factitator,
2579 3163 2748 3225 atque
2801 3156 3057 3211 amatorii
3099 3155 3170 3211 de
3210 3155 3494 3211 desiderio

1902 3247 2048 3302 circa
2079 3246 2251 3301 Deum
2282 3247 2545 3317 perennis
2569 3247 2756 3317 gaudii
2792 3256 3115 3317 procreator
3140 3266 3153 3301 :
3179 3257 3235 3302 et
3263 3249 3411 3316 quod
3436 3249 3492 3301 in

1902 3338 2158 3394 sensibili
2218 3339 2426 3394 mundo
2462 3347 2633 3406 terra,
2683 3340 2736 3395 id
2788 3341 2846 3394 in
2886 3340 3248 3395 intellectuali
3285 3340 3493 3395 mundo

1896 3429 2115 3501 justitia
2144 3437 2251 3495 est,
2277 3431 2371 3500 qui
2416 3429 2642 3485 habitus
2668 3440 2755 3486 est
2797 3431 3046 3486 omnium
3078 3432 3134 3485 in
3166 3447 3353 3486 rerum
3397 3447 3495 3487 na-

1904 3529 2029 3576 tura
2059 3537 2182 3591 quae
2223 3529 2353 3577 sunt
2398 3523 2679 3578 rationum
2726 3537 2827 3592 per
2867 3522 3099 3577 formam
3142 3538 3207 3578 ac
3252 3523 3488 3594 speciem

1902 3623 2248 3686 procreator,
2287 3630 2353 3669 ac
2401 3614 2586 3669 vitalis
2631 3615 2935 3670 secundum
2988 3631 3205 3686 aequum
3260 3616 3495 3688 singulis

1902 3707 2218 3778 quibusque
2246 3706 2303 3761 in
2329 3706 2540 3776 Spiritu
2570 3707 3085 3764 distribuendorum
3109 3709 3417 3780 assignator
3436 3712 3490 3768 ιι.

1904 3799 2194 3869 nostrique
2229 3814 2329 3869 per
2374 3800 2671 3856 consilium
2701 3818 2767 3857 ac
2796 3803 3141 3858 voluntatem
3170 3803 3225 3857 in
3259 3803 3494 3859 honesto

1904 3891 2111 3963 gradus
2139 3892 2503 3948 immutabilis
2541 3894 2841 3950 stabilitor.
2871 3895 3063 3965 Itaque
3093 3904 3257 3951 terra;
3282 3912 3348 3951 ac
3400 3897 3493 3967 ju-

1904 3985 2071 4041 stitiw
2102 3986 2369 4041 rationem
2389 3986 2621 4057 mystice
2655 3995 2808 4042 tenet
2833 3988 3074 4042 Matthzei
3109 3988 3490 4058 Evangelium,

1906 4085 1980 4148 ut_
1994 4078 2144 4149 quod
2170 4079 2483 4136 naturalius
2510 4080 2766 4136 instituat.
2799 4097 3112 4136 sermonem
3138 4099 3153 4147 ;
3178 4097 3335 4152 aqua:
3359 4092 3493 4137 vero

1905 4178 1963 4227 et
2007 4173 2391 4242 temperantiae
2444 4173 2802 4244 Evangelium
2858 4174 3061 4239 Marci,
3111 4182 3173 4229 ut
3231 4174 3379 4245 quod
3425 4189 3493 4231 ex

1906 4264 2181 4336 baptismo
2209 4264 2441 4329 Joannis
2491 4274 2551 4321 et.
2580 4266 2911 4336 poenitentia
2956 4267 3026 4321 ab
3072 4282 3140 4323 eo
3174 4267 3491 4337 praedicata,

1905 4372 2014 4426 qua
2042 4358 2406 4426 temperantia
2426 4366 2664 4422 constat,
2690 4358 2937 4426 inchoet;
2972 4358 3118 4414 aeris
3139 4374 3271 4414 vero
3297 4373 3355 4417 et
3379 4359 3495 4413 ἰοί-ο
3582 4383 3593 4388 -

220 4432 617 4502 πυκνούμενον.
673 4432 889 4503 αἰθέρος
950 4434 1007 4487 δὲ
1057 4435 1152 4491 καὶ
1197 4435 1518 4506 φρονήσεως
1560 4432 1623 4486 τὸ
1661 4432 1799 4487 κατὰ

1910 4446 2168 4502 titudinis
2200 4448 2560 4519 Evangelium
2610 4450 2793 4516 Lucae,
2841 4460 2903 4505 ut
2946 4451 3096 4520 quod
3144 4449 3380 4521 amplius
3422 4451 3497 4506 sit

230 4524 507 4595 Ἰωάννην,
529 4524 605 4589 ὡς
631 4526 848 4579 πάντων
874 4525 1066 4597 (198
1094 4523 1149 4597 a)
1178 4525 1475 4592 ἀνώτατον,
1504 4525 1601 4579 καί
1624 4525 1803 4595 άπλῆν

223 4618 504 4689 μυστικῶς
546 4619 647 4690 τὴν
683 4620 813 4691 περὶ
869 4620 1005 4673 Θεοῦ
1048 4620 1231 4674 πίστιν
1277 4621 1520 4690 εἰσάγον,
1572 4621 1667 4674 καὶ
1720 4620 1807 4676 ἔνο

220 4728 387 4765 νοιαν.
430 4712 569 4765 Φασὶ
611 4711 671 4765 δὲ
721 4715 817 4768 καὶ
849 4712 1026 4777 ἄλλως
1059 4712 1330 4780 σύμϐολον
1363 4709 1505 4768 εἶναι
1549 4713 1647 4786 τὴν
1695 4713 1805 4767 τῶν

220 4802 393 4872 ἁγίων
428 4804 779 4875 Εὐαγγελίων
831 4806 1068 4876 τετράδα
1091 4846 1108 4872 ,
1154 4806 1414 4869 πίστεως,
1444 4806 1540 4861 καὶ
1570 4823 1805 4879 πρακτιφ

222 4894 345 4965 κῆς,
381 4895 478 4949 καὶ
527 4897 786 4965 φυσικῆς,
823 4897 916 4950 καὶ
958 4896 1277 4969 θεολογικῆς
1324 4897 1641 4966 φιλοσοφίας
1665 4914 1678 4927 ·
1712 4901 1805 4954 καὶ

221 4986 321 5055 τῆς
365 4986 466 5056 μὲν
490 4987 731 5050 πίστεως
764 4985 1033 5056 σύμϐολον
1065 4982 1207 5041 εἶναι
1236 4989 1298 5040 τὸ
1326 4988 1468 5044 κατὰ
1494 4989 1798 5051 Ματοαῐον,

222 5075 298 5140 ὡς
332 5077 601 5142 ἀπίστους
650 5078 793 5149 μετὰ
842 5076 1032 5148 δώρων
1091 5078 1537 5149 προσκυνοῦντας
1588 5080 1807 5149 εἰσάγον

225 5171 352 5234 τοὺς
380 5170 630 5239 Μάγους,
664 5172 763 5241 τῆς
801 5170 860 5224 δὲ
906 5170 1221 5240 πρακτικῆς
1253 5171 1314 5224 τὸ
1365 5170 1511 5224 κατὰ
1554 5172 1804 5243 Μάρκον,

230 5258 307 5324 ὼς
337 5263 401 5315 ὲκ
426 5262 525 5333 τῆς
568 5262 874 5333 μετανοίας,
917 5263 1040 5318 καθ’
1084 5264 1153 5336 ἣν
1211 5265 1361 5319 πᾶσα
1416 5266 1615 5335 πρᾶξίς
1656 5270 1805 5322 ἐστιν

229 5351 506 5425 ἐνάρετος,
548 5355 648 5424 τῆς
676 5354 1027 5420 διδασκαλίας
1062 5355 1387 5426 ἀρχόμενον,
1428 5356 1528 5426 τῆς
1554 5358 1609 5412 δὲ
1643 5375 1805 5428 φυσι-

228 5447 332 5517 κῆς
360 5449 422 5503 τὸ
457 5448 599 5504 κατὰ
637 5451 883 5515 Λουκᾶν,
918 5451 993 5516 ὡς
1031 5451 1495 5523 περιοδικωτέραν
1520 5451 1611 5505 τοῦ
1641 5453 1803 5522 λόγου

227 5537 325 5610 τὴν
366 5541 633 5613 ἐξήγησιν
672 5543 816 5613 ἔχον,
866 5546 961 5598 καί
1006 5545 1106 5616 τὴν
1142 5545 1244 5615 τῆς
1271 5545 1623 5610 διδασκαλίας
1657 5548 1794 5601 ίστο-

300 5711 326 5753 ⁸
362 5713 379 5769 ι
409 5712 536 5770 Cor.
572 5732 664 5785 xu,
704 5718 783 5772 li.

1904 4540 2270 4611 pluribusque
2305 4541 2724 4598 narrationibus
2753 4544 3104 4609 confertum;
3138 4544 3363 4599 :etheris
3395 4542 3494 4598 de-

1905 4632 2075 4702 nique
2107 4642 2166 4687 et
2198 4633 2510 4702 prudentia)
2552 4634 2914 4706 Evangelium
2956 4636 3217 4701 Joannis,
3251 4644 3313 4692 ut
3347 4636 3493 4707 quod

1902 4725 2123 4781 caeteris
2141 4727 2398 4794 superius
2416 4727 2506 4791 sit,
2531 4726 2949 4797 simplicemque
2967 4730 3194 4800 mystice
3211 4730 3305 4784 Dei
3330 4730 3493 4784 fidem

1905 4814 2226 4871 introdueat
2252 4823 2418 4886 atque
2450 4817 2895 4888 intelligentiam.
2943 4819 3193 4873 Tradunt
3218 4835 3353 4873 vero
3392 4820 3494 4874 ali-

1906 4915 1993 4961 ter
2040 4922 2265 4977 quoque
2310 4916 2635 4964 sanctorum
2684 4910 3107 4979 Evangeliorum
3170 4910 3493 4982 quadrigam

1905 4999 2215 5072 symbolum
2245 5015 2390 5062 esse.
2428 5000 2579 5066 ﬁdei,
2616 5011 2674 5057 et
2703 5004 2982 5073 praeﬁcae,
3025 5003 3142 5058 sive
3186 5003 3401 5066 activm,
3441 5011 3498 5057 ct

1906 5091 2197 5156 naturalis,
2231 5102 2291 5147 et
2336 5092 2664 5164 theologica:
2715 5095 3115 5165 philosophiae;
3149 5104 3317 5165 atque
3366 5096 3495 5150 ﬂdri

1905 5183 2217 5254 symbolum
2265 5198 2386 5239 esse
2419 5185 2779 5255 Evangelium
2807 5187 3069 5253 Matthmi,
3104 5195 3167 5241 ut
3207 5203 3329 5257 qua:
3369 5188 3496 5242 intl—

1909 5277 2065 5339 deice;
2087 5292 2213 5332 cum
2237 5276 2404 5332 donis
2442 5277 2739 5334 adorantes
2778 5280 3007 5337 inducat
3048 5296 3264 5351 magos;
3294 5282 3498 5351 practi-

1911 5383 1990 5424 cze
2038 5384 2172 5425 vero
2231 5369 2347 5425 sive
2425 5369 2637 5434 active,
2701 5371 3086 5443 philosophiae,
3141 5373 3497 5444 Evangciiunt

1911 5456 2098 5521 Marci,
2129 5465 2191 5512 ut
2223 5458 2371 5527 quod
2417 5474 2485 5513 ex
2530 5459 2879 5530 paenitentia,
2931 5476 3095 5533 quam
3136 5463 3321 5519 omnis
3354 5467 3501 5525 actia

1910 5549 2134 5606 virtutis
2169 5550 2448 5625 sequitur,
2495 5550 2845 5625 disciplinam
2899 5555 3185 5624 instituat;
3229 5558 3501 5627 naturalis
