4038 6146
526 224 661 291 1247

1671 238 1729 297 S.
1775 238 2061 299 MAXIMI
2102 241 2615 303 CONFES'SORIS

3692 230 3848 301 1243

518 359 653 401 vero
679 345 1037 416 Evangelium
1070 344 1251 409 Lucre,
1283 353 1343 400 ut
1367 346 1513 416 quod
1544 349 1867 419 ampliorem
1897 367 2107 407 sermo-

2241 354 2335 407 ιίαν
2364 357 2477 417 τοῖς
2523 356 2744 425 τρόποις
2777 354 3138 423 κατάλληλον,
3169 354 3271 422 τῆς
3319 352 3384 405 δέ
3433 326 3743 416 θεολογῖας
3782 348 3847 399 τὸ

518 436 608 491 nis
642 436 1049 492 enarrationem
1082 438 1387 502 contineat,
1422 451 1478 495 et
1523 440 1892 497 institutionis
1924 444 2101 498 bisto-

519 531 660 583 riam
693 528 870 583 modis
897 544 1197 599 congruam
1226 540 1283 586 et
1315 540 1779 600 consentaneam;
1815 535 2107 607 theologiae

2215 445 2357 499 κατά
2404 446 2677 518 Ἰωάννην,
2708 446 2766 511 ἐξ
2894 447 2987 499 καὶ
3034 447 3114 510 εἰς
3151 448 3217 515 ἣν
3250 440 3606 514 θεοπρεπῶς
3631 438 3843 511 ἤρξατό

2213 553 2274 588 τε
2299 539 2395 590 καὶ
2424 535 2604 609 ἔληξε.

519 621 761 691 denique
809 622 1119 693 symbolum
1162 638 1284 679 esse
1327 624 1556 680 Joannis
1604 626 1988 698 Evangelium,
2038 644 2107 683 ex
2143 644 2257 699 quo
2319 638 2373 683 et
2420 630 2477 684 in
2555 630 2702 700 quod
2748 630 2861 686 Deo
2905 630 3310 685 convenienter
3361 624 3741 682 inchoaverit
3786 634 3842 676 et

521 716 789 770 finiverit.

591 809 772 877 Atque
801 824 997 863 rursus
1036 816 1098 863 ut
1125 809 1407 864 sensibilis
1435 810 1680 866 mundus
1708 813 1955 881 quinque
1983 828 2113 866 sen-

525 916 687 956 suum
723 901 1054 956 naturaliter
1098 910 1184 956 est
1230 902 1541 967 institutor,
1575 903 1708 958 dum
1751 904 2001 975 subjacet
2031 904 2113 959 eis

525 1002 689 1062 atque
732 993 799 1047 ad
851 1008 910 1048 se
955 993 1543 1063 comprehendendum
1592 1010 1689 1050 eos
1734 994 1982 1061 deducit,
2036 994 2114 1049 ita

481 1078 489 1087 ⁷
526 1082 691 1136 etiam
718 1082 1114 1137 intellectualis
1142 1083 1382 1138 mundus
1403 1084 1673 1138 virtutum
1701 1093 1807 1150 est,
1834 1084 1965 1138 dum
1990 1084 2113 1139 ani-

528 1191 626 1231 ma:
658 1175 1021 1230 facultatibus
1051 1175 1293 1229 obnoxia
1326 1175 1393 1229 ad
1428 1176 1684 1246 spiritum
1723 1192 1818 1232 eas
1850 1176 2112 1240 instituit,

524 1277 583 1323 ct
610 1268 916 1323 uniformes
949 1268 1134 1326 reddit
1180 1268 1438 1339 circaque
1474 1284 1601 1324 eum
1650 1268 1920 1324 duntaxat
1959 1285 2117 1325 com-

528 1360 739 1415 moveri
771 1362 1001 1432 ejusque
1030 1361 1489 1431 perceptionibus
1524 1362 1685 1416 inhiti
1715 1363 1894 1433 jubet.
1930 1363 2000 1417 Et
2032 1362 2118 1433 ip—

531 1450 610 1504 sis
642 1465 774 1504 vero
821 1451 1072 1520 corporis
1121 1453 1382 1507 sensibus
1430 1452 1736 1507 secundum
1787 1453 2119 1509 diviniorem

533 1542 807 1596 rationem
854 1545 938 1598 eis
980 1543 1421 1611 convenientem,
1472 1545 1689 1600 institui
1723 1547 1877 1601 aiunt
1921 1548 2120 1602 animae

533 1632 861 1700 facultates,
913 1641 975 1689 ut
1017 1635 1221 1705 quibus
1280 1637 1350 1691 ad
1399 1636 1675 1707 agendum
1720 1639 1988 1709 paulatim
2032 1639 2120 1693 i11-

535 1734 845 1791 struantur,
875 1727 1187 1782 rationibus
1227 1728 1491 1784 nimirum
1522 1746 1645 1807 qua;
1677 1731 1731 1784 in
1763 1730 1934 1785 rebus
1974 1731 2123 1786 exsi-

535 1817 811 1872 stentibus
866 1818 1038 1874 insint
1082 1820 1568 1889 appreltendendis
1619 1838 1683 1877 ac
1724 1822 2122 1893 percipiendis,

536 1918 635 1972 per
684 1922 823 1976 quas
885 1908 1054 1963 veluti
1124 1924 1225 1979 per
1282 1910 1491 1967 litteras
1551 1913 1816 1982 quasdam
1882 1915 1964 1968 eis
2030 1915 2126 1983 qui

537 1996 828 2051 oculorum
893 1998 949 2054 in
1012 2002 1307 2062 veritatem
1376 2003 1553 2059 aciem
1622 2005 1920 2060 intendunt
1981 2006 2129 2062 Deus

538 2086 736 2144 Sermo
761 2089 985 2161 legitur.
1014 2092 1171 2148 Unde
1202 2102 1259 2149 et
1287 2097 1630 2166 exemplares
1656 2099 1855 2153 animae
1889 2100 2127 2155 faculta-

540 2191 658 2236 tum
688 2182 957 2255 imagines
990 2201 1188 2242 scnsus
1211 2200 1572 2256 vocaverunt,
1595 2206 1721 2247 cum
1746 2194 2129 2263 unusquisque

540 2290 741 2331 sensus
763 2291 889 2332 cum
920 2278 1291 2336 instrumento
1329 2297 1455 2349 suo,
1491 2284 1792 2355 unicuique
1818 2285 2014 2340 animm
2048 2285 2130 2340 fa-

542 2368 1164 2427 cultati‘convenienter
1190 2375 1403 2430 ratione
1432 2375 1605 2446 magis
1636 2377 1864 2449 mystica
1890 2376 1957 2432 de
1980 2378 2135 2447 prino

543 2459 690 2528 eipio
721 2476 752 2514 a
795 2470 995 2516 natura
1040 2464 1344 2520 attributus
1375 2466 1468 2520 sit.
1501 2467 1579 2521 Ac
1611 2466 1889 2523 facultatis
1921 2468 2131 2523 intelli-

543 2548 731 2618 gendi,
777 2551 895 2607 sive
950 2554 1174 2619 mentis,
1226 2555 1429 2621 visum,
1483 2554 1770 2610 rationalis
1814 2570 1970 2621 vero,
2015 2557 2134 2611 sive

545 2644 819 2699 sermonis
845 2642 1117 2712 auditum,
1147 2648 1315 2703 animi
1348 2648 1636 2714 olfactum,
1662 2650 2134 2719 concupiscentia:

546 2742 787 2805 gustum,
818 2737 1005 2791 vitalis
1047 2746 1254 2792 tactum
1288 2755 1411 2794 esse
1453 2754 1677 2794 sensum
1724 2739 1939 2807 dicunt,
1967 2748 2133 2812 atque

2292 810 2403 865 Kal.
2438 811 2600 865 πάλιν
2642 810 2832 880 ὥσπερ
2877 812 2906 864 ὁ
2949 811 3206 881 αἰσθητὸς
3260 811 3484 882 κόσμος
3542 827 3842 879 στοιχειω-

2219 905 2371 967 τικός
2422 905 2537 957 ἐστι
2604 904 2743 958 κατά
2816 904 2981 974 φύσιν
3034 903 3145 956 τῶν
3231 905 3402 957 πέντε
3454 903 3792 973 αἰσθήσεων
3821 947 3834 971 ,

2222 993 2547 1047 ὑποπίπτων
2592 996 2783 1059 αὑταῖς
2829 994 2923 1049 καὶ
2972 995 3111 1066 πρὸς
3160 994 3261 1065 τὴν
3308 994 3525 1049 ἑαυτοῦ
3584 995 3837 1066 κατάληο

2221 1080 2314 1150 ψιν
2345 1082 2591 1153 ὁδηγῶν,
2645 1082 2787 1136 οὕτω
2822 1084 2918 1136 καὶ
2947 1084 2975 1135 ὀ
3009 1083 3152 1137 κατὰ
3198 1084 3448 1138 διάνοιαν
3479 1084 3706 1155 κόσμος
3730 1086 3836 1138 τῶν

2224 1174 2459 1244 ἀρετῶν,
2505 1178 2626 1239 ταῖς
2673 1174 2776 1246 τῆς
2815 1176 2997 1248 ψυχῆς
3033 1178 3360 1231 ὑποπίπτων
3384 1179 3671 1249 δυνάμεσι
3698 1198 3836 1233 στοι-

2220 1266 2358 1335 χειοῖ
2386 1263 2555 1327 αὑτὰς
2608 1264 2748 1333 πρὸς
2793 1263 2855 1318 τδ
2900 1264 3152 1335 πνεῦμα,
3204 1267 3467 1330 ἐνοειδεϊς
3516 1268 3835 1338 ἐργαζόμει

2221 1374 2311 1421 νος
2367 1357 2444 1428 τῷ
2486 1359 2615 1427 περὶ
2665 1358 2802 1411 αὐτὸ
2832 1358 2992 1428 μόνον
3038 1358 3211 1422 αὑτὰς
3244 1360 3551 1424 κινεῖσθαι,
3578 1363 3683 1414 καὶ
3717 1366 3831 1425 ταῖς

2223 1449 2387 1503 αὐτοῦ
2440 1448 2790 1520 ἀντιλήψεσιν
2818 1449 3220 1521 ὲπερείδεσθαι.
3261 1453 3372 1504 Καὶ
3405 1452 3592 1515 αὐτὰς
3622 1452 3690 1505 δὲ
3737 1457 3828 1517 τὶς

2223 1542 2503 1613 αἰσθήσεις
2531 1542 2623 1596 τοῦ
2653 1534 2925 1614 σώματος,
2952 1544 3093 1598 κατὰ
3114 1543 3206 1598 τὸν
3232 1527 3424 1608 αὑταῖς
3453 1530 3833 1615 ἐμπρέποντα

2227 1634 2500 1705 θειότερον
2547 1635 2727 1703 λόγον,
2755 1636 3168 1706 στοιχειωτικὰς
3208 1632 3350 1688 εἷναί
3379 1654 3519 1705 φασι
3589 1638 3714 1691 τῶν
3741 1640 3833 1706 τῆς

2226 1725 2406 1796 ψυχῆς
2428 1725 2730 1796 δυνάμεων,
2759 1727 3130 1796 στοιχειούσας
3149 1728 3316 1790 αὐτάς
3336 1728 3437 1798 ήρέ
3446 1746 3529 1797 μα
3554 1729 3711 1798 πρὸς
3761 1731 3837 1780 es

2228 1816 2467 1888 ἐργειαν,
2487 1821 2605 1880 ταῖς
2623 1817 2686 1889 δὴ
2704 1818 2748 1851 ¹⁹
2768 1818 2972 1872 ἑαυτῶν
2989 1818 3304 1889 ἀντιλήψεσι
3327 1819 3440 1872 τῶν
3466 1821 3531 1872 ἐν
3560 1823 3691 1883 τοῖς
3721 1816 3838 1875 οὖσι

2228 1909 2424 1977 λόγων,
2446 1910 2513 1963 δι’
2536 1903 2610 1963 ὧν
2629 1908 2704 1973 ὡς
2717 1908 2803 1963 διὰ
2821 1910 3166 1982 γραμμάτων
3184 1912 3343 1965 τινῶν
3362 1913 3479 1974 τοῖς
3503 1911 3839 1976 ὁξυωποῦσι

2230 2000 2370 2071 πρὸς
2402 2001 2499 2072 τὴν
2528 2001 2787 2073 ἀλήθειαν
2849 2002 2880 2054 ό
2925 2002 3061 2066 Θεὸς
3116 2004 3289 2071 Λόγος
3346 2002 3834 2072 ἀναγινώσκεται.

2232 2093 2397 2149 Ὅθεν
2424 2095 2519 2148 καὶ
2550 2094 3063 2166 Μραδειγματικᾶς
3083 2094 3190 2149 τῶν
3230 2094 3482 2171 ψυχικῶν
3525 2096 3837 2167 δυνάμεων

2232 2187 2448 2250 εἰκόνας
2471 2187 2570 2252 τὰς
2591 2186 2874 2258 αἰσθήσεις
2896 2187 3182 2253 ἐκάλεσαν,
3231 2186 3303 2250 ὡς
3337 2187 3589 2256 ἑκάστης
3641 2190 3838 2261 uidet»

2235 2295 2369 2343 σεως
2404 2278 2542 2348 μετὰ
2590 2278 2685 2332 τοῦ
2717 2278 2891 2348 αὐτῆς
2939 2278 3200 2351 ὀργάνου,
3226 2279 3394 2348 ἦγουν
3428 2279 3833 2351 αἰσθητηρξου,

2234 2369 2668 2441 προηγουμένως
2694 2369 2885 2441 (198
2933 2361 2984 2442 6)
3011 2371 3222 2444 ἑκάστῃ
3248 2371 3481 2441 δυνάμει
3507 2372 3622 2442 τῆς
3646 2373 3837 2442 ψυχῆς

2235 2461 2515 2530 ἀναλόγως
2540 2462 2935 2533 μυστικωτέρῳ
2986 2465 3095 2516 τινὶ
3124 2462 3268 2532 λόγῳ
3301 2462 3447 2517 κατὰ
3482 2463 3657 2530 φύσιν
3683 2481 3833 2517 νενε-

2242 2553 2513 2623 μημένης.
2548 2554 2659 2607 Καί
2687 2570 2853 2622 φασιν
2886 2551 3029 2607 εἶναι
3058 2555 3157 2625 τῆς
3184 2554 3282 2625 μὲν
3315 2555 3514 2625 νοερᾶς
3534 2555 3834 2625 δυνάμεως

2236 2645 2356 2715 ἦτοι
2378 2632 2476 2697 τού
2505 2644 2598 2697 νοῦ
2620 2640 2719 2715 τὴν
2758 2645 2992 2716 ὀπτικήν
3048 2647 3322 2716 αἰσθησιν,
3355 2646 3457 2715 τῆς
3481 2646 3541 2699 δὲ
3598 2646 3834 2714 λογικῆς

2237 2735 2359 2805 ἦτοι
2387 2734 2478 2788 τοῦ
2508 2736 2666 2806 λόγου
2700 2735 2800 2808 τήν
2823 2738 3183 2808 ἀκουστικὴν,
3224 2738 3326 2808 τῆς
3352 2737 3407 2790 δὲ
3447 2737 3709 2806 θυμικῆς
3740 2739 3834 2808 τὴν

547 2829 876 2897 simpliciter
899 2838 959 2882 ut
980 2830 1186 2885 clarius
1212 2846 1298 2886 me
1324 2833 1653 2901 exprimam,
1679 2833 1885 2887 mentis
1908 2832 2133 2903 quidem

2241 2828 2628 2900 όσφραντικὴν,
2668 2830 2769 2900 τῆς
2809 2830 3215 2903 ἐπιθυμητικῆς
3252 2830 3311 2884 δέ
3347 2835 3449 2902 τὴν
3500 2833 3835 2901 γευστικὴν,

550 2917 733 2987 imago
763 2926 847 2972 est
878 2919 1049 2983 visus,
1084 2919 1190 2975 hoc
1222 2930 1306 2976 est
1333 2923 1549 2988 oculus,
1590 2924 1866 2978 sermonis
1910 2935 1997 2979 est
2040 2939 2135 2979 au-

2241 2922 2336 2991 τῆς
2358 2920 2415 2974 δὲ
2446 2920 2682 2991 ζωτικῆς
2701 2920 2801 2992 τὴν
2825 2922 3084 2993 ἀπτικὴν,
3112 2923 3204 2975 καὶ
3231 2921 3421 2985 ἁπλῶς
3445 2923 3537 2975 ἵνα
3566 2922 3836 2992 σαφές-τεο

551 3007 720 3072 ditus,
755 3008 861 3064 hoc
909 3020 994 3064 est
1040 3011 1214 3075 auris,
1248 3014 1420 3067 animi
1466 3021 1553 3068 est
1593 3013 1850 3082 olfactus,
1898 3017 2005 3072 hoc
2050 3026 2135 3073 est

2244 3029 2345 3085 ρον
2368 3013 2527 3079 εἴπω,
2563 3010 2659 3068 τοῦ
2692 3014 2791 3080 μὲν
2818 3014 2908 3067 νοῦ
2938 3015 3085 3068 ἐστιν
3126 3014 3294 3068 εἰκὼν
3333 3017 3368 3085 ή
3405 3015 3556 3085 ὄψις,
3611 3016 3789 3087 ἤγουν
3810 3018 3838 3070 δ

552 3114 741 3164 nasus,
786 3102 1249 3172 concupiscentiae
1286 3111 1372 3159 est
1417 3113 1831 3177 gustus,'atque
1877 3108 2003 3163 vitae
2049 3119 2136 3164 est

553 3202 760 3262 tactus;
796 3196 1001 3266 quibus
1041 3200 1223 3253 anima
1270 3200 1574 3255 secundum
1619 3200 1741 3266 Dei,
1788 3202 1884 3271 qui
1933 3198 2135 3258 cuncta

551 3289 833 3357 sapienter
873 3290 1133 3357 instituit,
1179 3292 1352 3363 legem
1386 3293 1716 3348 naturaliter
1761 3293 2005 3350 innitens
2042 3310 2143 3365 per

552 3396 681 3436 suas
720 3382 1029 3450 facultates,
1063 3393 1120 3439 et
1165 3385 1234 3439 ad
1278 3386 1562 3441 sensibilia
1604 3388 1754 3443 varie
1797 3387 2138 3456 transducta,

553 3472 599 3527 si
632 3473 774 3529 bene
805 3490 902 3544 per
934 3475 1229 3532 facultates
1267 3493 1399 3533 suas
1426 3494 1523 3533 usa
1555 3478 1725 3534 fuerit
1758 3480 1823 3534 in
1872 3480 2143 3550 multipli-

553 3565 714 3622 cibus
745 3584 931 3623 rerum
964 3571 1277 3628 rationibus
1311 3573 1659 3644 colligendis,
1698 3581 1754 3629 ει
1774 3573 1851 3647 ad
1876 3588 1936 3629 se
1964 3575 2140 3643 ipsam

555 3658 837 3726 sapienter
879 3662 1177 3718 transferre
1207 3666 1450 3734 potuerit
1497 3665 1756 3721 universa
1800 3682 1923 3736 qum
1965 3665 2145 3721 oculis

555 3750 815 3821 objacent
859 3752 914 3805 in
959 3752 1163 3823 quibus
1208 3756 1353 3811 Deus
1397 3756 1598 3812 tacitus
1638 3772 1818 3826 praaco
1845 3756 2142 3820 delitescit,

561 3844 990 3911 t‘ulcherrimum
1023 3848 1187 3903 etiam
1219 3849 1335 3919 ipsa
1367 3849 1435 3905 de
1456 3850 1742 3906 voluntate
1772 3850 1828 3903 in
1862 3849 2146 3903 intellectu

558 3944 616 3991 et
655 3938 1003 4007 spiritualem
1056 3942 1327 3996 mundum
1383 3942 1593 4008 condit,
1627 3940 1984 4013 generalibus
2011 3938 2149 4009 qua-

559 4038 686 4082 tuor
726 4030 1028 4087 virtutibus
1064 4033 1467 4088 elementorum
1515 4035 1571 4088 in
1627 4034 1852 4088 modum
1899 4032 2047 4087 inter
2088 4048 2147 4088 se

552 4120 764 4189 junctis
814 4124 882 4178 ad
942 4125 1137 4179 mundi
1180 4125 1606 4196 intelligibiliter
1669 4125 1798 4180 inde
1847 4124 1902 4179 in
1947 4124 2145 4194 spiritu

558 4216 977 4270 eonsummandi
1008 4216 1570 4286 compaginationem,
1595 4215 1859 4269 nimirum
1887 4214 2021 4269 dum
2047 4228 2149 4284 pro

2243 3102 2542 3174 ὀφθαλμὸς,
2568 3102 2662 3157 τοῦ
2697 3105 2755 3158 δὲ
2779 3106 2941 3175 λόγου
2968 3105 3117 3157 ἐστὶν
3140 3106 3172 3174 ή
3200 3104 3361 3175 ἀκοὴ,
3402 3106 3579 3175 ἤγουν
3618 3106 3685 3159 τὸ
3722 3104 3835 3169 οὖς,

2243 3197 2337 3250 τοῦ
2367 3197 2427 3252 δὲ
2448 3196 2621 3268 θυμοῦ
2655 3199 2803 3251 ἐστιν
2826 3198 2860 3268 ὴ
2885 3198 3175 3269 ὄσφρησις,
3202 3200 3374 3269 ἤγουν
3413 3201 3449 3268 ἡ
3490 3197 3601 3270 ῥὶς,
3646 3200 3752 3269 τῆς
3786 3201 3837 3252 es

2244 3288 2538 3361 ἐπιθυμίας
2566 3289 2715 3343 ἐστὶν
2750 3291 2784 3361 ή
2820 3289 3029 3359 γεῦσις,
3062 3292 3279 3362 καὶτῆς
3311 3290 3466 3362 ζωῆς
3497 3293 3534 3362 ή
3571 3293 3691 3361 ἀερὴ
3711 3309 3725 3321 -
3756 3286 3838 3353 αἷς

2243 3383 2277 3451 ή
2321 3372 2469 3453 ψυχὴ
2503 3382 2642 3437 κατά
2672 3381 2765 3437 τὸν
2820 3382 2986 3453 νόμον
3024 3381 3119 3435 τοῦ
3150 3381 3221 3436 τά
3265 3382 3471 3437 πάντα
3503 3385 3693 3452 σοφῶς
3745 3383 3832 3452 δη-

2249 3473 2871 3545 μιουργήσαντοςθεοῢ
2928 3474 3071 3528 κατὰ
3117 3473 3280 3542 φύσιν
3348 3475 3710 3546 ἐποχουμένη
3755 3472 3835 3528 διὰ

2245 3561 2354 3617 τῶν
2374 3563 2546 3633 αὐτῆς
2573 3563 2875 3635 δυνάμεων,
2909 3564 3006 3617 καὶ
3033 3564 3171 3634 πρὸς
3200 3562 3271 3616 τά
3303 3563 3554 3634 αἰσθητὰ
3584 3563 3835 3627 mmihi);

2247 3652 2693 3725 διαϐιϐαζομὲνη,
2726 3656 2775 3707 εί
2826 3653 2928 3724 μὲν
2946 3653 3131 3716 καλῶς
3178 3653 3452 3724 χρήσαιτο
3483 3657 3612 3717 ταῖς
3652 3654 3834 3724 αἶπθῆ⁶

2250 3762 2368 3799 σεσι
2397 3745 2486 3798 διὰ
2520 3746 2630 3800 τῶν
2670 3745 2890 3800 οἰκείων
2941 3745 3231 3815 δυνάμεων
3277 3746 3411 3807 τοὺς
3457 3746 3835 3809 παντοδαποὺς

2246 3836 2356 3891 τῶν
2384 3837 2552 3891 ὄντων
2576 3837 2769 3907 λόγους
2804 3837 3201 3908 ἀναλεγομένη,
3235 3841 3332 3892 καί
3356 3838 3576 3911 δυνηθῇ
3619 3838 3832 3908 μεταόιο

2250 3928 2415 3982 ϐάσαι
2447 3929 2585 4001 πρὸς
2636 3929 2839 4001 ἑαυτὴν
2890 3930 3069 3999 σοφῶς
3115 3932 3227 3985 πᾶν
3256 3931 3317 3984 τὸ
3345 3930 3663 4002 ὁρώμενον,
3710 3932 3764 3985 ἐν

2249 4019 2556 4088 κέκρυπται
2581 4018 2714 4082 Θεὸς
2754 4006 2932 4091 σιωπῇ
2962 4021 3389 4091 κηρυττόμενος,
3421 4014 3726 4075 κάλλιᾶτον
3754 4019 3837 4073 καὶ

2250 4110 2390 4180 αὑτὴ
2424 4110 2566 4165 κατά
2596 4111 2916 4182 προαίρεσιν
2942 4113 3000 4164 ἐν
3032 4115 3099 4183 τῇ
3129 4111 3342 4182 διανοίᾳ
3386 4113 3488 4165 καὶ
3536 4128 3835 4183 πνευματι-

2251 4204 2347 4257 κὸν
2396 4202 2601 4274 κόσμον
2648 4204 3074 4275 ἐδημιούργησε,
3131 4205 3233 4268 τὰς
3267 4205 3501 4273 γενικάς
3556 4206 3828 4274 τέσσαρας

559 4322 704 4361 nexu
739 4315 794 4361 et
834 4307 1206 4377 applicatione
1250 4305 1574 4361 facultatum
1623 4305 1799 4374 ipsius
1849 4304 1907 4358 in
1952 4318 2135 4359 εειιευε

2253 4295 2459 4366 ἀρετὰς
2510 4296 2791 4367 στοιχείων
2835 4297 2992 4367 δίκην
3061 4296 3325 4368 ἀλλήλαις
3379 4298 3650 4351 συνθεῖσα
3708 4295 3835 4367 πρὸς

558 4398 793 4453 actionis
825 4372 1068 4469 singulas
1100 4397 1338 4452 virtutes
1378 4396 1526 4451 sistit
1555 4413 1569 4449 :
1594 4403 1655 4450 ut
1686 4394 2039 4466 prudentiam
2080 4409 2135 4447 ει

2257 4389 2538 4460 σύμπηξιν
2566 4389 2661 4443 τοῦ
2690 4389 2751 4455 ἐξ
2782 4388 2962 4445 αὐτῶν
2993 4391 3202 4462 νοητῶς
3247 4392 3392 4443 κατὰ
3443 4390 3675 4461 πνεῦμα
3719 4405 3839 4458 σομε

558 4490 808 4559 gnostica
856 4498 912 4544 et
957 4489 1134 4559 perita
1171 4486 1563 4543 intellectualis
1594 4494 1652 4541 et
1696 4485 1980 4541 rationalis
2022 4499 2149 4539 cum

558 4598 814 4637 sermone
863 4582 1188 4636 facultatum
1230 4580 1298 4635 ad
1341 4580 1568 4636 videndi
1603 4578 1977 4649 audiendique
2022 4595 2151 4633 seu-

558 4677 682 4728 sum
706 4675 1107 4745 applicatarum
1130 4674 1278 4730 circa
1314 4674 1603 4729 sensibilis
1628 4688 1728 4727 sua
1755 4672 2008 4738 actione;
2042 4671 2155 4725 for-

562 4768 860 4824 titudinem
887 4784 1023 4824 vero
1064 4768 1134 4824 ex
1162 4783 1378 4825 summa
1420 4766 1589 4822 animi
1633 4766 1702 4821 ad
1732 4766 2015 4828 olfactum,
2046 4764 2154 4819 hoc

506 4890 509 4893 -
560 4868 647 4914 est
691 4874 907 4922 nasum,
941 4859 995 4914 in
1046 4874 1158 4929 quo
1206 4856 1373 4912 animi
1416 4857 1674 4928 spiritum
1721 4857 1910 4910 sedem
1944 4855 2152 4911 habere

562 4948 776 5016 dicunt,
825 4952 1087 5022 applicati
1130 4951 1279 5007 circa
1318 4966 1482 5006 suum
1527 4948 1789 5005 sensibile
1843 4948 2153 5004 secundum

564 5042 840 5098 actionem
882 5044 1293 5114 aequabilitate;
1335 5045 1754 5114 temperantiam
1797 5056 1865 5097 ex
1895 5040 2158 5111 concupi-

568 5133 830 5188 scentivaa
859 5134 1139 5189 facultatis
1163 5135 1230 5189 ad
1255 5139 1477 5207 gustum
1501 5135 1788 5207 applicatae
1815 5133 1963 5189 circa
1994 5148 2157 5188 suum

568 5225 834 5282 sensibile
862 5226 1147 5283 moderato
1178 5243 1317 5295 usu;
1344 5231 1618 5299 justitiam
1642 5244 1710 5284 ex
1740 5243 1896 5297 aequa
1922 5235 1980 5282 et
2009 5226 2162 5282 ordi-

572 5326 700 5370 nata
727 5324 785 5371 et
814 5318 871 5373 in
894 5318 1116 5375 cunctis
1138 5321 1395 5389 aequabili
1423 5338 1525 5392 per
1551 5330 1754 5378 tactum
1779 5331 1837 5377 et
1862 5321 2011 5377 circa
2036 5321 2159 5375 uni-

572 5423 730 5462 versa
779 5410 896 5467 fere
950 5412 1233 5467 sensibilia
1280 5414 1464 5469 vitalis
1518 5415 1794 5469 facultatis
1851 5413 2154 5468 secundum

578 5500 846 5556 actionem
880 5503 1294 5560 distributione.
1330 5505 1406 5563 Ex
1443 5506 1531 5563 his
1572 5506 1923 5576 generalibus
1962 5518 2158 5558 rursus

657 5676 698 5703 ιε.
727 5692 844 5760 τατὶ
874 5692 926 5744 δὲ
965 5692 1065 5745 cmi
1121 5694 1259 5746 (iud.

2256 4481 2636 4553 πληρουμένου
2670 4482 2899 4552 κόσμου,
2951 4482 3093 4537 κατὰ
3144 4483 3473 4553 συμπλοκὴν
3515 4485 3706 4552 μέντοι
3750 4480 3839 4549 τῆς

2255 4573 2393 4643 πρὸς
2418 4571 2518 4635 τὰς
2553 4572 2841 4642 αἰσθήσεις
2877 4573 2989 4625 τῶν
3020 4573 3194 4643 αὐτῆς
3227 4573 3520 4643 δυνάμεων
3567 4573 3838 4643 ἐνεργείας

2255 4665 2493 4736 ἑκάστην
2520 4666 2723 4737 ἀρετὴν
2749 4667 3109 4736 ύποστήσασα
3137 4682 3151 4695 υ
3186 4660 3301 4719 οἷον
3322 4666 3425 4736 τὴν
3454 4666 3556 4735 μὲν
3590 4666 3837 4734 φρόνησιν

2255 4757 2323 4809 ἐκ
2355 4755 2455 4826 τῆς
2484 4756 2629 4810 κατὰ
2657 4756 2979 4827 συμπλοκὴν
3011 4757 3114 4826 τῆς
3150 4773 3210 4809 τε
3263 4757 3455 4828 νοερᾶς
3496 4757 3597 4809 καὶ
3627 4754 3839 4823 λογικῆς

2254 4849 2539 4921 δυνάμεως
2566 4850 2704 4919 πρὸς
2731 4850 2831 4920 τὴν
2876 4850 3114 4920 ὀπτικήν
3165 4866 3224 4901 τε
3259 4850 3356 4903 καὶ
3387 4848 3730 4919 ἀκουστικὴν
3769 4846 3840 4900 aI-

2258 4943 2472 5012 σθησιν,
2508 4944 2638 5015 περὶ
2673 4943 2743 4997 τά
2768 4943 2948 4997 αὐτῶν
2978 4941 3240 5011 αἰσθητὰ,
3296 4943 3621 5011 γωστικῆς
3665 4958 3726 4993 τε
3759 4939 3841 4992 καὶ

2257 5036 2698 5108 ἐπιπημονικῆς
2736 5036 3039 5107 ἐνεργείας,
3093 5035 3194 5106 τὴν
3241 5036 3301 5089 δὲ
3338 5035 3602 5106 ἀνδρείαν
3643 5036 3708 5086 ἐκ
3751 5032 3840 5100 τῆς

2258 5131 2400 5186 κατὰ
2452 5130 2776 5200 συμπλοκὴν
2831 5128 2925 5182 τοῦ
2962 5127 3198 5197 θυμικοῦ
3230 5128 3369 5198 πρὸς
3399 5127 3500 5197 τὴν
3547 5127 3839 5197 ὄσφρησιν,

2261 5227 2431 5298 ήγουν
2460 5228 2553 5278 τὸν
2612 5222 2885 5295 μυκτῆρα,
2936 5225 2996 5276 ἐν
3050 5215 3096 5289 ᾧ
3138 5221 3201 5274 τὸ
3251 5220 3512 5292 θυμικὸν,
3553 5219 3631 5283 ὥς
3669 5234 3839 5289 φασιν,

2264 5317 2546 5381 αὐλίζεται
2609 5315 2824 5386 πνεῦμα
2861 5355 2874 5378 ,
2933 5312 3119 5384 (199
3171 5314 3229 5383 a)
3305 5314 3439 5383 περὶ
3492 5315 3557 5366 τὸ
3615 5308 3843 5381 συμφυὲς

2262 5407 2525 5477 αἰσθητὸν
2576 5405 2753 5476 ἄκρας
2810 5404 2952 5457 κατὰ
3005 5404 3107 5473 τὴν
3161 5400 3458 5475 ἐνέργειαν
3500 5402 3842 5474 ὁμαλότητος,

2265 5500 2365 5569 τὴν
2413 5499 2471 5551 δέ
2518 5496 2879 5569 σωφροσύνην
2912 5498 2973 5549 ἐκ
3012 5493 3114 5564 τῆς
3166 5499 3315 5548 κατλ
3365 5495 3695 5566 συμπλοκὴν
3754 5489 3842 5560 τῆς

1868 5626 2100 5683 νΑιιιίΕ
2130 5620 2535 5677 LEGTIONES.
