  <div class='ocr_page' id='page_1' title='image "/cluster/home/n/w/nwhite01/storage/ocr_20150623/91/mdp.39015022223195/624.png"; bbox 0 0 4038 6146; ppageno 0'>
   <div class='ocr_carea' id='block_1_1' title="bbox 251 291 386 358">
    <p class='ocr_par' dir='ltr' id='par_1_1' title="bbox 251 291 386 358">
     <span class='ocr_line' id='line_1_1' title="bbox 251 291 386 358; baseline 0.007 -1"><span class='ocrx_word' id='word_1_1' title='bbox 251 291 386 358; x_wconf 72' lang='grc'><strong>1249</strong></span> 
     </span>
    </p>
   </div>
   <div class='ocr_carea' id='block_1_2' title="bbox 1512 281 2318 354">
    <p class='ocr_par' dir='ltr' id='par_1_2' title="bbox 1512 281 2318 354">
     <span class='ocr_line' id='line_1_2' title="bbox 1512 281 2318 354; baseline -0.004 1"><span class='ocrx_word' id='word_1_2' title='bbox 1512 285 2028 354; x_wconf 75' lang='lat' dir='ltr'><strong>AMBlGUORUM</strong></span> <span class='ocrx_word' id='word_1_3' title='bbox 2068 281 2318 353; x_wconf 80' lang='lat' dir='ltr'><strong>LlBER.</strong></span> 
     </span>
    </p>
   </div>
   <div class='ocr_carea' id='block_1_3' title="bbox 3377 293 3514 363">
    <p class='ocr_par' dir='ltr' id='par_1_3' title="bbox 3377 293 3514 363">
     <span class='ocr_line' id='line_1_3' title="bbox 3377 293 3514 363; baseline 0.015 -2"><span class='ocrx_word' id='word_1_4' title='bbox 3377 293 3514 363; x_wconf 70' lang='lat'><strong>1250</strong></span> 
     </span>
    </p>
   </div>
   <div class='ocr_carea' id='block_1_4' title="bbox 249 399 1820 480">
    <p class='ocr_par' dir='ltr' id='par_1_4' title="bbox 249 399 1820 471">
     <span class='ocr_line' id='line_1_4' title="bbox 249 399 1820 471; baseline -0.002 -14"><span class='ocrx_word' id='word_1_5' title='bbox 249 402 370 457; x_wconf 83' lang='grc' dir='ltr'>κατ’</span> <span class='ocrx_word' id='word_1_6' title='bbox 406 399 706 471; x_wconf 74' lang='grc' dir='ltr'><strong>ἐπιθυμίαν</strong></span> <span class='ocrx_word' id='word_1_7' title='bbox 763 399 1049 470; x_wconf 82' lang='grc' dir='ltr'>δυνάμεως</span> <span class='ocrx_word' id='word_1_8' title='bbox 1083 399 1217 471; x_wconf 76' lang='grc' dir='ltr'>πρὸς</span> <span class='ocrx_word' id='word_1_9' title='bbox 1265 399 1362 470; x_wconf 82' lang='grc' dir='ltr'>τὴν</span> <span class='ocrx_word' id='word_1_10' title='bbox 1411 400 1705 471; x_wconf 73' lang='grc' dir='ltr'><strong>γευστικὴν</strong></span> <span class='ocrx_word' id='word_1_11' title='bbox 1733 401 1820 454; x_wconf 83' lang='grc' dir='ltr'><strong>αἴ-</strong></span> 
     </span>
    </p>
   </div>
   <div class='ocr_carea' id='block_1_5' title="bbox 1921 399 3516 480">
    <p class='ocr_par' dir='ltr' id='par_1_5' title="bbox 1925 399 3516 480">
     <span class='ocr_line' id='line_1_5' title="bbox 1925 399 3516 480; baseline 0.011 -29"><span class='ocrx_word' id='word_1_12' title='bbox 1925 408 2164 468; x_wconf 88' lang='lat' dir='ltr'><strong>quatuor</strong></span> <span class='ocrx_word' id='word_1_13' title='bbox 2200 400 2500 457; x_wconf 73' lang='lat' dir='ltr'><strong>virtutibus</strong></span> <span class='ocrx_word' id='word_1_14' title='bbox 2541 399 2680 457; x_wconf 89' lang='lat' dir='ltr'><strong>duas</strong></span> <span class='ocrx_word' id='word_1_15' title='bbox 2726 403 3100 472; x_wconf 78' lang='lat' dir='ltr'><strong>generaliores</strong></span> <span class='ocrx_word' id='word_1_16' title='bbox 3127 405 3196 463; x_wconf 89' lang='lat' dir='ltr'><strong>de</strong></span> <span class='ocrx_word' id='word_1_17' title='bbox 3241 412 3516 480; x_wconf 86' lang='lat' dir='ltr'><strong>composi-</strong></span> 
     </span>
    </p>
   </div>
   <div class='ocr_carea' id='block_1_6' title="bbox 251 491 1822 566">
    <p class='ocr_par' dir='ltr' id='par_1_6' title="bbox 251 491 1822 566">
     <span class='ocr_line' id='line_1_6' title="bbox 251 491 1822 566; baseline -0.001 -19"><span class='ocrx_word' id='word_1_18' title='bbox 251 493 444 566; x_wconf 74' lang='grc' dir='ltr'>σθησιν</span> <span class='ocrx_word' id='word_1_19' title='bbox 481 493 611 564; x_wconf 72' lang='grc' dir='ltr'>περὶ</span> <span class='ocrx_word' id='word_1_20' title='bbox 685 492 747 546; x_wconf 71' lang='grc' dir='ltr'>τὸ</span> <span class='ocrx_word' id='word_1_21' title='bbox 808 494 1006 547; x_wconf 73' lang='grc' dir='ltr'>οἰκεῖον</span> <span class='ocrx_word' id='word_1_22' title='bbox 1070 491 1327 563; x_wconf 78' lang='grc' dir='ltr'>αἰσθητὸν</span> <span class='ocrx_word' id='word_1_23' title='bbox 1397 493 1822 564; x_wconf 83' lang='grc' dir='ltr'>μεμετρημὲνης</span> 
     </span>
    </p>
   </div>
   <div class='ocr_carea' id='block_1_7' title="bbox 252 577 1824 650">
    <p class='ocr_par' dir='ltr' id='par_1_7' title="bbox 252 577 1824 650">
     <span class='ocr_line' id='line_1_7' title="bbox 252 577 1824 650; baseline 0.002 -18"><span class='ocrx_word' id='word_1_24' title='bbox 252 580 522 650; x_wconf 82' lang='grc' dir='ltr'>χρήσεως,</span> <span class='ocrx_word' id='word_1_25' title='bbox 561 577 660 648; x_wconf 81' lang='grc' dir='ltr'>τὴν</span> <span class='ocrx_word' id='word_1_26' title='bbox 711 577 768 632; x_wconf 77' lang='grc' dir='ltr'>δὲ</span> <span class='ocrx_word' id='word_1_27' title='bbox 820 579 1170 650; x_wconf 86' lang='grc' dir='ltr'>δικαιοσύνην</span> <span class='ocrx_word' id='word_1_28' title='bbox 1225 583 1290 634; x_wconf 82' lang='grc' dir='ltr'>ἐκ</span> <span class='ocrx_word' id='word_1_29' title='bbox 1338 581 1436 650; x_wconf 78' lang='grc' dir='ltr'>τῆς</span> <span class='ocrx_word' id='word_1_30' title='bbox 1465 583 1522 633; x_wconf 79' lang='grc' dir='ltr'>ὲν</span> <span class='ocrx_word' id='word_1_31' title='bbox 1561 581 1704 646; x_wconf 80' lang='grc' dir='ltr'><strong>ὅλοις</strong></span> <span class='ocrx_word' id='word_1_32' title='bbox 1735 581 1824 636; x_wconf 75' lang='grc' dir='ltr'>διὰ</span> 
     </span>
    </p>
   </div>
   <div class='ocr_carea' id='block_1_8' title="bbox 253 669 1824 744">
    <p class='ocr_par' dir='ltr' id='par_1_8' title="bbox 253 669 1824 744">
     <span class='ocr_line' id='line_1_8' title="bbox 253 669 1824 744; baseline 0.012 -35"><span class='ocrx_word' id='word_1_33' title='bbox 253 673 346 741; x_wconf 71' lang='grc' dir='ltr'><strong>τῆς</strong></span> <span class='ocrx_word' id='word_1_34' title='bbox 379 669 614 741; x_wconf 81' lang='grc' dir='ltr'>ἀπτικῆς</span> <span class='ocrx_word' id='word_1_35' title='bbox 649 669 744 722; x_wconf 70' lang='grc' dir='ltr'>καὶ</span> <span class='ocrx_word' id='word_1_36' title='bbox 797 671 926 742; x_wconf 82' lang='grc' dir='ltr'>περὶ</span> <span class='ocrx_word' id='word_1_37' title='bbox 975 671 1079 726; x_wconf 83' lang='grc' dir='ltr'>ὅλα</span> <span class='ocrx_word' id='word_1_38' title='bbox 1123 671 1308 742; x_wconf 79' lang='grc' dir='ltr'>σχεδὸν</span> <span class='ocrx_word' id='word_1_39' title='bbox 1343 673 1412 724; x_wconf 76' lang='grc' dir='ltr'><strong>τά</strong></span> <span class='ocrx_word' id='word_1_40' title='bbox 1453 671 1684 741; x_wconf 80' lang='grc' dir='ltr'>αἰσθητά</span> <span class='ocrx_word' id='word_1_41' title='bbox 1721 673 1824 744; x_wconf 86' lang='grc' dir='ltr'><strong>τῆς</strong></span> 
     </span>
    </p>
   </div>
   <div class='ocr_carea' id='block_1_9' title="bbox 249 763 1824 837">
    <p class='ocr_par' dir='ltr' id='par_1_9' title="bbox 249 763 1824 837">
     <span class='ocr_line' id='line_1_9' title="bbox 249 763 1824 837; baseline 0.002 -21"><span class='ocrx_word' id='word_1_42' title='bbox 249 764 484 833; x_wconf 77' lang='grc' dir='ltr'><strong>ζωτικῆς</strong></span> <span class='ocrx_word' id='word_1_43' title='bbox 543 763 830 832; x_wconf 84' lang='grc' dir='ltr'>δυνάμεως</span> <span class='ocrx_word' id='word_1_44' title='bbox 885 763 1029 818; x_wconf 83' lang='grc' dir='ltr'><strong>κατά</strong></span> <span class='ocrx_word' id='word_1_45' title='bbox 1075 763 1172 835; x_wconf 82' lang='grc' dir='ltr'>τὴν</span> <span class='ocrx_word' id='word_1_46' title='bbox 1229 763 1514 834; x_wconf 76' lang='grc' dir='ltr'><strong>ἐνέργειαν</strong></span> <span class='ocrx_word' id='word_1_47' title='bbox 1569 764 1692 837; x_wconf 78' lang='grc' dir='ltr'>ἴσης</span> <span class='ocrx_word' id='word_1_48' title='bbox 1727 765 1824 819; x_wconf 79' lang='grc' dir='ltr'>καὶ</span> 
     </span>
    </p>
   </div>
   <div class='ocr_carea' id='block_1_10' title="bbox 249 845 1850 928">
    <p class='ocr_par' dir='ltr' id='par_1_10' title="bbox 249 845 1850 928">
     <span class='ocr_line' id='line_1_10' title="bbox 249 845 1850 928; baseline 0.001 -20"><span class='ocrx_word' id='word_1_49' title='bbox 249 849 510 910; x_wconf 75' lang='grc' dir='ltr'><strong>εὐτάκτου</strong></span> <span class='ocrx_word' id='word_1_50' title='bbox 540 857 634 928; x_wconf 53' lang='grc' dir='ltr'>καὶ</span> <span class='ocrx_word' id='word_1_51' title='bbox 667 857 970 927; x_wconf 79' lang='grc' dir='ltr'><strong>ἁρμονικῆς</strong></span> <span class='ocrx_word' id='word_1_52' title='bbox 1015 856 1408 926; x_wconf 81' lang='grc' dir='ltr'>διανεμήσεως.</span> <span class='ocrx_word' id='word_1_53' title='bbox 1458 857 1554 910; x_wconf 83' lang='grc' dir='ltr'>Ἐκ</span> <span class='ocrx_word' id='word_1_54' title='bbox 1595 857 1652 910; x_wconf 86' lang='grc' dir='ltr'>δὲ</span> <span class='ocrx_word' id='word_1_55' title='bbox 1681 845 1808 910; x_wconf 82' lang='grc' dir='ltr'>τού·</span> <span class='ocrx_word' id='word_1_56' title='bbox 1843 855 1850 862; x_wconf 86' lang='grc'><strong>’</strong></span> 
     </span>
    </p>
   </div>
   <div class='ocr_carea' id='block_1_11' title="bbox 247 946 1816 1020">
    <p class='ocr_par' dir='ltr' id='par_1_11' title="bbox 247 946 1816 1020">
     <span class='ocr_line' id='line_1_11' title="bbox 247 946 1816 1020; baseline 0.001 -18"><span class='ocrx_word' id='word_1_57' title='bbox 247 965 354 1002; x_wconf 86' lang='grc' dir='ltr'><strong>των</strong></span> <span class='ocrx_word' id='word_1_58' title='bbox 387 946 542 1012; x_wconf 85' lang='grc' dir='ltr'>αὖθις</span> <span class='ocrx_word' id='word_1_59' title='bbox 571 948 680 1002; x_wconf 76' lang='grc' dir='ltr'><strong>τῶν</strong></span> <span class='ocrx_word' id='word_1_60' title='bbox 699 949 932 1018; x_wconf 81' lang='grc' dir='ltr'>γενικῶν</span> <span class='ocrx_word' id='word_1_61' title='bbox 959 947 1242 1018; x_wconf 84' lang='grc' dir='ltr'><strong>τεσσάρων</strong></span> <span class='ocrx_word' id='word_1_62' title='bbox 1275 948 1490 1020; x_wconf 82' lang='grc' dir='ltr'>ἀρετῶν</span> <span class='ocrx_word' id='word_1_63' title='bbox 1525 949 1622 1003; x_wconf 88' lang='grc' dir='ltr'><strong>δύο</strong></span> <span class='ocrx_word' id='word_1_64' title='bbox 1665 967 1816 1019; x_wconf 83' lang='grc' dir='ltr'>γενι-</span> 
     </span>
    </p>
   </div>
   <div class='ocr_carea' id='block_1_12' title="bbox 248 1030 1819 1111">
    <p class='ocr_par' dir='ltr' id='par_1_12' title="bbox 248 1030 1819 1111">
     <span class='ocr_line' id='line_1_12' title="bbox 248 1030 1819 1111; baseline 0.001 -19"><span class='ocrx_word' id='word_1_65' title='bbox 248 1040 498 1111; x_wconf 80' lang='grc' dir='ltr'>κωτέρας</span> <span class='ocrx_word' id='word_1_66' title='bbox 521 1040 666 1095; x_wconf 84' lang='grc' dir='ltr'><strong>κατά</strong></span> <span class='ocrx_word' id='word_1_67' title='bbox 697 1030 944 1092; x_wconf 86' lang='grc' dir='ltr'>σύνθεσιν</span> <span class='ocrx_word' id='word_1_68' title='bbox 975 1039 1180 1111; x_wconf 78' lang='grc' dir='ltr'>ἀρετὰς</span> <span class='ocrx_word' id='word_1_69' title='bbox 1215 1043 1389 1093; x_wconf 83' lang='grc' dir='ltr'>ποιεῖν</span> <span class='ocrx_word' id='word_1_70' title='bbox 1419 1040 1819 1108; x_wconf 76' lang='grc' dir='ltr'><strong>ἐκδιδάσκεται,</strong></span> 
     </span>
    </p>
   </div>
   <div class='ocr_carea' id='block_1_13' title="bbox 248 1129 1818 1204">
    <p class='ocr_par' dir='ltr' id='par_1_13' title="bbox 248 1129 1818 1204">
     <span class='ocr_line' id='line_1_13' title="bbox 248 1129 1818 1204; baseline 0 -20"><span class='ocrx_word' id='word_1_71' title='bbox 248 1132 346 1200; x_wconf 71' lang='grc' dir='ltr'>τὴν</span> <span class='ocrx_word' id='word_1_72' title='bbox 379 1131 572 1200; x_wconf 65' lang='grc' dir='ltr'>σοφίαν</span> <span class='ocrx_word' id='word_1_73' title='bbox 599 1132 742 1200; x_wconf 71' lang='grc' dir='ltr'>φημὶ</span> <span class='ocrx_word' id='word_1_74' title='bbox 767 1129 862 1182; x_wconf 69' lang='grc' dir='ltr'>καὶ</span> <span class='ocrx_word' id='word_1_75' title='bbox 882 1129 978 1200; x_wconf 85' lang='grc' dir='ltr'>τὴν</span> <span class='ocrx_word' id='word_1_76' title='bbox 1021 1129 1328 1202; x_wconf 84' lang='grc' dir='ltr'><strong>πραότητα,</strong></span> <span class='ocrx_word' id='word_1_77' title='bbox 1346 1131 1443 1204; x_wconf 82' lang='grc' dir='ltr'>τὴν</span> <span class='ocrx_word' id='word_1_78' title='bbox 1475 1132 1574 1202; x_wconf 75' lang='grc' dir='ltr'>μὲν</span> <span class='ocrx_word' id='word_1_79' title='bbox 1602 1133 1818 1202; x_wconf 88' lang='grc' dir='ltr'>σοφίαν,</span> 
     </span>
    </p>
   </div>
   <div class='ocr_carea' id='block_1_14' title="bbox 247 1216 1818 1292">
    <p class='ocr_par' dir='ltr' id='par_1_14' title="bbox 247 1216 1818 1292">
     <span class='ocr_line' id='line_1_14' title="bbox 247 1216 1818 1292; baseline 0.001 -18"><span class='ocrx_word' id='word_1_80' title='bbox 247 1221 324 1284; x_wconf 83' lang='grc' dir='ltr'>ὡς</span> <span class='ocrx_word' id='word_1_81' title='bbox 372 1220 544 1284; x_wconf 80' lang='grc' dir='ltr'><strong>πέρας</strong></span> <span class='ocrx_word' id='word_1_82' title='bbox 585 1216 752 1274; x_wconf 84' lang='grc' dir='ltr'>οὖσαν</span> <span class='ocrx_word' id='word_1_83' title='bbox 787 1220 900 1274; x_wconf 82' lang='grc' dir='ltr'><strong>τῶν</strong></span> <span class='ocrx_word' id='word_1_84' title='bbox 949 1221 1246 1288; x_wconf 80' lang='grc' dir='ltr'><strong>γνωστῶν,</strong></span> <span class='ocrx_word' id='word_1_85' title='bbox 1286 1220 1395 1274; x_wconf 91' lang='grc' dir='ltr'><strong>τῶν</strong></span> <span class='ocrx_word' id='word_1_86' title='bbox 1441 1223 1497 1274; x_wconf 84' lang='grc' dir='ltr'>δὲ</span> <span class='ocrx_word' id='word_1_87' title='bbox 1538 1223 1818 1292; x_wconf 84' lang='grc' dir='ltr'>πρακτῶν,</span> 
     </span>
    </p>
   </div>
   <div class='ocr_carea' id='block_1_15' title="bbox 246 1305 1822 1381">
    <p class='ocr_par' dir='ltr' id='par_1_15' title="bbox 246 1305 1822 1381">
     <span class='ocr_line' id='line_1_15' title="bbox 246 1305 1822 1381; baseline -0.001 -17"><span class='ocrx_word' id='word_1_88' title='bbox 246 1311 343 1380; x_wconf 82' lang='grc' dir='ltr'><strong>τὴν</strong></span> <span class='ocrx_word' id='word_1_89' title='bbox 373 1309 683 1381; x_wconf 79' lang='grc' dir='ltr'>πραότητα”</span> <span class='ocrx_word' id='word_1_90' title='bbox 710 1305 821 1364; x_wconf 76' lang='grc' dir='ltr'>οἷον</span> <span class='ocrx_word' id='word_1_91' title='bbox 849 1311 914 1362; x_wconf 84' lang='grc' dir='ltr'>ὲκ</span> <span class='ocrx_word' id='word_1_92' title='bbox 949 1309 1048 1380; x_wconf 84' lang='grc' dir='ltr'>μὲν</span> <span class='ocrx_word' id='word_1_93' title='bbox 1084 1310 1186 1377; x_wconf 81' lang='grc' dir='ltr'>τῆς</span> <span class='ocrx_word' id='word_1_94' title='bbox 1235 1311 1551 1380; x_wconf 80' lang='grc' dir='ltr'>φρονήσεως</span> <span class='ocrx_word' id='word_1_95' title='bbox 1594 1309 1688 1363; x_wconf 74' lang='grc' dir='ltr'>καὶ</span> <span class='ocrx_word' id='word_1_96' title='bbox 1722 1312 1822 1380; x_wconf 87' lang='grc' dir='ltr'>τῆς</span> 
     </span>
    </p>
   </div>
   <div class='ocr_carea' id='block_1_16' title="bbox 245 1400 1822 1471">
    <p class='ocr_par' dir='ltr' id='par_1_16' title="bbox 245 1400 1822 1471">
     <span class='ocr_line' id='line_1_16' title="bbox 245 1400 1822 1471; baseline 0 -16"><span class='ocrx_word' id='word_1_97' title='bbox 245 1401 590 1469; x_wconf 81' lang='grc' dir='ltr'>δικαιοσύνης</span> <span class='ocrx_word' id='word_1_98' title='bbox 629 1400 891 1470; x_wconf 76' lang='grc' dir='ltr'>ποιεῖτὴν</span> <span class='ocrx_word' id='word_1_99' title='bbox 930 1400 1146 1469; x_wconf 86' lang='grc' dir='ltr'>σοφίαν,</span> <span class='ocrx_word' id='word_1_100' title='bbox 1163 1400 1238 1464; x_wconf 85' lang='grc' dir='ltr'>ὡς</span> <span class='ocrx_word' id='word_1_101' title='bbox 1267 1401 1522 1469; x_wconf 84' lang='grc' dir='ltr'>γνώσεως</span> <span class='ocrx_word' id='word_1_102' title='bbox 1551 1401 1650 1471; x_wconf 72' lang='grc' dir='ltr'>τῆς</span> <span class='ocrx_word' id='word_1_103' title='bbox 1675 1401 1822 1455; x_wconf 84' lang='grc' dir='ltr'><strong>κατά</strong></span> 
     </span>
    </p>
   </div>
   <div class='ocr_carea' id='block_1_17' title="bbox 245 1493 1821 1567">
    <p class='ocr_par' dir='ltr' id='par_1_17' title="bbox 245 1493 1821 1567">
     <span class='ocr_line' id='line_1_17' title="bbox 245 1493 1821 1567; baseline -0.002 -19"><span class='ocrx_word' id='word_1_104' title='bbox 245 1493 344 1564; x_wconf 86' lang='grc' dir='ltr'><strong>τὴν</strong></span> <span class='ocrx_word' id='word_1_105' title='bbox 378 1494 641 1567; x_wconf 86' lang='grc' dir='ltr'>φρόνησιν</span> <span class='ocrx_word' id='word_1_106' title='bbox 671 1495 764 1546; x_wconf 75' lang='grc' dir='ltr'>καὶ</span> <span class='ocrx_word' id='word_1_107' title='bbox 793 1495 891 1562; x_wconf 82' lang='grc' dir='ltr'>τῆς</span> <span class='ocrx_word' id='word_1_108' title='bbox 925 1493 1183 1563; x_wconf 64' lang='grc' dir='ltr'>κατὰτὴν</span> <span class='ocrx_word' id='word_1_109' title='bbox 1213 1493 1564 1567; x_wconf 74' lang='grc' dir='ltr'>δικαιοσύνην</span> <span class='ocrx_word' id='word_1_110' title='bbox 1587 1493 1821 1562; x_wconf 79' lang='grc' dir='ltr'>ἐπιστή-</span> 
     </span>
    </p>
   </div>
   <div class='ocr_carea' id='block_1_18' title="bbox 251 1575 1823 1654">
    <p class='ocr_par' dir='ltr' id='par_1_18' title="bbox 251 1575 1823 1654">
     <span class='ocr_line' id='line_1_18' title="bbox 251 1575 1823 1654; baseline 0 -20"><span class='ocrx_word' id='word_1_111' title='bbox 251 1600 360 1653; x_wconf 88' lang='grc' dir='ltr'><strong>μης</strong></span> <span class='ocrx_word' id='word_1_112' title='bbox 387 1583 740 1654; x_wconf 72' lang='grc' dir='ltr'>ὑπάρχουσαν</span> <span class='ocrx_word' id='word_1_113' title='bbox 804 1583 1132 1650; x_wconf 83' lang='grc' dir='ltr'>συνεκτικὴν</span> <span class='ocrx_word' id='word_1_114' title='bbox 1169 1583 1374 1643; x_wconf 81' lang='grc' dir='ltr'>αἰτίαν,</span> <span class='ocrx_word' id='word_1_115' title='bbox 1425 1585 1520 1635; x_wconf 67' lang='grc' dir='ltr'>καὶ</span> <span class='ocrx_word' id='word_1_116' title='bbox 1549 1575 1643 1636; x_wconf 69' lang='grc' dir='ltr'><strong>διὰ</strong></span> <span class='ocrx_word' id='word_1_117' title='bbox 1665 1583 1823 1634; x_wconf 80' lang='grc' dir='ltr'>τοῦτο</span> 
     </span>
    </p>
   </div>
   <div class='ocr_carea' id='block_1_19' title="bbox 248 1669 1822 1749">
    <p class='ocr_par' dir='ltr' id='par_1_19' title="bbox 248 1669 1822 1749">
     <span class='ocr_line' id='line_1_19' title="bbox 248 1669 1822 1749; baseline -0.001 -21"><span class='ocrx_word' id='word_1_118' title='bbox 248 1676 420 1744; x_wconf 79' lang='grc' dir='ltr'>πέρας</span> <span class='ocrx_word' id='word_1_119' title='bbox 441 1675 552 1728; x_wconf 86' lang='grc' dir='ltr'><strong>τῶν</strong></span> <span class='ocrx_word' id='word_1_120' title='bbox 584 1674 866 1744; x_wconf 83' lang='grc' dir='ltr'><strong>γνωστῶν,</strong></span> <span class='ocrx_word' id='word_1_121' title='bbox 903 1675 978 1737; x_wconf 87' lang='grc' dir='ltr'><strong>ὡς</strong></span> <span class='ocrx_word' id='word_1_122' title='bbox 1005 1669 1584 1749; x_wconf 52' lang='grc' dir='ltr'>εἶπον,ξτυγχάνουσαν</span> <span class='ocrx_word' id='word_1_123' title='bbox 1607 1689 1622 1705; x_wconf 89' lang='grc'><strong>·</strong></span> <span class='ocrx_word' id='word_1_124' title='bbox 1668 1675 1732 1726; x_wconf 85' lang='grc' dir='ltr'>ὲκ</span> <span class='ocrx_word' id='word_1_125' title='bbox 1765 1673 1822 1726; x_wconf 82' lang='grc' dir='ltr'>δὲ</span> 
     </span>
    </p>
   </div>
   <div class='ocr_carea' id='block_1_20' title="bbox 1930 489 3512 572">
    <p class='ocr_par' dir='ltr' id='par_1_20' title="bbox 1930 489 3512 572">
     <span class='ocr_line' id='line_1_20' title="bbox 1930 489 3512 572; baseline 0.01 -29"><span class='ocrx_word' id='word_1_126' title='bbox 1930 489 2078 546; x_wconf 82' lang='lat' dir='ltr'><strong>tione</strong></span> <span class='ocrx_word' id='word_1_127' title='bbox 2121 491 2360 546; x_wconf 73' lang='lat' dir='ltr'><strong>virtutes</strong></span> <span class='ocrx_word' id='word_1_128' title='bbox 2398 490 2612 548; x_wconf 84' lang='lat' dir='ltr'><strong>ellicere</strong></span> <span class='ocrx_word' id='word_1_129' title='bbox 2655 493 2838 560; x_wconf 84' lang='lat' dir='ltr'><strong>discit,</strong></span> <span class='ocrx_word' id='word_1_130' title='bbox 2866 495 3218 566; x_wconf 83' lang='lat' dir='ltr'><strong>sapientiam,</strong></span> <span class='ocrx_word' id='word_1_131' title='bbox 3265 501 3512 572; x_wconf 90' lang='lat' dir='ltr'><strong>inquam,</strong></span> 
     </span>
    </p>
   </div>
   <div class='ocr_carea' id='block_1_21' title="bbox 1928 583 3516 661">
    <p class='ocr_par' dir='ltr' id='par_1_21' title="bbox 1928 583 3516 661">
     <span class='ocr_line' id='line_1_21' title="bbox 1928 583 3516 661; baseline 0.009 -25"><span class='ocrx_word' id='word_1_132' title='bbox 1928 589 1984 636; x_wconf 89' lang='lat' dir='ltr'><strong>et</strong></span> <span class='ocrx_word' id='word_1_133' title='bbox 2018 583 2523 651; x_wconf 82' lang='lat' dir='ltr'><strong>mansuetudinem,</strong></span> <span class='ocrx_word' id='word_1_134' title='bbox 2549 586 2876 656; x_wconf 83' lang='lat' dir='ltr'><strong>sapientiam</strong></span> <span class='ocrx_word' id='word_1_135' title='bbox 2900 589 3149 659; x_wconf 88' lang='lat' dir='ltr'><strong>quidem,</strong></span> <span class='ocrx_word' id='word_1_136' title='bbox 3179 607 3303 661; x_wconf 76' lang='lat' dir='ltr'><strong>quae</strong></span> <span class='ocrx_word' id='word_1_137' title='bbox 3326 599 3516 650; x_wconf 76' lang='lat' dir='ltr'><strong>rerum</strong></span> 
     </span>
    </p>
   </div>
   <div class='ocr_carea' id='block_1_22' title="bbox 1930 674 3520 754">
    <p class='ocr_par' dir='ltr' id='par_1_22' title="bbox 1930 674 3520 754">
     <span class='ocr_line' id='line_1_22' title="bbox 1930 674 3520 754; baseline 0.009 -27"><span class='ocrx_word' id='word_1_138' title='bbox 1930 674 2402 744; x_wconf 81' lang='lat' dir='ltr'><strong>pereeptibilium,</strong></span> <span class='ocrx_word' id='word_1_139' title='bbox 2444 678 2946 745; x_wconf 84' lang='lat' dir='ltr'><strong>mansuetudinem,</strong></span> <span class='ocrx_word' id='word_1_140' title='bbox 2980 696 3104 751; x_wconf 66' lang='lat' dir='ltr'><strong>quae</strong></span> <span class='ocrx_word' id='word_1_141' title='bbox 3130 697 3316 738; x_wconf 89' lang='lat' dir='ltr'><strong>rerum</strong></span> <span class='ocrx_word' id='word_1_142' title='bbox 3353 701 3520 754; x_wconf 60' lang='lat' dir='ltr'><strong>egena</strong></span> 
     </span>
    </p>
   </div>
   <div class='ocr_carea' id='block_1_23' title="bbox 1930 765 3518 843">
    <p class='ocr_par' dir='ltr' id='par_1_23' title="bbox 1930 765 3518 843">
     <span class='ocr_line' id='line_1_23' title="bbox 1930 765 3518 843; baseline 0.008 -24"><span class='ocrx_word' id='word_1_143' title='bbox 1930 765 2126 820; x_wconf 85' lang='lat' dir='ltr'><strong>darum</strong></span> <span class='ocrx_word' id='word_1_144' title='bbox 2161 766 2290 822; x_wconf 85' lang='lat' dir='ltr'><strong>ﬁnis</strong></span> <span class='ocrx_word' id='word_1_145' title='bbox 2311 777 2430 834; x_wconf 90' lang='lat' dir='ltr'><strong>est;</strong></span> <span class='ocrx_word' id='word_1_146' title='bbox 2457 784 2581 822; x_wconf 87' lang='lat' dir='ltr'><strong>nam</strong></span> <span class='ocrx_word' id='word_1_147' title='bbox 2613 784 2682 824; x_wconf 83' lang='lat' dir='ltr'><strong>ex</strong></span> <span class='ocrx_word' id='word_1_148' title='bbox 2709 769 3006 838; x_wconf 79' lang='lat' dir='ltr'><strong>prudentia</strong></span> <span class='ocrx_word' id='word_1_149' title='bbox 3033 781 3090 827; x_wconf 88' lang='lat' dir='ltr'><strong>et</strong></span> <span class='ocrx_word' id='word_1_150' title='bbox 3105 773 3318 843; x_wconf 66' lang='lat' dir='ltr'><strong>iustitia</strong></span> <span class='ocrx_word' id='word_1_151' title='bbox 3347 777 3518 831; x_wconf 83' lang='lat' dir='ltr'><strong>ellicit</strong></span> 
     </span>
    </p>
   </div>
   <div class='ocr_carea' id='block_1_24' title="bbox 1931 855 3516 930">
    <p class='ocr_par' dir='ltr' id='par_1_24' title="bbox 1931 855 3516 930">
     <span class='ocr_line' id='line_1_24' title="bbox 1931 855 3516 930; baseline 0.008 -20"><span class='ocrx_word' id='word_1_152' title='bbox 1931 855 2280 923; x_wconf 87' lang='lat' dir='ltr'><strong>sapientiam,</strong></span> <span class='ocrx_word' id='word_1_153' title='bbox 2306 873 2428 927; x_wconf 70' lang='lat' dir='ltr'><strong>qua:</strong></span> <span class='ocrx_word' id='word_1_154' title='bbox 2451 859 2783 928; x_wconf 81' lang='lat' dir='ltr'><strong>cognitionis</strong></span> <span class='ocrx_word' id='word_1_155' title='bbox 2807 875 2838 914; x_wconf 91' lang='lat' dir='ltr'><strong>a</strong></span> <span class='ocrx_word' id='word_1_156' title='bbox 2871 862 3172 930; x_wconf 85' lang='lat' dir='ltr'><strong>prudentia</strong></span> <span class='ocrx_word' id='word_1_157' title='bbox 3199 873 3256 920; x_wconf 91' lang='lat' dir='ltr'><strong>et</strong></span> <span class='ocrx_word' id='word_1_158' title='bbox 3281 869 3418 922; x_wconf 88' lang='lat' dir='ltr'><strong>artis</strong></span> <span class='ocrx_word' id='word_1_159' title='bbox 3445 868 3516 922; x_wconf 92' lang='lat' dir='ltr'><strong>ab</strong></span> 
     </span>
    </p>
   </div>
   <div class='ocr_carea' id='block_1_25' title="bbox 1925 947 3512 1026">
    <p class='ocr_par' dir='ltr' id='par_1_25' title="bbox 1925 947 3512 1026">
     <span class='ocr_line' id='line_1_25' title="bbox 1925 947 3512 1026; baseline 0.008 -26"><span class='ocrx_word' id='word_1_160' title='bbox 1925 947 2140 1018; x_wconf 76' lang='lat' dir='ltr'><strong>iustitia</strong></span> <span class='ocrx_word' id='word_1_161' title='bbox 2173 950 2470 1004; x_wconf 72' lang='lat' dir='ltr'><strong>moderata:</strong></span> <span class='ocrx_word' id='word_1_162' title='bbox 2501 965 2666 1004; x_wconf 84' lang='lat' dir='ltr'><strong>causa</strong></span> <span class='ocrx_word' id='word_1_163' title='bbox 2697 959 2784 1006; x_wconf 90' lang='lat' dir='ltr'><strong>est</strong></span> <span class='ocrx_word' id='word_1_164' title='bbox 2814 955 3211 1016; x_wconf 84' lang='lat' dir='ltr'><strong>conservatrix,</strong></span> <span class='ocrx_word' id='word_1_165' title='bbox 3248 956 3512 1026; x_wconf 85' lang='lat' dir='ltr'><strong>ideoque,</strong></span> 
     </span>
    </p>
   </div>
   <div class='ocr_carea' id='block_1_26' title="bbox 1930 1039 3515 1111">
    <p class='ocr_par' dir='ltr' id='par_1_26' title="bbox 1930 1039 3515 1111">
     <span class='ocr_line' id='line_1_26' title="bbox 1930 1039 3515 1111; baseline 0.008 -19"><span class='ocrx_word' id='word_1_166' title='bbox 1930 1049 1992 1092; x_wconf 88' lang='lat' dir='ltr'><strong>ut</strong></span> <span class='ocrx_word' id='word_1_167' title='bbox 2038 1039 2175 1106; x_wconf 79' lang='lat' dir='ltr'><strong>dixi,</strong></span> <span class='ocrx_word' id='word_1_168' title='bbox 2225 1042 2670 1111; x_wconf 88' lang='lat' dir='ltr'><strong>perceptibilium</strong></span> <span class='ocrx_word' id='word_1_169' title='bbox 2719 1042 2845 1098; x_wconf 85' lang='lat' dir='ltr'><strong>linis</strong></span> <span class='ocrx_word' id='word_1_170' title='bbox 2895 1053 2979 1099; x_wconf 91' lang='lat' dir='ltr'><strong>est</strong></span> <span class='ocrx_word' id='word_1_171' title='bbox 3016 1063 3029 1098; x_wconf 77' lang='grc' dir='ltr'>ε</span> <span class='ocrx_word' id='word_1_172' title='bbox 3066 1061 3134 1100; x_wconf 86' lang='lat' dir='ltr'><strong>ex</strong></span> <span class='ocrx_word' id='word_1_173' title='bbox 3188 1047 3515 1104; x_wconf 81' lang='lat' dir='ltr'><strong>fortitudine</strong></span> 
     </span>
    </p>
   </div>
   <div class='ocr_carea' id='block_1_27' title="bbox 1929 1132 3513 1208">
    <p class='ocr_par' dir='ltr' id='par_1_27' title="bbox 1929 1132 3513 1208">
     <span class='ocr_line' id='line_1_27' title="bbox 1929 1132 3513 1208; baseline 0.007 -24"><span class='ocrx_word' id='word_1_174' title='bbox 1929 1145 2062 1184; x_wconf 81' lang='lat' dir='ltr'><strong>vero</strong></span> <span class='ocrx_word' id='word_1_175' title='bbox 2117 1140 2175 1186; x_wconf 91' lang='lat' dir='ltr'><strong>et</strong></span> <span class='ocrx_word' id='word_1_176' title='bbox 2225 1132 2588 1202; x_wconf 84' lang='lat' dir='ltr'><strong>temperantia</strong></span> <span class='ocrx_word' id='word_1_177' title='bbox 2635 1135 3148 1201; x_wconf 88' lang='lat' dir='ltr'><strong>mansuetudinem,</strong></span> <span class='ocrx_word' id='word_1_178' title='bbox 3201 1154 3323 1208; x_wconf 71' lang='lat' dir='ltr'><strong>qua:</strong></span> <span class='ocrx_word' id='word_1_179' title='bbox 3373 1141 3513 1195; x_wconf 83' lang='lat' dir='ltr'><strong>nihil</strong></span> 
     </span>
    </p>
   </div>
   <div class='ocr_carea' id='block_1_28' title="bbox 1927 1219 3514 1299">
    <p class='ocr_par' dir='ltr' id='par_1_28' title="bbox 1927 1219 3514 1299">
     <span class='ocr_line' id='line_1_28' title="bbox 1927 1219 3514 1299; baseline 0.009 -27"><span class='ocrx_word' id='word_1_180' title='bbox 1927 1219 2082 1274; x_wconf 82' lang='lat' dir='ltr'><strong>aliud</strong></span> <span class='ocrx_word' id='word_1_181' title='bbox 2113 1229 2199 1276; x_wconf 90' lang='lat' dir='ltr'><strong>est</strong></span> <span class='ocrx_word' id='word_1_182' title='bbox 2245 1237 2410 1290; x_wconf 90' lang='lat' dir='ltr'><strong>quam</strong></span> <span class='ocrx_word' id='word_1_183' title='bbox 2451 1223 2624 1277; x_wconf 86' lang='lat' dir='ltr'><strong>animi</strong></span> <span class='ocrx_word' id='word_1_184' title='bbox 2662 1233 2718 1278; x_wconf 92' lang='lat' dir='ltr'><strong>et</strong></span> <span class='ocrx_word' id='word_1_185' title='bbox 2757 1227 3223 1295; x_wconf 75' lang='lat' dir='ltr'><strong>concupiscentiae</strong></span> <span class='ocrx_word' id='word_1_186' title='bbox 3270 1231 3514 1299; x_wconf 88' lang='lat' dir='ltr'><strong>perfecta</strong></span> 
     </span>
    </p>
   </div>
   <div class='ocr_carea' id='block_1_29' title="bbox 1928 1308 3512 1391">
    <p class='ocr_par' dir='ltr' id='par_1_29' title="bbox 1928 1308 3512 1391">
     <span class='ocr_line' id='line_1_29' title="bbox 1928 1308 3512 1391; baseline 0.007 -27"><span class='ocrx_word' id='word_1_187' title='bbox 1928 1308 1997 1364; x_wconf 82' lang='lat' dir='ltr'><strong>ad</strong></span> <span class='ocrx_word' id='word_1_188' title='bbox 2025 1327 2088 1365; x_wconf 88' lang='lat' dir='ltr'><strong>ea</strong></span> <span class='ocrx_word' id='word_1_189' title='bbox 2113 1327 2235 1380; x_wconf 71' lang='lat' dir='ltr'><strong>qua:</strong></span> <span class='ocrx_word' id='word_1_190' title='bbox 2255 1321 2468 1366; x_wconf 70' lang='lat' dir='ltr'><strong>naturae</strong></span> <span class='ocrx_word' id='word_1_191' title='bbox 2493 1315 2770 1369; x_wconf 88' lang='lat' dir='ltr'><strong>contraria</strong></span> <span class='ocrx_word' id='word_1_192' title='bbox 2801 1325 2930 1370; x_wconf 89' lang='lat' dir='ltr'><strong>sunt</strong></span> <span class='ocrx_word' id='word_1_193' title='bbox 2952 1317 3326 1391; x_wconf 84' lang='lat' dir='ltr'><strong>immobilitas,</strong></span> <span class='ocrx_word' id='word_1_194' title='bbox 3349 1338 3512 1391; x_wconf 86' lang='lat' dir='ltr'><strong>quam</strong></span> 
     </span>
    </p>
   </div>
   <div class='ocr_carea' id='block_1_30' title="bbox 1928 1401 3516 1482">
    <p class='ocr_par' dir='ltr' id='par_1_30' title="bbox 1928 1401 3516 1482">
     <span class='ocr_line' id='line_1_30' title="bbox 1928 1401 3516 1482; baseline 0.008 -27"><span class='ocrx_word' id='word_1_195' title='bbox 1928 1402 2152 1472; x_wconf 87' lang='lat' dir='ltr'><strong>quidam</strong></span> <span class='ocrx_word' id='word_1_196' title='bbox 2182 1401 2542 1458; x_wconf 90' lang='lat' dir='ltr'><strong>indolentiam</strong></span> <span class='ocrx_word' id='word_1_197' title='bbox 2571 1415 2862 1470; x_wconf 86' lang='lat' dir='ltr'><strong>vocarunt,</strong></span> <span class='ocrx_word' id='word_1_198' title='bbox 2888 1407 3126 1478; x_wconf 84' lang='lat' dir='ltr'><strong>ideoque</strong></span> <span class='ocrx_word' id='word_1_199' title='bbox 3161 1425 3353 1465; x_wconf 87' lang='lat' dir='ltr'><strong>eorum</strong></span> <span class='ocrx_word' id='word_1_200' title='bbox 3393 1429 3516 1482; x_wconf 85' lang='lat' dir='ltr'><strong>quae</strong></span> 
     </span>
    </p>
   </div>
   <div class='ocr_carea' id='block_1_31' title="bbox 1929 1488 3516 1560">
    <p class='ocr_par' dir='ltr' id='par_1_31' title="bbox 1929 1488 3516 1560">
     <span class='ocr_line' id='line_1_31' title="bbox 1929 1488 3516 1560; baseline 0.008 -12"><span class='ocrx_word' id='word_1_201' title='bbox 1929 1488 2032 1548; x_wconf 86' lang='lat' dir='ltr'><strong>sub</strong></span> <span class='ocrx_word' id='word_1_202' title='bbox 2075 1492 2346 1548; x_wconf 86' lang='lat' dir='ltr'><strong>actionem</strong></span> <span class='ocrx_word' id='word_1_203' title='bbox 2379 1495 2585 1549; x_wconf 88' lang='lat' dir='ltr'><strong>cadunt</strong></span> <span class='ocrx_word' id='word_1_204' title='bbox 2617 1497 2745 1552; x_wconf 84' lang='lat' dir='ltr'><strong>finis</strong></span> <span class='ocrx_word' id='word_1_205' title='bbox 2775 1508 2876 1552; x_wconf 90' lang='lat' dir='ltr'><strong>est.</strong></span> <span class='ocrx_word' id='word_1_206' title='bbox 2923 1501 3031 1555; x_wconf 85' lang='lat' dir='ltr'><strong>Has</strong></span> <span class='ocrx_word' id='word_1_207' title='bbox 3060 1517 3193 1556; x_wconf 87' lang='lat' dir='ltr'><strong>vero</strong></span> <span class='ocrx_word' id='word_1_208' title='bbox 3225 1521 3421 1560; x_wconf 89' lang='lat' dir='ltr'><strong>rursus</strong></span> <span class='ocrx_word' id='word_1_209' title='bbox 3456 1507 3516 1560; x_wconf 88' lang='lat' dir='ltr'><strong>in</strong></span> 
     </span>
    </p>
   </div>
   <div class='ocr_carea' id='block_1_32' title="bbox 1928 1585 3513 1662">
    <p class='ocr_par' dir='ltr' id='par_1_32' title="bbox 1928 1585 3513 1662">
     <span class='ocr_line' id='line_1_32' title="bbox 1928 1585 3513 1662; baseline 0.009 -25"><span class='ocrx_word' id='word_1_210' title='bbox 1928 1585 2194 1640; x_wconf 73' lang='lat' dir='ltr'><strong>Virtutem</strong></span> <span class='ocrx_word' id='word_1_211' title='bbox 2219 1587 2469 1642; x_wconf 89' lang='lat' dir='ltr'><strong>omnium</strong></span> <span class='ocrx_word' id='word_1_212' title='bbox 2495 1589 2986 1658; x_wconf 75' lang='lat' dir='ltr'><strong>generalissimam,</strong></span> <span class='ocrx_word' id='word_1_213' title='bbox 3012 1593 3338 1662; x_wconf 81' lang='lat' dir='ltr'><strong>charitatem</strong></span> <span class='ocrx_word' id='word_1_214' title='bbox 3365 1597 3513 1662; x_wconf 91' lang='lat' dir='ltr'><strong>dico,</strong></span> 
     </span>
    </p>
   </div>
   <div class='ocr_carea' id='block_1_33' title="bbox 1930 1677 3515 1758">
    <p class='ocr_par' dir='ltr' id='par_1_33' title="bbox 1930 1677 3515 1758">
     <span class='ocr_line' id='line_1_33' title="bbox 1930 1677 3515 1758; baseline 0.009 -29"><span class='ocrx_word' id='word_1_215' title='bbox 1930 1677 2229 1741; x_wconf 82' lang='lat' dir='ltr'><strong>contrahit,</strong></span> <span class='ocrx_word' id='word_1_216' title='bbox 2251 1677 2645 1746; x_wconf 77' lang='lat' dir='ltr'><strong>quaedimovet</strong></span> <span class='ocrx_word' id='word_1_217' title='bbox 2666 1696 2729 1734; x_wconf 88' lang='lat' dir='ltr'><strong>ea</strong></span> <span class='ocrx_word' id='word_1_218' title='bbox 2760 1697 2882 1750; x_wconf 65' lang='lat' dir='ltr'><strong>qua:</strong></span> <span class='ocrx_word' id='word_1_219' title='bbox 2909 1698 2976 1758; x_wconf 56' lang='lat' dir='ltr'><strong>ea</strong></span> <span class='ocrx_word' id='word_1_220' title='bbox 3007 1685 3144 1753; x_wconf 84' lang='lat' dir='ltr'><strong>ipsa,</strong></span> <span class='ocrx_word' id='word_1_221' title='bbox 3169 1693 3226 1740; x_wconf 90' lang='lat' dir='ltr'><strong>et</strong></span> <span class='ocrx_word' id='word_1_222' title='bbox 3257 1689 3515 1744; x_wconf 81' lang='lat' dir='ltr'><strong>conciliat</strong></span> 
     </span>
    </p>
   </div>
   <div class='ocr_carea' id='block_1_34' title="bbox 245 1756 1820 1845">
    <p class='ocr_par' dir='ltr' id='par_1_34' title="bbox 245 1764 1818 1837">
     <span class='ocr_line' id='line_1_34' title="bbox 245 1764 1818 1837; baseline 0 -18"><span class='ocrx_word' id='word_1_223' title='bbox 245 1769 346 1836; x_wconf 83' lang='grc' dir='ltr'>τῆς</span> <span class='ocrx_word' id='word_1_224' title='bbox 373 1765 626 1836; x_wconf 74' lang='grc' dir='ltr'>ἀνδρείας</span> <span class='ocrx_word' id='word_1_225' title='bbox 677 1765 771 1818; x_wconf 75' lang='grc' dir='ltr'>καὶ</span> <span class='ocrx_word' id='word_1_226' title='bbox 825 1765 923 1835; x_wconf 77' lang='grc' dir='ltr'><strong>τῆς</strong></span> <span class='ocrx_word' id='word_1_227' title='bbox 983 1765 1341 1837; x_wconf 79' lang='grc' dir='ltr'>σωφροσύνης</span> <span class='ocrx_word' id='word_1_228' title='bbox 1369 1765 1468 1833; x_wconf 83' lang='grc' dir='ltr'>τὴν</span> <span class='ocrx_word' id='word_1_229' title='bbox 1513 1764 1818 1836; x_wconf 78' lang='grc' dir='ltr'>πραότητα,</span> 
     </span>
    </p>
   </div>
   <div class='ocr_carea' id='block_1_35' title="bbox 1921 1756 3514 1845">
    <p class='ocr_par' dir='ltr' id='par_1_35' title="bbox 1925 1756 3514 1845">
     <span class='ocr_line' id='line_1_35' title="bbox 1925 1756 3514 1845; baseline 0.008 -27"><span class='ocrx_word' id='word_1_230' title='bbox 1925 1778 1989 1818; x_wconf 90' lang='lat' dir='ltr'><strong>ea</strong></span> <span class='ocrx_word' id='word_1_231' title='bbox 2027 1779 2149 1833; x_wconf 64' lang='lat' dir='ltr'><strong>quae</strong></span> <span class='ocrx_word' id='word_1_232' title='bbox 2177 1779 2278 1834; x_wconf 91' lang='lat' dir='ltr'><strong>per</strong></span> <span class='ocrx_word' id='word_1_233' title='bbox 2309 1765 2504 1834; x_wconf 86' lang='lat' dir='ltr'><strong>ipsam,</strong></span> <span class='ocrx_word' id='word_1_234' title='bbox 2538 1776 2595 1821; x_wconf 90' lang='lat' dir='ltr'><strong>et</strong></span> <span class='ocrx_word' id='word_1_235' title='bbox 2639 1768 2696 1821; x_wconf 87' lang='lat' dir='ltr'><strong>in</strong></span> <span class='ocrx_word' id='word_1_236' title='bbox 2740 1775 2910 1825; x_wconf 83' lang='lat' dir='ltr'><strong>un‘um</strong></span> <span class='ocrx_word' id='word_1_237' title='bbox 2944 1756 3149 1828; x_wconf 79' lang='lat' dir='ltr'><strong>conﬁat</strong></span> <span class='ocrx_word' id='word_1_238' title='bbox 3178 1790 3242 1828; x_wconf 91' lang='lat' dir='ltr'><strong>ea</strong></span> <span class='ocrx_word' id='word_1_239' title='bbox 3287 1791 3411 1845; x_wconf 80' lang='lat' dir='ltr'><strong>quae</strong></span> <span class='ocrx_word' id='word_1_240' title='bbox 3456 1777 3514 1832; x_wconf 87' lang='lat' dir='ltr'><strong>in</strong></span> 
     </span>
    </p>
   </div>
   <div class='ocr_carea' id='block_1_36' title="bbox 249 1856 1823 1930">
    <p class='ocr_par' dir='ltr' id='par_1_36' title="bbox 249 1856 1823 1930">
     <span class='ocr_line' id='line_1_36' title="bbox 249 1856 1823 1930; baseline -0.001 -19"><span class='ocrx_word' id='word_1_241' title='bbox 249 1857 418 1930; x_wconf 81' lang='grc' dir='ltr'>μηδὲν</span> <span class='ocrx_word' id='word_1_242' title='bbox 451 1857 602 1926; x_wconf 53' lang='grc' dir='ltr'>,ἄλλο</span> <span class='ocrx_word' id='word_1_243' title='bbox 655 1856 1034 1928; x_wconf 78' lang='grc' dir='ltr'>τυγχάνουσαν</span> <span class='ocrx_word' id='word_1_244' title='bbox 1071 1857 1104 1928; x_wconf 83' lang='grc' dir='ltr'>ἢ</span> <span class='ocrx_word' id='word_1_245' title='bbox 1148 1856 1332 1928; x_wconf 81' lang='grc' dir='ltr'>,θυμοῦ</span> <span class='ocrx_word' id='word_1_246' title='bbox 1389 1857 1484 1911; x_wconf 83' lang='grc' dir='ltr'>καὶ</span> <span class='ocrx_word' id='word_1_247' title='bbox 1527 1856 1823 1928; x_wconf 71' lang='grc' dir='ltr'>ἐπιθυμίας</span> 
     </span>
    </p>
   </div>
   <div class='ocr_carea' id='block_1_37' title="bbox 247 1948 1823 2028">
    <p class='ocr_par' dir='ltr' id='par_1_37' title="bbox 247 1948 1823 2028">
     <span class='ocr_line' id='line_1_37' title="bbox 247 1948 1823 2028; baseline -0.003 -24"><span class='ocrx_word' id='word_1_248' title='bbox 247 1950 484 2020; x_wconf 79' lang='grc' dir='ltr'>παντελῆ</span> <span class='ocrx_word' id='word_1_249' title='bbox 518 1949 654 2021; x_wconf 82' lang='grc' dir='ltr'>πρὸς</span> <span class='ocrx_word' id='word_1_250' title='bbox 685 1949 752 2004; x_wconf 75' lang='grc' dir='ltr'>τὰ</span> <span class='ocrx_word' id='word_1_251' title='bbox 793 1950 942 2021; x_wconf 83' lang='grc' dir='ltr'><strong>παρά</strong></span> <span class='ocrx_word' id='word_1_252' title='bbox 976 1949 1139 2018; x_wconf 82' lang='grc' dir='ltr'>φύσιν</span> <span class='ocrx_word' id='word_1_253' title='bbox 1182 1949 1497 2018; x_wconf 83' lang='grc' dir='ltr'>ἀκινησίαν,</span> <span class='ocrx_word' id='word_1_254' title='bbox 1549 1948 1618 2020; x_wconf 75' lang='grc' dir='ltr'>ἦν</span> <span class='ocrx_word' id='word_1_255' title='bbox 1675 1964 1823 2028; x_wconf 80' lang='grc' dir='ltr'>τινες</span> 
     </span>
    </p>
   </div>
   <div class='ocr_carea' id='block_1_38' title="bbox 247 2039 1822 2111">
    <p class='ocr_par' dir='ltr' id='par_1_38' title="bbox 247 2039 1822 2111">
     <span class='ocr_line' id='line_1_38' title="bbox 247 2039 1822 2111; baseline -0.001 -17"><span class='ocrx_word' id='word_1_256' title='bbox 247 2042 512 2096; x_wconf 70' lang='grc' dir='ltr'>ἐκάλεσαν</span> <span class='ocrx_word' id='word_1_257' title='bbox 567 2041 860 2106; x_wconf 84' lang='grc' dir='ltr'>ἀπάθειαν,</span> <span class='ocrx_word' id='word_1_258' title='bbox 893 2042 990 2094; x_wconf 80' lang='grc' dir='ltr'>καὶ</span> <span class='ocrx_word' id='word_1_259' title='bbox 1053 2041 1142 2095; x_wconf 76' lang='grc' dir='ltr'><strong>διὰ</strong></span> <span class='ocrx_word' id='word_1_260' title='bbox 1187 2040 1348 2093; x_wconf 83' lang='grc' dir='ltr'>τοῦτο</span> <span class='ocrx_word' id='word_1_261' title='bbox 1398 2039 1508 2094; x_wconf 84' lang='grc' dir='ltr'><strong>τῶν</strong></span> <span class='ocrx_word' id='word_1_262' title='bbox 1561 2039 1822 2111; x_wconf 85' lang='grc' dir='ltr'>πρακτῶν</span> 
     </span>
    </p>
   </div>
   <div class='ocr_carea' id='block_1_39' title="bbox 246 2129 1820 2204">
    <p class='ocr_par' dir='ltr' id='par_1_39' title="bbox 246 2129 1820 2204">
     <span class='ocr_line' id='line_1_39' title="bbox 246 2129 1820 2204; baseline -0.002 -19"><span class='ocrx_word' id='word_1_263' title='bbox 246 2131 400 2196; x_wconf 82' lang='grc' dir='ltr'>τέλος</span> <span class='ocrx_word' id='word_1_264' title='bbox 441 2132 816 2204; x_wconf 77' lang='grc' dir='ltr'>ὑπάρχουσαν.</span> <span class='ocrx_word' id='word_1_265' title='bbox 883 2131 1101 2194; x_wconf 84' lang='grc' dir='ltr'>Ταύτας</span> <span class='ocrx_word' id='word_1_266' title='bbox 1149 2130 1207 2183; x_wconf 85' lang='grc' dir='ltr'>δὲ</span> <span class='ocrx_word' id='word_1_267' title='bbox 1257 2129 1420 2185; x_wconf 85' lang='grc' dir='ltr'>πάλιν</span> <span class='ocrx_word' id='word_1_268' title='bbox 1459 2131 1540 2194; x_wconf 87' lang='grc' dir='ltr'><strong>είς</strong></span> <span class='ocrx_word' id='word_1_269' title='bbox 1582 2131 1680 2198; x_wconf 77' lang='grc' dir='ltr'>τὴν</span> <span class='ocrx_word' id='word_1_270' title='bbox 1711 2129 1820 2183; x_wconf 91' lang='grc' dir='ltr'><strong>τῶν</strong></span> 
     </span>
    </p>
   </div>
   <div class='ocr_carea' id='block_1_40' title="bbox 248 2221 1819 2294">
    <p class='ocr_par' dir='ltr' id='par_1_40' title="bbox 248 2221 1819 2294">
     <span class='ocr_line' id='line_1_40' title="bbox 248 2221 1819 2294; baseline -0.003 -20"><span class='ocrx_word' id='word_1_271' title='bbox 248 2224 439 2278; x_wconf 83' lang='grc' dir='ltr'>πασῶν</span> <span class='ocrx_word' id='word_1_272' title='bbox 467 2224 844 2294; x_wconf 84' lang='grc' dir='ltr'>γενικωτάτην</span> <span class='ocrx_word' id='word_1_273' title='bbox 895 2222 1119 2293; x_wconf 80' lang='grc' dir='ltr'>ἀρετὴν,</span> <span class='ocrx_word' id='word_1_274' title='bbox 1156 2221 1301 2292; x_wconf 77' lang='grc' dir='ltr'>φημὶ</span> <span class='ocrx_word' id='word_1_275' title='bbox 1343 2221 1399 2274; x_wconf 79' lang='grc' dir='ltr'>δὲ</span> <span class='ocrx_word' id='word_1_276' title='bbox 1443 2222 1541 2292; x_wconf 83' lang='grc' dir='ltr'>τὴν</span> <span class='ocrx_word' id='word_1_277' title='bbox 1575 2221 1819 2292; x_wconf 82' lang='grc' dir='ltr'>ἀγάπην,</span> 
     </span>
    </p>
   </div>
   <div class='ocr_carea' id='block_1_41' title="bbox 251 2297 1819 2385">
    <p class='ocr_par' dir='ltr' id='par_1_41' title="bbox 251 2297 1819 2385">
     <span class='ocr_line' id='line_1_41' title="bbox 251 2297 1819 2385; baseline -0.001 -17"><span class='ocrx_word' id='word_1_278' title='bbox 251 2317 496 2384; x_wconf 80' lang='grc' dir='ltr'>συνάγει,</span> <span class='ocrx_word' id='word_1_279' title='bbox 524 2314 854 2385; x_wconf 82' lang='grc' dir='ltr'>ἐκστατικὴν</span> <span class='ocrx_word' id='word_1_280' title='bbox 881 2311 1044 2368; x_wconf 78' lang='grc' dir='ltr'>οὖσαν</span> <span class='ocrx_word' id='word_1_281' title='bbox 1084 2312 1190 2367; x_wconf 85' lang='grc' dir='ltr'><strong>τῶν</strong></span> <span class='ocrx_word' id='word_1_282' title='bbox 1237 2313 1296 2380; x_wconf 81' lang='grc' dir='ltr'>ἑξ</span> <span class='ocrx_word' id='word_1_283' title='bbox 1325 2313 1498 2382; x_wconf 75' lang='grc' dir='ltr'>αὐτῆς</span> <span class='ocrx_word' id='word_1_284' title='bbox 1525 2297 1618 2366; x_wconf 77' lang='grc' dir='ltr'>καὶ</span> <span class='ocrx_word' id='word_1_285' title='bbox 1649 2329 1819 2383; x_wconf 79' lang='grc' dir='ltr'>προσ-</span> 
     </span>
    </p>
   </div>
   <div class='ocr_carea' id='block_1_42' title="bbox 247 2404 1821 2476">
    <p class='ocr_par' dir='ltr' id='par_1_42' title="bbox 247 2404 1821 2476">
     <span class='ocr_line' id='line_1_42' title="bbox 247 2404 1821 2476; baseline -0.001 -17"><span class='ocrx_word' id='word_1_286' title='bbox 247 2405 532 2476; x_wconf 83' lang='grc' dir='ltr'>αγωγικὴν</span> <span class='ocrx_word' id='word_1_287' title='bbox 571 2405 678 2459; x_wconf 89' lang='grc' dir='ltr'><strong>τῶν</strong></span> <span class='ocrx_word' id='word_1_288' title='bbox 713 2404 782 2459; x_wconf 82' lang='grc' dir='ltr'><strong>δι’</strong></span> <span class='ocrx_word' id='word_1_289' title='bbox 805 2405 972 2476; x_wconf 83' lang='grc' dir='ltr'>αὐτῆς</span> <span class='ocrx_word' id='word_1_290' title='bbox 999 2404 1115 2457; x_wconf 77' lang='grc' dir='ltr'>καὶ</span> <span class='ocrx_word' id='word_1_291' title='bbox 1158 2405 1539 2476; x_wconf 78' lang='grc' dir='ltr'>ἐνοποιητικὴν</span> <span class='ocrx_word' id='word_1_292' title='bbox 1579 2404 1686 2458; x_wconf 87' lang='grc' dir='ltr'><strong>τῶν</strong></span> <span class='ocrx_word' id='word_1_293' title='bbox 1741 2406 1821 2469; x_wconf 89' lang='grc' dir='ltr'><strong>είς</strong></span> 
     </span>
    </p>
   </div>
   <div class='ocr_carea' id='block_1_43' title="bbox 246 2495 1816 2568">
    <p class='ocr_par' dir='ltr' id='par_1_43' title="bbox 246 2495 1816 2568">
     <span class='ocr_line' id='line_1_43' title="bbox 246 2495 1816 2568; baseline -0.001 -17"><span class='ocrx_word' id='word_1_294' title='bbox 246 2498 414 2568; x_wconf 81' lang='grc' dir='ltr'>αὐτὴν</span> <span class='ocrx_word' id='word_1_295' title='bbox 443 2497 764 2568; x_wconf 76' lang='grc' dir='ltr'>ἀρξαμένων</span> <span class='ocrx_word' id='word_1_296' title='bbox 791 2515 850 2550; x_wconf 86' lang='grc' dir='ltr'><strong>τε</strong></span> <span class='ocrx_word' id='word_1_297' title='bbox 882 2498 976 2549; x_wconf 69' lang='grc' dir='ltr'><strong>καὶ</strong></span> <span class='ocrx_word' id='word_1_298' title='bbox 1025 2496 1354 2565; x_wconf 78' lang='grc' dir='ltr'><strong>κινηθέντων</strong></span> <span class='ocrx_word' id='word_1_299' title='bbox 1385 2497 1482 2549; x_wconf 77' lang='grc' dir='ltr'>καὶ</span> <span class='ocrx_word' id='word_1_300' title='bbox 1519 2495 1816 2567; x_wconf 76' lang='grc' dir='ltr'>ληξάντων,</span> 
     </span>
    </p>
   </div>
   <div class='ocr_carea' id='block_1_44' title="bbox 244 2587 1818 2661">
    <p class='ocr_par' dir='ltr' id='par_1_44' title="bbox 244 2587 1818 2661">
     <span class='ocr_line' id='line_1_44' title="bbox 244 2587 1818 2661; baseline -0.003 -15"><span class='ocrx_word' id='word_1_301' title='bbox 244 2592 342 2646; x_wconf 76' lang='grc' dir='ltr'>κα).</span> <span class='ocrx_word' id='word_1_302' title='bbox 379 2590 745 2661; x_wconf 76' lang='grc' dir='ltr'>διαφερόντως</span> <span class='ocrx_word' id='word_1_303' title='bbox 775 2589 869 2642; x_wconf 75' lang='grc' dir='ltr'><strong>ἐπὶ</strong></span> <span class='ocrx_word' id='word_1_304' title='bbox 907 2590 1042 2642; x_wconf 78' lang='grc' dir='ltr'>πᾶσι</span> <span class='ocrx_word' id='word_1_305' title='bbox 1077 2587 1484 2658; x_wconf 78' lang='grc' dir='ltr'>θεοποιητικήν.</span> <span class='ocrx_word' id='word_1_306' title='bbox 1529 2588 1685 2642; x_wconf 76' lang='grc' dir='ltr'>Οὕτω</span> <span class='ocrx_word' id='word_1_307' title='bbox 1719 2587 1818 2660; x_wconf 79' lang='grc' dir='ltr'><strong>μὲν</strong></span> 
     </span>
    </p>
   </div>
   <div class='ocr_carea' id='block_1_45' title="bbox 243 2663 1818 2751">
    <p class='ocr_par' dir='ltr' id='par_1_45' title="bbox 243 2663 1818 2751">
     <span class='ocr_line' id='line_1_45' title="bbox 243 2663 1818 2751; baseline -0.003 -16"><span class='ocrx_word' id='word_1_308' title='bbox 243 2681 340 2736; x_wconf 82' lang='grc' dir='ltr'>οὖν</span> <span class='ocrx_word' id='word_1_309' title='bbox 371 2683 402 2751; x_wconf 80' lang='grc' dir='ltr'><strong>ή</strong></span> <span class='ocrx_word' id='word_1_310' title='bbox 435 2680 584 2751; x_wconf 78' lang='grc' dir='ltr'>ψυχὴ</span> <span class='ocrx_word' id='word_1_311' title='bbox 611 2679 902 2750; x_wconf 71' lang='grc' dir='ltr'>κινουμένη</span> <span class='ocrx_word' id='word_1_312' title='bbox 926 2663 997 2731; x_wconf 52' lang='grc' dir='ltr'>’τε</span> <span class='ocrx_word' id='word_1_313' title='bbox 1028 2677 1210 2747; x_wconf 86' lang='grc' dir='ltr'>σοφῶς</span> <span class='ocrx_word' id='word_1_314' title='bbox 1239 2677 1330 2731; x_wconf 68' lang='grc' dir='ltr'>καὶ</span> <span class='ocrx_word' id='word_1_315' title='bbox 1360 2677 1660 2750; x_wconf 81' lang='grc' dir='ltr'>ἐνεργοῦσα</span> <span class='ocrx_word' id='word_1_316' title='bbox 1693 2677 1818 2732; x_wconf 86' lang='grc' dir='ltr'>καθ’</span> 
     </span>
    </p>
   </div>
   <div class='ocr_carea' id='block_1_46' title="bbox 242 2768 1818 2849">
    <p class='ocr_par' dir='ltr' id='par_1_46' title="bbox 242 2768 1818 2849">
     <span class='ocr_line' id='line_1_46' title="bbox 242 2768 1818 2849; baseline -0.003 -23"><span class='ocrx_word' id='word_1_317' title='bbox 242 2771 308 2826; x_wconf 81' lang='grc' dir='ltr'><strong>ὃν</strong></span> <span class='ocrx_word' id='word_1_318' title='bbox 337 2771 431 2825; x_wconf 74' lang='grc' dir='ltr'>καὶ</span> <span class='ocrx_word' id='word_1_319' title='bbox 479 2771 594 2824; x_wconf 76' lang='grc' dir='ltr'>ἐστι</span> <span class='ocrx_word' id='word_1_320' title='bbox 637 2772 730 2825; x_wconf 77' lang='grc' dir='ltr'>καὶ</span> <span class='ocrx_word' id='word_1_321' title='bbox 773 2770 1066 2849; x_wconf 73' lang='grc' dir='ltr'>γεγένηται</span> <span class='ocrx_word' id='word_1_322' title='bbox 1104 2768 1324 2840; x_wconf 79' lang='grc' dir='ltr'>θεοτελῆ</span> <span class='ocrx_word' id='word_1_323' title='bbox 1357 2769 1516 2842; x_wconf 83' lang='grc' dir='ltr'>λόγον</span> <span class='ocrx_word' id='word_1_324' title='bbox 1568 2770 1674 2822; x_wconf 89' lang='grc' dir='ltr'><strong>τῶν</strong></span> <span class='ocrx_word' id='word_1_325' title='bbox 1721 2769 1818 2849; x_wconf 80' lang='grc' dir='ltr'>μὲν</span> 
     </span>
    </p>
   </div>
   <div class='ocr_carea' id='block_1_47' title="bbox 241 2845 1817 2934">
    <p class='ocr_par' dir='ltr' id='par_1_47' title="bbox 241 2845 1817 2934">
     <span class='ocr_line' id='line_1_47' title="bbox 241 2845 1817 2934; baseline -0.003 -16"><span class='ocrx_word' id='word_1_326' title='bbox 241 2862 523 2934; x_wconf 70' lang='grc' dir='ltr'>αἰσθητῶν</span> <span class='ocrx_word' id='word_1_327' title='bbox 555 2862 840 2934; x_wconf 75' lang='grc' dir='ltr'>χρησίμως</span> <span class='ocrx_word' id='word_1_328' title='bbox 871 2861 960 2914; x_wconf 84' lang='grc' dir='ltr'>διὰ</span> <span class='ocrx_word' id='word_1_329' title='bbox 991 2845 1098 2915; x_wconf 83' lang='grc' dir='ltr'><strong>τῶν</strong></span> <span class='ocrx_word' id='word_1_330' title='bbox 1135 2860 1440 2932; x_wconf 81' lang='grc' dir='ltr'>αἰσθήσεων</span> <span class='ocrx_word' id='word_1_331' title='bbox 1475 2845 1817 2932; x_wconf 53' lang='grc' dir='ltr'>ἀντιλαμϐάζ</span> 
     </span>
    </p>
   </div>
   <div class='ocr_carea' id='block_1_48' title="bbox 237 2941 1819 3024">
    <p class='ocr_par' dir='ltr' id='par_1_48' title="bbox 237 2941 1819 3024">
     <span class='ocr_line' id='line_1_48' title="bbox 237 2941 1819 3024; baseline -0.004 -14"><span class='ocrx_word' id='word_1_332' title='bbox 237 2973 419 3021; x_wconf 84' lang='grc' dir='ltr'>νεται,</span> <span class='ocrx_word' id='word_1_333' title='bbox 455 2955 582 3018; x_wconf 76' lang='grc' dir='ltr'>τοὺς</span> <span class='ocrx_word' id='word_1_334' title='bbox 632 2956 690 3006; x_wconf 82' lang='grc' dir='ltr'>ὲν</span> <span class='ocrx_word' id='word_1_335' title='bbox 735 2955 920 3017; x_wconf 76' lang='grc' dir='ltr'>αὐτοῖς</span> <span class='ocrx_word' id='word_1_336' title='bbox 953 2952 1302 3024; x_wconf 77' lang='grc' dir='ltr'>πνευματικὴ</span> <span class='ocrx_word' id='word_1_337' title='bbox 1357 2952 1550 3020; x_wconf 79' lang='grc' dir='ltr'>λόγους</span> <span class='ocrx_word' id='word_1_338' title='bbox 1585 2941 1819 3004; x_wconf 56' lang='grc' dir='ltr'>οίκειουὲ</span> 
     </span>
    </p>
   </div>
   <div class='ocr_carea' id='block_1_49' title="bbox 235 3042 1886 3144">
    <p class='ocr_par' dir='ltr' id='par_1_49' title="bbox 235 3042 1886 3144">
     <span class='ocr_line' id='line_1_49' title="bbox 235 3042 1886 3144; baseline -0.002 -42"><span class='ocrx_word' id='word_1_339' title='bbox 235 3049 407 3120; x_wconf 82' lang='grc' dir='ltr'>μένη,</span> <span class='ocrx_word' id='word_1_340' title='bbox 456 3047 554 3112; x_wconf 84' lang='grc' dir='ltr'>τὰς</span> <span class='ocrx_word' id='word_1_341' title='bbox 607 3047 665 3101; x_wconf 75' lang='grc' dir='ltr'>δὲ</span> <span class='ocrx_word' id='word_1_342' title='bbox 712 3045 996 3144; x_wconf 70' lang='grc' dir='ltr'>αίσθησεις</span> <span class='ocrx_word' id='word_1_343' title='bbox 1055 3044 1248 3109; x_wconf 80' lang='grc' dir='ltr'>αὐτὰς,</span> <span class='ocrx_word' id='word_1_344' title='bbox 1302 3042 1648 3112; x_wconf 77' lang='grc' dir='ltr'>λογισθείσας</span> <span class='ocrx_word' id='word_1_345' title='bbox 1713 3044 1815 3115; x_wconf 65' lang='grc' dir='ltr'>ἤδη</span> <span class='ocrx_word' id='word_1_346' title='bbox 1843 3087 1886 3144; x_wconf 78' lang='lat' dir='ltr'><strong>C</strong></span> 
     </span>
    </p>
   </div>
   <div class='ocr_carea' id='block_1_50' title="bbox 230 3135 1866 3213">
    <p class='ocr_par' dir='ltr' id='par_1_50' title="bbox 230 3135 1866 3213">
     <span class='ocr_line' id='line_1_50' title="bbox 230 3135 1866 3213; baseline -0.007 -18"><span class='ocrx_word' id='word_1_347' title='bbox 230 3138 434 3213; x_wconf 72' lang='lat'><strong>(199</strong></span> <span class='ocrx_word' id='word_1_348' title='bbox 451 3137 503 3210; x_wconf 88' lang='lat' dir='ltr'><strong>b)</strong></span> <span class='ocrx_word' id='word_1_349' title='bbox 534 3141 601 3209; x_wconf 79' lang='grc' dir='ltr'>τῇ</span> <span class='ocrx_word' id='word_1_350' title='bbox 653 3135 745 3191; x_wconf 85' lang='grc' dir='ltr'>τοῦ</span> <span class='ocrx_word' id='word_1_351' title='bbox 777 3136 936 3204; x_wconf 88' lang='grc' dir='ltr'>λόγου</span> <span class='ocrx_word' id='word_1_352' title='bbox 965 3135 1276 3208; x_wconf 72' lang='grc' dir='ltr'>περιουσίᾳ,</span> <span class='ocrx_word' id='word_1_353' title='bbox 1327 3135 1516 3208; x_wconf 80' lang='grc' dir='ltr'>ὥσπερ</span> <span class='ocrx_word' id='word_1_354' title='bbox 1567 3135 1815 3208; x_wconf 67' lang='grc' dir='ltr'>ὀχήματα</span> <span class='ocrx_word' id='word_1_355' title='bbox 1849 3135 1866 3204; x_wconf 62' lang='grc' dir='ltr'><strong>ξ</strong></span> 
     </span>
    </p>
   </div>
   <div class='ocr_carea' id='block_1_51' title="bbox 226 3227 1816 3308">
    <p class='ocr_par' dir='ltr' id='par_1_51' title="bbox 226 3227 1816 3308">
     <span class='ocr_line' id='line_1_51' title="bbox 226 3227 1816 3308; baseline 0 -25"><span class='ocrx_word' id='word_1_356' title='bbox 226 3227 438 3297; x_wconf 83' lang='grc' dir='ltr'>λογικά</span> <span class='ocrx_word' id='word_1_357' title='bbox 463 3228 747 3299; x_wconf 87' lang='grc' dir='ltr'>προσίεται</span> <span class='ocrx_word' id='word_1_358' title='bbox 767 3227 874 3281; x_wconf 88' lang='grc' dir='ltr'><strong>τῶν</strong></span> <span class='ocrx_word' id='word_1_359' title='bbox 905 3228 1074 3298; x_wconf 84' lang='grc' dir='ltr'>αὐτῆς</span> <span class='ocrx_word' id='word_1_360' title='bbox 1095 3227 1400 3298; x_wconf 87' lang='grc' dir='ltr'>δυνάμεων,</span> <span class='ocrx_word' id='word_1_361' title='bbox 1439 3227 1606 3292; x_wconf 80' lang='grc' dir='ltr'>αὐτὰς</span> <span class='ocrx_word' id='word_1_362' title='bbox 1631 3229 1686 3308; x_wconf 66' lang='grc' dir='ltr'><strong>δε</strong></span> <span class='ocrx_word' id='word_1_363' title='bbox 1718 3229 1816 3293; x_wconf 82' lang='grc' dir='ltr'><strong>τὰς</strong></span> 
     </span>
    </p>
   </div>
   <div class='ocr_carea' id='block_1_52' title="bbox 223 3311 1818 3390">
    <p class='ocr_par' dir='ltr' id='par_1_52' title="bbox 223 3311 1818 3390">
     <span class='ocr_line' id='line_1_52' title="bbox 223 3311 1818 3390; baseline -0.002 -16"><span class='ocrx_word' id='word_1_364' title='bbox 223 3320 502 3389; x_wconf 73' lang='grc' dir='ltr'>δυνάμεις</span> <span class='ocrx_word' id='word_1_365' title='bbox 529 3321 657 3386; x_wconf 45' lang='grc' dir='ltr'>,ταῖς</span> <span class='ocrx_word' id='word_1_366' title='bbox 682 3319 906 3390; x_wconf 82' lang='grc' dir='ltr'>ἀρεταῖς</span> <span class='ocrx_word' id='word_1_367' title='bbox 940 3319 1224 3385; x_wconf 85' lang='grc' dir='ltr'>συνάπτει,</span> <span class='ocrx_word' id='word_1_368' title='bbox 1249 3319 1342 3372; x_wconf 77' lang='grc' dir='ltr'>καὶ</span> <span class='ocrx_word' id='word_1_369' title='bbox 1362 3318 1560 3388; x_wconf 76' lang='grc' dir='ltr'>ἑαυτὴν</span> <span class='ocrx_word' id='word_1_370' title='bbox 1599 3311 1686 3374; x_wconf 80' lang='grc' dir='ltr'><strong>διά</strong></span> <span class='ocrx_word' id='word_1_371' title='bbox 1707 3319 1818 3372; x_wconf 89' lang='grc' dir='ltr'><strong>τῶν</strong></span> 
     </span>
    </p>
   </div>
   <div class='ocr_carea' id='block_1_53' title="bbox 224 3407 1830 3483">
    <p class='ocr_par' dir='ltr' id='par_1_53' title="bbox 224 3407 1830 3483">
     <span class='ocr_line' id='line_1_53' title="bbox 224 3407 1830 3483; baseline -0.003 -16"><span class='ocrx_word' id='word_1_372' title='bbox 224 3409 460 3482; x_wconf 65' lang='grc' dir='ltr'>ἀρετῶν</span> <span class='ocrx_word' id='word_1_373' title='bbox 487 3411 601 3474; x_wconf 87' lang='grc' dir='ltr'>τοῖς</span> <span class='ocrx_word' id='word_1_374' title='bbox 625 3411 682 3463; x_wconf 71' lang='grc' dir='ltr'>ἐν</span> <span class='ocrx_word' id='word_1_375' title='bbox 710 3411 904 3474; x_wconf 86' lang='grc' dir='ltr'>αὐταῖς</span> <span class='ocrx_word' id='word_1_376' title='bbox 945 3409 1238 3482; x_wconf 61' lang='grc' dir='ltr'>θειοτέροις</span> <span class='ocrx_word' id='word_1_377' title='bbox 1259 3409 1460 3478; x_wconf 88' lang='grc' dir='ltr'>λόγοις,</span> <span class='ocrx_word' id='word_1_378' title='bbox 1503 3409 1554 3462; x_wconf 88' lang='grc' dir='ltr'><strong>οί</strong></span> <span class='ocrx_word' id='word_1_379' title='bbox 1585 3407 1644 3462; x_wconf 73' lang='grc' dir='ltr'>δὲ</span> <span class='ocrx_word' id='word_1_380' title='bbox 1671 3407 1830 3483; x_wconf 46' lang='grc' dir='ltr'>θειότ</span> 
     </span>
    </p>
   </div>
   <div class='ocr_carea' id='block_1_54' title="bbox 223 3499 1816 3577">
    <p class='ocr_par' dir='ltr' id='par_1_54' title="bbox 223 3499 1816 3577">
     <span class='ocr_line' id='line_1_54' title="bbox 223 3499 1816 3577; baseline -0.003 -19"><span class='ocrx_word' id='word_1_381' title='bbox 223 3520 394 3577; x_wconf 66' lang='lat' dir='ltr'><strong>tepor.</strong></span> <span class='ocrx_word' id='word_1_382' title='bbox 430 3501 543 3556; x_wconf 88' lang='grc' dir='ltr'><strong>τῶν</strong></span> <span class='ocrx_word' id='word_1_383' title='bbox 571 3501 782 3574; x_wconf 73' lang='grc' dir='ltr'>ἀρετῶν</span> <span class='ocrx_word' id='word_1_384' title='bbox 819 3501 968 3570; x_wconf 79' lang='grc' dir='ltr'>λόγοι</span> <span class='ocrx_word' id='word_1_385' title='bbox 1024 3501 1102 3572; x_wconf 83' lang='grc' dir='ltr'>τῷ</span> <span class='ocrx_word' id='word_1_386' title='bbox 1149 3500 1206 3554; x_wconf 79' lang='grc' dir='ltr'>ὲν</span> <span class='ocrx_word' id='word_1_387' title='bbox 1255 3500 1437 3564; x_wconf 82' lang='grc' dir='ltr'>αὐτοῖς</span> <span class='ocrx_word' id='word_1_388' title='bbox 1469 3499 1692 3570; x_wconf 80' lang='grc' dir='ltr'>ἀφανῶς</span> <span class='ocrx_word' id='word_1_389' title='bbox 1722 3517 1816 3555; x_wconf 84' lang='grc' dir='ltr'>κε-</span> 
     </span>
    </p>
   </div>
   <div class='ocr_carea' id='block_1_55' title="bbox 227 3588 1818 3665">
    <p class='ocr_par' dir='ltr' id='par_1_55' title="bbox 227 3588 1818 3665">
     <span class='ocr_line' id='line_1_55' title="bbox 227 3588 1818 3665; baseline -0.003 -16"><span class='ocrx_word' id='word_1_390' title='bbox 227 3594 550 3665; x_wconf 70' lang='grc' dir='ltr'>κρυμμένῳ</span> <span class='ocrx_word' id='word_1_391' title='bbox 583 3591 942 3663; x_wconf 84' lang='grc' dir='ltr'>πνευματικῷ</span> <span class='ocrx_word' id='word_1_392' title='bbox 976 3589 1085 3660; x_wconf 54' lang='grc' dir='ltr'>νῷ,</span> <span class='ocrx_word' id='word_1_393' title='bbox 1123 3590 1152 3644; x_wconf 87' lang='grc' dir='ltr'>ὁ</span> <span class='ocrx_word' id='word_1_394' title='bbox 1183 3589 1240 3644; x_wconf 75' lang='grc' dir='ltr'>δὲ</span> <span class='ocrx_word' id='word_1_395' title='bbox 1284 3589 1657 3661; x_wconf 79' lang='grc' dir='ltr'>πνευματικὸς</span> <span class='ocrx_word' id='word_1_396' title='bbox 1691 3588 1818 3653; x_wconf 80' lang='grc' dir='ltr'>νοῦς</span> 
     </span>
    </p>
   </div>
   <div class='ocr_carea' id='block_1_56' title="bbox 225 3674 1817 3755">
    <p class='ocr_par' dir='ltr' id='par_1_56' title="bbox 225 3674 1817 3755">
     <span class='ocr_line' id='line_1_56' title="bbox 225 3674 1817 3755; baseline -0.004 -15"><span class='ocrx_word' id='word_1_397' title='bbox 225 3685 433 3742; x_wconf 65' lang='grc' dir='ltr'>τῶιὲν</span> <span class='ocrx_word' id='word_1_398' title='bbox 478 3674 599 3748; x_wconf 67' lang='grc' dir='ltr'>ταῖς</span> <span class='ocrx_word' id='word_1_399' title='bbox 654 3685 882 3755; x_wconf 78' lang='grc' dir='ltr'>ἀρεταῖς</span> <span class='ocrx_word' id='word_1_400' title='bbox 931 3682 1222 3752; x_wconf 84' lang='grc' dir='ltr'>θειοτέρων</span> <span class='ocrx_word' id='word_1_401' title='bbox 1259 3680 1454 3751; x_wconf 84' lang='grc' dir='ltr'>λόγων,</span> <span class='ocrx_word' id='word_1_402' title='bbox 1495 3683 1677 3736; x_wconf 80' lang='grc' dir='ltr'>πᾶσαν</span> <span class='ocrx_word' id='word_1_403' title='bbox 1717 3684 1817 3752; x_wconf 81' lang='grc' dir='ltr'>τῆς</span> 
     </span>
    </p>
   </div>
   <div class='ocr_carea' id='block_1_57' title="bbox 225 3773 1816 3852">
    <p class='ocr_par' dir='ltr' id='par_1_57' title="bbox 225 3773 1816 3852">
     <span class='ocr_line' id='line_1_57' title="bbox 225 3773 1816 3852; baseline -0.003 -20"><span class='ocrx_word' id='word_1_404' title='bbox 225 3779 418 3852; x_wconf 64' lang='grc' dir='ltr'>ψυχῆς</span> <span class='ocrx_word' id='word_1_405' title='bbox 457 3778 523 3850; x_wconf 77' lang='grc' dir='ltr'>ἢν</span> <span class='ocrx_word' id='word_1_406' title='bbox 555 3776 668 3848; x_wconf 71' lang='grc' dir='ltr'>ἔχει</span> <span class='ocrx_word' id='word_1_407' title='bbox 719 3775 858 3846; x_wconf 85' lang='grc' dir='ltr'>πρὸς</span> <span class='ocrx_word' id='word_1_408' title='bbox 895 3774 963 3828; x_wconf 81' lang='grc' dir='ltr'>τὰ</span> <span class='ocrx_word' id='word_1_409' title='bbox 1010 3773 1253 3842; x_wconf 83' lang='grc' dir='ltr'>παρόντα</span> <span class='ocrx_word' id='word_1_410' title='bbox 1313 3773 1554 3844; x_wconf 83' lang='grc' dir='ltr'>φυσικήν</span> <span class='ocrx_word' id='word_1_411' title='bbox 1612 3789 1672 3824; x_wconf 89' lang='grc' dir='ltr'><strong>τε</strong></span> <span class='ocrx_word' id='word_1_412' title='bbox 1720 3774 1816 3827; x_wconf 78' lang='grc' dir='ltr'>καὶ</span> 
     </span>
    </p>
   </div>
   <div class='ocr_carea' id='block_1_58' title="bbox 227 3861 1816 3941">
    <p class='ocr_par' dir='ltr' id='par_1_58' title="bbox 227 3861 1816 3941">
     <span class='ocr_line' id='line_1_58' title="bbox 227 3861 1816 3941; baseline -0.006 -17"><span class='ocrx_word' id='word_1_413' title='bbox 227 3869 636 3941; x_wconf 79' lang='grc' dir='ltr'>προαιρετικὴν</span> <span class='ocrx_word' id='word_1_414' title='bbox 667 3865 852 3936; x_wconf 76' lang='grc' dir='ltr'>σχέσιν</span> <span class='ocrx_word' id='word_1_415' title='bbox 909 3861 1292 3932; x_wconf 87' lang='grc' dir='ltr'>διωθούμενος,</span> <span class='ocrx_word' id='word_1_416' title='bbox 1350 3861 1527 3932; x_wconf 79' lang='grc' dir='ltr'>ἁπλῆν</span> <span class='ocrx_word' id='word_1_417' title='bbox 1552 3861 1679 3933; x_wconf 84' lang='grc' dir='ltr'>ὃλην</span> <span class='ocrx_word' id='word_1_418' title='bbox 1711 3861 1816 3930; x_wconf 83' lang='grc' dir='ltr'>ὅλῳ</span> 
     </span>
    </p>
   </div>
   <div class='ocr_carea' id='block_1_59' title="bbox 225 3951 1816 4028">
    <p class='ocr_par' dir='ltr' id='par_1_59' title="bbox 225 3951 1816 4028">
     <span class='ocr_line' id='line_1_59' title="bbox 225 3951 1816 4028; baseline -0.005 -12"><span class='ocrx_word' id='word_1_419' title='bbox 225 3958 528 4028; x_wconf 75' lang='grc' dir='ltr'>δίδωσι,τῷ</span> <span class='ocrx_word' id='word_1_420' title='bbox 555 3956 695 4028; x_wconf 82' lang='grc' dir='ltr'>Θεῷ,</span> <span class='ocrx_word' id='word_1_421' title='bbox 723 3957 751 4008; x_wconf 87' lang='grc' dir='ltr'><strong>ό</strong></span> <span class='ocrx_word' id='word_1_422' title='bbox 772 3956 831 4009; x_wconf 81' lang='grc' dir='ltr'>δὲ</span> <span class='ocrx_word' id='word_1_423' title='bbox 859 3954 992 4017; x_wconf 82' lang='grc' dir='ltr'>Θεὸς</span> <span class='ocrx_word' id='word_1_424' title='bbox 1021 3953 1316 4024; x_wconf 80' lang='grc' dir='ltr'>ταύτηνδι’</span> <span class='ocrx_word' id='word_1_425' title='bbox 1347 3952 1471 4006; x_wconf 87' lang='grc' dir='ltr'>ὅλου</span> <span class='ocrx_word' id='word_1_426' title='bbox 1501 3951 1816 4024; x_wconf 77' lang='grc' dir='ltr'>περιλαϐὼν</span> 
     </span>
    </p>
   </div>
   <div class='ocr_carea' id='block_1_60' title="bbox 233 4040 1817 4121">
    <p class='ocr_par' dir='ltr' id='par_1_60' title="bbox 233 4040 1817 4121">
     <span class='ocr_line' id='line_1_60' title="bbox 233 4040 1817 4121; baseline -0.004 -19"><span class='ocrx_word' id='word_1_427' title='bbox 233 4048 385 4121; x_wconf 84' lang='grc' dir='ltr'>μετὰ</span> <span class='ocrx_word' id='word_1_428' title='bbox 436 4045 530 4101; x_wconf 79' lang='grc' dir='ltr'>τοῦ</span> <span class='ocrx_word' id='word_1_429' title='bbox 577 4040 996 4116; x_wconf 78' lang='grc' dir='ltr'>συμπεφυκότοᾴ</span> <span class='ocrx_word' id='word_1_430' title='bbox 1043 4043 1182 4114; x_wconf 58' lang='grc' dir='ltr'>αὐτῇ</span> <span class='ocrx_word' id='word_1_431' title='bbox 1234 4041 1484 4114; x_wconf 87' lang='grc' dir='ltr'>σώματος</span> <span class='ocrx_word' id='word_1_432' title='bbox 1535 4041 1817 4112; x_wconf 84' lang='grc' dir='ltr'>ἀναλόγως</span> 
     </span>
    </p>
   </div>
   <div class='ocr_carea' id='block_1_61' title="bbox 229 4133 1816 4208">
    <p class='ocr_par' dir='ltr' id='par_1_61' title="bbox 229 4133 1816 4208">
     <span class='ocr_line' id='line_1_61' title="bbox 229 4133 1816 4208; baseline -0.008 -12"><span class='ocrx_word' id='word_1_433' title='bbox 229 4139 383 4196; x_wconf 72' lang='grc' dir='ltr'>αὐτὰ</span> <span class='ocrx_word' id='word_1_434' title='bbox 425 4138 666 4208; x_wconf 78' lang='grc' dir='ltr'>ἐξομοιοῖ</span> <span class='ocrx_word' id='word_1_435' title='bbox 692 4133 895 4206; x_wconf 80' lang='grc' dir='ltr'>ἑαυτῷ,</span> <span class='ocrx_word' id='word_1_436' title='bbox 929 4133 1071 4187; x_wconf 83' lang='grc' dir='ltr'>ὥστε</span> <span class='ocrx_word' id='word_1_437' title='bbox 1119 4133 1197 4192; x_wconf 69' lang='grc' dir='ltr'>,δι’</span> <span class='ocrx_word' id='word_1_438' title='bbox 1224 4133 1396 4202; x_wconf 84' lang='grc' dir='ltr'>αὐτῆς</span> <span class='ocrx_word' id='word_1_439' title='bbox 1443 4133 1570 4202; x_wconf 80' lang='grc' dir='ltr'>ὅλης</span> <span class='ocrx_word' id='word_1_440' title='bbox 1621 4133 1816 4203; x_wconf 81' lang='grc' dir='ltr'>ἀπερι-</span> 
     </span>
    </p>
   </div>
   <div class='ocr_carea' id='block_1_62' title="bbox 231 4221 1814 4301">
    <p class='ocr_par' dir='ltr' id='par_1_62' title="bbox 231 4221 1814 4301">
     <span class='ocr_line' id='line_1_62' title="bbox 231 4221 1814 4301; baseline -0.006 -16"><span class='ocrx_word' id='word_1_441' title='bbox 231 4231 466 4301; x_wconf 79' lang='grc' dir='ltr'>γράφως</span> <span class='ocrx_word' id='word_1_442' title='bbox 483 4229 602 4283; x_wconf 85' lang='grc' dir='ltr'>ὅλον</span> <span class='ocrx_word' id='word_1_443' title='bbox 627 4225 912 4298; x_wconf 82' lang='grc' dir='ltr'>φαίνεσθαι</span> <span class='ocrx_word' id='word_1_444' title='bbox 938 4223 1220 4287; x_wconf 77' lang='grc' dir='ltr'>δύνασθαι,</span> <span class='ocrx_word' id='word_1_445' title='bbox 1246 4221 1393 4276; x_wconf 78' lang='grc' dir='ltr'>τδν³⁰</span> <span class='ocrx_word' id='word_1_446' title='bbox 1417 4223 1681 4294; x_wconf 75' lang='grc' dir='ltr'>μηδαμῶς</span> <span class='ocrx_word' id='word_1_447' title='bbox 1707 4229 1814 4276; x_wconf 78' lang='grc' dir='ltr'>τίνι</span> 
     </span>
    </p>
   </div>
   <div class='ocr_carea' id='block_1_63' title="bbox 235 4315 1814 4386">
    <p class='ocr_par' dir='ltr' id='par_1_63' title="bbox 235 4315 1814 4386">
     <span class='ocr_line' id='line_1_63' title="bbox 235 4315 1814 4386; baseline -0.004 -7"><span class='ocrx_word' id='word_1_448' title='bbox 235 4323 348 4379; x_wconf 84' lang='grc' dir='ltr'><strong>τῶν</strong></span> <span class='ocrx_word' id='word_1_449' title='bbox 376 4321 548 4376; x_wconf 79' lang='grc' dir='ltr'>όντων</span> <span class='ocrx_word' id='word_1_450' title='bbox 601 4319 725 4374; x_wconf 86' lang='grc' dir='ltr'>καθ’</span> <span class='ocrx_word' id='word_1_451' title='bbox 759 4317 938 4373; x_wconf 82' lang='grc' dir='ltr'>ὁτιοῦν</span> <span class='ocrx_word' id='word_1_452' title='bbox 967 4319 1027 4386; x_wconf 67' lang='grc' dir='ltr'>ἐξ</span> <span class='ocrx_word' id='word_1_453' title='bbox 1065 4318 1259 4372; x_wconf 77' lang='grc' dir='ltr'>ἑαυτοῦ</span> <span class='ocrx_word' id='word_1_454' title='bbox 1315 4315 1607 4386; x_wconf 80' lang='grc' dir='ltr'>φαίνεσθαι</span> <span class='ocrx_word' id='word_1_455' title='bbox 1651 4317 1814 4384; x_wconf 84' lang='grc' dir='ltr'>φύσιν</span> 
     </span>
    </p>
   </div>
   <div class='ocr_carea' id='block_1_64' title="bbox 1925 1852 3511 1932">
    <p class='ocr_par' dir='ltr' id='par_1_64' title="bbox 1925 1852 3511 1932">
     <span class='ocr_line' id='line_1_64' title="bbox 1925 1852 3511 1932; baseline 0.009 -26"><span class='ocrx_word' id='word_1_456' title='bbox 1925 1852 2100 1922; x_wconf 88' lang='lat' dir='ltr'><strong>ipsam</strong></span> <span class='ocrx_word' id='word_1_457' title='bbox 2127 1863 2468 1924; x_wconf 89' lang='lat' dir='ltr'><strong>occeperunt</strong></span> <span class='ocrx_word' id='word_1_458' title='bbox 2497 1865 2553 1910; x_wconf 89' lang='lat' dir='ltr'><strong>et</strong></span> <span class='ocrx_word' id='word_1_459' title='bbox 2573 1867 2719 1912; x_wconf 87' lang='lat' dir='ltr'><strong>mota</strong></span> <span class='ocrx_word' id='word_1_460' title='bbox 2749 1869 2956 1914; x_wconf 89' lang='lat' dir='ltr'><strong>suntet</strong></span> <span class='ocrx_word' id='word_1_461' title='bbox 2981 1859 3143 1916; x_wconf 88' lang='lat' dir='ltr'><strong>linem</strong></span> <span class='ocrx_word' id='word_1_462' title='bbox 3173 1863 3511 1932; x_wconf 79' lang='lat' dir='ltr'><strong>habuerunt,</strong></span> 
     </span>
    </p>
   </div>
   <div class='ocr_carea' id='block_1_65' title="bbox 1922 1944 3514 2016">
    <p class='ocr_par' dir='ltr' id='par_1_65' title="bbox 1922 1944 3514 2016">
     <span class='ocr_line' id='line_1_65' title="bbox 1922 1944 3514 2016; baseline 0.013 -22"><span class='ocrx_word' id='word_1_463' title='bbox 1922 1957 2156 2012; x_wconf 67' lang='lat' dir='ltr'><strong>quaeque</strong></span> <span class='ocrx_word' id='word_1_464' title='bbox 2189 1944 2245 1996; x_wconf 87' lang='lat' dir='ltr'><strong>in</strong></span> <span class='ocrx_word' id='word_1_465' title='bbox 2274 1944 2538 2000; x_wconf 89' lang='lat' dir='ltr'><strong>omnibus</strong></span> <span class='ocrx_word' id='word_1_466' title='bbox 2585 1946 2826 2016; x_wconf 90' lang='lat' dir='ltr'><strong>denique</strong></span> <span class='ocrx_word' id='word_1_467' title='bbox 2874 1951 3110 2006; x_wconf 80' lang='lat' dir='ltr'><strong>maxime</strong></span> <span class='ocrx_word' id='word_1_468' title='bbox 3140 1951 3382 2010; x_wconf 83' lang='lat' dir='ltr'><strong>deificat.</strong></span> <span class='ocrx_word' id='word_1_469' title='bbox 3421 1955 3514 2014; x_wconf 84' lang='lat' dir='ltr'><strong>Sic</strong></span> 
     </span>
    </p>
   </div>
   <div class='ocr_carea' id='block_1_66' title="bbox 1923 2032 3511 2112">
    <p class='ocr_par' dir='ltr' id='par_1_66' title="bbox 1923 2032 3511 2112">
     <span class='ocr_line' id='line_1_66' title="bbox 1923 2032 3511 2112; baseline 0.011 -27"><span class='ocrx_word' id='word_1_470' title='bbox 1923 2032 2094 2104; x_wconf 75' lang='lat' dir='ltr'><strong>igitur</strong></span> <span class='ocrx_word' id='word_1_471' title='bbox 2120 2035 2300 2089; x_wconf 89' lang='lat' dir='ltr'><strong>anima</strong></span> <span class='ocrx_word' id='word_1_472' title='bbox 2345 2044 2552 2092; x_wconf 87' lang='lat' dir='ltr'><strong>motata</strong></span> <span class='ocrx_word' id='word_1_473' title='bbox 2581 2038 2860 2107; x_wconf 86' lang='lat' dir='ltr'><strong>sapienter</strong></span> <span class='ocrx_word' id='word_1_474' title='bbox 2897 2049 2953 2096; x_wconf 90' lang='lat' dir='ltr'><strong>et</strong></span> <span class='ocrx_word' id='word_1_475' title='bbox 2995 2041 3164 2112; x_wconf 70' lang='lat' dir='ltr'><strong>agéns</strong></span> <span class='ocrx_word' id='word_1_476' title='bbox 3207 2048 3511 2103; x_wconf 83' lang='lat' dir='ltr'><strong>secundum</strong></span> 
     </span>
    </p>
   </div>
   <div class='ocr_carea' id='block_1_67' title="bbox 1922 2124 3512 2203">
    <p class='ocr_par' dir='ltr' id='par_1_67' title="bbox 1922 2124 3512 2203">
     <span class='ocr_line' id='line_1_67' title="bbox 1922 2124 3512 2203; baseline 0.011 -24"><span class='ocrx_word' id='word_1_477' title='bbox 1922 2124 2122 2181; x_wconf 64' lang='lat' dir='ltr'><strong>divina:</strong></span> <span class='ocrx_word' id='word_1_478' title='bbox 2188 2125 2548 2196; x_wconf 84' lang='lat' dir='ltr'><strong>perfectionis</strong></span> <span class='ocrx_word' id='word_1_479' title='bbox 2600 2130 2872 2186; x_wconf 86' lang='lat' dir='ltr'><strong>rationem</strong></span> <span class='ocrx_word' id='word_1_480' title='bbox 2927 2149 3036 2203; x_wconf 93' lang='lat' dir='ltr'><strong>qua</strong></span> <span class='ocrx_word' id='word_1_481' title='bbox 3081 2145 3138 2190; x_wconf 89' lang='lat' dir='ltr'><strong>et</strong></span> <span class='ocrx_word' id='word_1_482' title='bbox 3187 2138 3400 2194; x_wconf 84' lang='lat' dir='ltr'><strong>exsistit</strong></span> <span class='ocrx_word' id='word_1_483' title='bbox 3454 2149 3512 2196; x_wconf 86' lang='lat' dir='ltr'><strong>et</strong></span> 
     </span>
    </p>
   </div>
   <div class='ocr_carea' id='block_1_68' title="bbox 1922 2217 3513 2300">
    <p class='ocr_par' dir='ltr' id='par_1_68' title="bbox 1922 2217 3513 2300">
     <span class='ocr_line' id='line_1_68' title="bbox 1922 2217 3513 2300; baseline 0.009 -28"><span class='ocrx_word' id='word_1_484' title='bbox 1922 2217 2065 2272; x_wconf 90' lang='lat' dir='ltr'><strong>facta</strong></span> <span class='ocrx_word' id='word_1_485' title='bbox 2091 2225 2196 2283; x_wconf 90' lang='lat' dir='ltr'><strong>est,</strong></span> <span class='ocrx_word' id='word_1_486' title='bbox 2231 2219 2514 2274; x_wconf 89' lang='lat' dir='ltr'><strong>sensibilia</strong></span> <span class='ocrx_word' id='word_1_487' title='bbox 2553 2221 2774 2291; x_wconf 88' lang='lat' dir='ltr'><strong>quidem</strong></span> <span class='ocrx_word' id='word_1_488' title='bbox 2815 2224 3024 2283; x_wconf 85' lang='lat' dir='ltr'><strong>utiliter</strong></span> <span class='ocrx_word' id='word_1_489' title='bbox 3043 2241 3144 2294; x_wconf 90' lang='lat' dir='ltr'><strong>per</strong></span> <span class='ocrx_word' id='word_1_490' title='bbox 3171 2243 3366 2284; x_wconf 85' lang='lat' dir='ltr'><strong>sensus</strong></span> <span class='ocrx_word' id='word_1_491' title='bbox 3385 2246 3513 2300; x_wconf 84' lang='lat' dir='ltr'><strong>per-</strong></span> 
     </span>
    </p>
   </div>
   <div class='ocr_carea' id='block_1_69' title="bbox 1919 2309 3510 2393">
    <p class='ocr_par' dir='ltr' id='par_1_69' title="bbox 1919 2309 3510 2393">
     <span class='ocr_line' id='line_1_69' title="bbox 1919 2309 3510 2393; baseline 0.01 -31"><span class='ocrx_word' id='word_1_492' title='bbox 1919 2309 2076 2380; x_wconf 88' lang='lat' dir='ltr'><strong>cipit,</strong></span> <span class='ocrx_word' id='word_1_493' title='bbox 2114 2323 2418 2380; x_wconf 81' lang='lat' dir='ltr'><strong>earumque</strong></span> <span class='ocrx_word' id='word_1_494' title='bbox 2452 2313 2697 2368; x_wconf 86' lang='lat' dir='ltr'><strong>rationes</strong></span> <span class='ocrx_word' id='word_1_495' title='bbox 2727 2315 3036 2385; x_wconf 85' lang='lat' dir='ltr'><strong>spiritualis</strong></span> <span class='ocrx_word' id='word_1_496' title='bbox 3080 2318 3190 2374; x_wconf 88' lang='lat' dir='ltr'><strong>sibi</strong></span> <span class='ocrx_word' id='word_1_497' title='bbox 3235 2321 3510 2393; x_wconf 64' lang='lat' dir='ltr'><strong>adiungit,</strong></span> 
     </span>
    </p>
   </div>
   <div class='ocr_carea' id='block_1_70' title="bbox 1921 2399 3500 2481">
    <p class='ocr_par' dir='ltr' id='par_1_70' title="bbox 1921 2399 3500 2481">
     <span class='ocr_line' id='line_1_70' title="bbox 1921 2399 3500 2481; baseline 0.01 -28"><span class='ocrx_word' id='word_1_498' title='bbox 1921 2399 2074 2470; x_wconf 91' lang='lat' dir='ltr'><strong>ipsos</strong></span> <span class='ocrx_word' id='word_1_499' title='bbox 2097 2416 2228 2455; x_wconf 85' lang='lat' dir='ltr'><strong>vero</strong></span> <span class='ocrx_word' id='word_1_500' title='bbox 2255 2417 2470 2470; x_wconf 89' lang='lat' dir='ltr'><strong>sensus,</strong></span> <span class='ocrx_word' id='word_1_501' title='bbox 2503 2405 2734 2460; x_wconf 80' lang='lat' dir='ltr'><strong>rationis</strong></span> <span class='ocrx_word' id='word_1_502' title='bbox 2764 2407 3026 2464; x_wconf 81' lang='lat' dir='ltr'><strong>facultate</strong></span> <span class='ocrx_word' id='word_1_503' title='bbox 3043 2411 3156 2481; x_wconf 84' lang='lat' dir='ltr'><strong>jam</strong></span> <span class='ocrx_word' id='word_1_504' title='bbox 3182 2413 3500 2478; x_wconf 66' lang='lat' dir='ltr'><strong>aestimatos,</strong></span> 
     </span>
    </p>
   </div>
   <div class='ocr_carea' id='block_1_71' title="bbox 1922 2491 3506 2572">
    <p class='ocr_par' dir='ltr' id='par_1_71' title="bbox 1922 2491 3506 2572">
     <span class='ocr_line' id='line_1_71' title="bbox 1922 2491 3506 2572; baseline 0.011 -28"><span class='ocrx_word' id='word_1_505' title='bbox 1922 2499 2182 2560; x_wconf 86' lang='lat' dir='ltr'><strong>tanquam</strong></span> <span class='ocrx_word' id='word_1_506' title='bbox 2209 2491 2464 2548; x_wconf 86' lang='lat' dir='ltr'><strong>vehicula</strong></span> <span class='ocrx_word' id='word_1_507' title='bbox 2496 2495 2786 2550; x_wconf 86' lang='lat' dir='ltr'><strong>rationalia</strong></span> <span class='ocrx_word' id='word_1_508' title='bbox 2816 2513 3041 2554; x_wconf 89' lang='lat' dir='ltr'><strong>suarum</strong></span> <span class='ocrx_word' id='word_1_509' title='bbox 3073 2501 3251 2572; x_wconf 89' lang='lat' dir='ltr'><strong>ipsius</strong></span> <span class='ocrx_word' id='word_1_510' title='bbox 3275 2503 3506 2560; x_wconf 81' lang='lat' dir='ltr'><strong>faculta-</strong></span> 
     </span>
    </p>
   </div>
   <div class='ocr_carea' id='block_1_72' title="bbox 1920 2581 3509 2664">
    <p class='ocr_par' dir='ltr' id='par_1_72' title="bbox 1920 2581 3509 2664">
     <span class='ocr_line' id='line_1_72' title="bbox 1920 2581 3509 2664; baseline 0.01 -30"><span class='ocrx_word' id='word_1_511' title='bbox 1920 2587 2038 2635; x_wconf 90' lang='lat' dir='ltr'><strong>tum</strong></span> <span class='ocrx_word' id='word_1_512' title='bbox 2069 2581 2332 2650; x_wconf 89' lang='lat' dir='ltr'><strong>admittit,</strong></span> <span class='ocrx_word' id='word_1_513' title='bbox 2379 2583 2639 2656; x_wconf 82' lang='lat' dir='ltr'><strong>ipsasque</strong></span> <span class='ocrx_word' id='word_1_514' title='bbox 2667 2585 2963 2643; x_wconf 79' lang='lat' dir='ltr'><strong>facultates</strong></span> <span class='ocrx_word' id='word_1_515' title='bbox 2995 2590 3297 2648; x_wconf 78' lang='lat' dir='ltr'><strong>virtutibus</strong></span> <span class='ocrx_word' id='word_1_516' title='bbox 3337 2610 3509 2664; x_wconf 87' lang='lat' dir='ltr'><strong>seque</strong></span> 
     </span>
    </p>
   </div>
   <div class='ocr_carea' id='block_1_73' title="bbox 1921 2672 3510 2744">
    <p class='ocr_par' dir='ltr' id='par_1_73' title="bbox 1921 2672 3510 2744">
     <span class='ocr_line' id='line_1_73' title="bbox 1921 2672 3510 2744; baseline 0.008 -17"><span class='ocrx_word' id='word_1_517' title='bbox 1921 2672 2098 2742; x_wconf 88' lang='lat' dir='ltr'><strong>ipsam</strong></span> <span class='ocrx_word' id='word_1_518' title='bbox 2143 2689 2244 2744; x_wconf 90' lang='lat' dir='ltr'><strong>per</strong></span> <span class='ocrx_word' id='word_1_519' title='bbox 2277 2673 2513 2730; x_wconf 86' lang='lat' dir='ltr'><strong>virtutes</strong></span> <span class='ocrx_word' id='word_1_520' title='bbox 2555 2675 2927 2733; x_wconf 87' lang='lat' dir='ltr'><strong>divinioribus</strong></span> <span class='ocrx_word' id='word_1_521' title='bbox 2969 2694 3157 2734; x_wconf 88' lang='lat' dir='ltr'><strong>earum</strong></span> <span class='ocrx_word' id='word_1_522' title='bbox 3199 2683 3510 2740; x_wconf 87' lang='lat' dir='ltr'><strong>rationibus</strong></span> 
     </span>
    </p>
   </div>
   <div class='ocr_carea' id='block_1_74' title="bbox 1918 2763 3508 2842">
    <p class='ocr_par' dir='ltr' id='par_1_74' title="bbox 1918 2763 3508 2842">
     <span class='ocr_line' id='line_1_74' title="bbox 1918 2763 3508 2842; baseline 0.008 -25"><span class='ocrx_word' id='word_1_523' title='bbox 1918 2763 2188 2837; x_wconf 79' lang='lat' dir='ltr'><strong>adjnngit,</strong></span> <span class='ocrx_word' id='word_1_524' title='bbox 2223 2773 2282 2820; x_wconf 90' lang='lat' dir='ltr'><strong>et</strong></span> <span class='ocrx_word' id='word_1_525' title='bbox 2321 2765 2624 2821; x_wconf 82' lang='lat' dir='ltr'><strong>diviniores</strong></span> <span class='ocrx_word' id='word_1_526' title='bbox 2645 2767 2916 2821; x_wconf 88' lang='lat' dir='ltr'><strong>virtutum</strong></span> <span class='ocrx_word' id='word_1_527' title='bbox 2950 2769 3191 2827; x_wconf 87' lang='lat' dir='ltr'><strong>rationes</strong></span> <span class='ocrx_word' id='word_1_528' title='bbox 3234 2773 3508 2842; x_wconf 76' lang='lat' dir='ltr'><strong>spirituali</strong></span> 
     </span>
    </p>
   </div>
   <div class='ocr_carea' id='block_1_75' title="bbox 1919 2855 3506 2930">
    <p class='ocr_par' dir='ltr' id='par_1_75' title="bbox 1919 2855 3506 2930">
     <span class='ocr_line' id='line_1_75' title="bbox 1919 2855 3506 2930; baseline 0.008 -21"><span class='ocrx_word' id='word_1_529' title='bbox 1919 2856 2010 2925; x_wconf 93' lang='lat' dir='ltr'><strong>qui</strong></span> <span class='ocrx_word' id='word_1_530' title='bbox 2034 2856 2089 2910; x_wconf 90' lang='lat' dir='ltr'><strong>in</strong></span> <span class='ocrx_word' id='word_1_531' title='bbox 2109 2855 2192 2910; x_wconf 90' lang='lat' dir='ltr'><strong>eis</strong></span> <span class='ocrx_word' id='word_1_532' title='bbox 2215 2857 2435 2911; x_wconf 79' lang='lat' dir='ltr'><strong>occulto</strong></span> <span class='ocrx_word' id='word_1_533' title='bbox 2461 2857 2597 2912; x_wconf 90' lang='lat' dir='ltr'><strong>latet</strong></span> <span class='ocrx_word' id='word_1_534' title='bbox 2621 2857 2958 2926; x_wconf 87' lang='lat' dir='ltr'><strong>intellectui;</strong></span> <span class='ocrx_word' id='word_1_535' title='bbox 2991 2863 3298 2930; x_wconf 86' lang='lat' dir='ltr'><strong>spiritualis</strong></span> <span class='ocrx_word' id='word_1_536' title='bbox 3321 2873 3506 2922; x_wconf 83' lang='lat' dir='ltr'><strong>autem</strong></span> 
     </span>
    </p>
   </div>
   <div class='ocr_carea' id='block_1_76' title="bbox 1920 2941 3509 3009">
    <p class='ocr_par' dir='ltr' id='par_1_76' title="bbox 1920 2941 3509 3009">
     <span class='ocr_line' id='line_1_76' title="bbox 1920 2941 3509 3009; baseline 0.006 -9"><span class='ocrx_word' id='word_1_537' title='bbox 1920 2945 2230 3002; x_wconf 89' lang='lat' dir='ltr'><strong>intellectus</strong></span> <span class='ocrx_word' id='word_1_538' title='bbox 2257 2947 2596 3002; x_wconf 86' lang='lat' dir='ltr'><strong>diviniorum</strong></span> <span class='ocrx_word' id='word_1_539' title='bbox 2643 2947 2700 3002; x_wconf 91' lang='lat' dir='ltr'><strong>in</strong></span> <span class='ocrx_word' id='word_1_540' title='bbox 2731 2941 3034 3006; x_wconf 82' lang='lat' dir='ltr'><strong>virtutibus</strong></span> <span class='ocrx_word' id='word_1_541' title='bbox 3070 2953 3352 3007; x_wconf 79' lang='lat' dir='ltr'><strong>rationum</strong></span> <span class='ocrx_word' id='word_1_542' title='bbox 3387 2971 3509 3009; x_wconf 80' lang='lat' dir='ltr'><strong>om-</strong></span> 
     </span>
    </p>
   </div>
   <div class='ocr_carea' id='block_1_77' title="bbox 1918 3038 3506 3111">
    <p class='ocr_par' dir='ltr' id='par_1_77' title="bbox 1918 3038 3506 3111">
     <span class='ocr_line' id='line_1_77' title="bbox 1918 3038 3506 3111; baseline 0.005 -19"><span class='ocrx_word' id='word_1_543' title='bbox 1918 3052 2048 3092; x_wconf 90' lang='lat' dir='ltr'><strong>nem</strong></span> <span class='ocrx_word' id='word_1_544' title='bbox 2089 3038 2308 3106; x_wconf 75' lang='lat' dir='ltr'><strong>animae,</strong></span> <span class='ocrx_word' id='word_1_545' title='bbox 2340 3055 2506 3110; x_wconf 90' lang='lat' dir='ltr'><strong>quam</strong></span> <span class='ocrx_word' id='word_1_546' title='bbox 2553 3039 2722 3096; x_wconf 84' lang='lat' dir='ltr'><strong>habet</strong></span> <span class='ocrx_word' id='word_1_547' title='bbox 2754 3041 2822 3096; x_wconf 88' lang='lat' dir='ltr'><strong>ad</strong></span> <span class='ocrx_word' id='word_1_548' title='bbox 2855 3043 3152 3111; x_wconf 70' lang='lat' dir='ltr'><strong>praesentia</strong></span> <span class='ocrx_word' id='word_1_549' title='bbox 3199 3046 3506 3100; x_wconf 74' lang='lat' dir='ltr'><strong>naturalem</strong></span> 
     </span>
    </p>
   </div>
   <div class='ocr_carea' id='block_1_78' title="bbox 1919 3129 3509 3202">
    <p class='ocr_par' dir='ltr' id='par_1_78' title="bbox 1919 3129 3509 3202">
     <span class='ocr_line' id='line_1_78' title="bbox 1919 3129 3509 3202; baseline 0.005 -18"><span class='ocrx_word' id='word_1_550' title='bbox 1919 3129 2332 3200; x_wconf 78' lang='lat' dir='ltr'><strong>voluntatisque</strong></span> <span class='ocrx_word' id='word_1_551' title='bbox 2385 3129 2646 3186; x_wconf 71' lang='lat' dir='ltr'><strong>affectum</strong></span> <span class='ocrx_word' id='word_1_552' title='bbox 2693 3141 2750 3186; x_wconf 90' lang='lat' dir='ltr'><strong>et</strong></span> <span class='ocrx_word' id='word_1_553' title='bbox 2803 3132 3128 3188; x_wconf 89' lang='lat' dir='ltr'><strong>relationem</strong></span> <span class='ocrx_word' id='word_1_554' title='bbox 3181 3145 3509 3202; x_wconf 74' lang='lat' dir='ltr'><strong>removens,</strong></span> 
     </span>
    </p>
   </div>
   <div class='ocr_carea' id='block_1_79' title="bbox 1921 3221 3507 3295">
    <p class='ocr_par' dir='ltr' id='par_1_79' title="bbox 1921 3221 3507 3295">
     <span class='ocr_line' id='line_1_79' title="bbox 1921 3221 3507 3295; baseline 0.003 -18"><span class='ocrx_word' id='word_1_555' title='bbox 1921 3221 2230 3290; x_wconf 84' lang='lat' dir='ltr'><strong>simplicem</strong></span> <span class='ocrx_word' id='word_1_556' title='bbox 2265 3228 2436 3276; x_wconf 86' lang='lat' dir='ltr'><strong>totam</strong></span> <span class='ocrx_word' id='word_1_557' title='bbox 2483 3223 2582 3278; x_wconf 85' lang='lat' dir='ltr'><strong>toti</strong></span> <span class='ocrx_word' id='word_1_558' title='bbox 2631 3223 2800 3278; x_wconf 83' lang='lat' dir='ltr'><strong>tradit</strong></span> <span class='ocrx_word' id='word_1_559' title='bbox 2831 3225 2963 3290; x_wconf 90' lang='lat' dir='ltr'><strong>Deo,</strong></span> <span class='ocrx_word' id='word_1_560' title='bbox 2999 3233 3164 3295; x_wconf 90' lang='lat' dir='ltr'><strong>atque</strong></span> <span class='ocrx_word' id='word_1_561' title='bbox 3208 3225 3354 3281; x_wconf 87' lang='lat' dir='ltr'><strong>Deus</strong></span> <span class='ocrx_word' id='word_1_562' title='bbox 3385 3241 3507 3281; x_wconf 82' lang='lat' dir='ltr'><strong>eam</strong></span> 
     </span>
    </p>
   </div>
   <div class='ocr_carea' id='block_1_80' title="bbox 1917 3320 3508 3386">
    <p class='ocr_par' dir='ltr' id='par_1_80' title="bbox 1917 3320 3508 3386">
     <span class='ocr_line' id='line_1_80' title="bbox 1917 3320 3508 3386; baseline 0.003 -18"><span class='ocrx_word' id='word_1_563' title='bbox 1917 3328 1986 3369; x_wconf 79' lang='lat' dir='ltr'><strong>ex</strong></span> <span class='ocrx_word' id='word_1_564' title='bbox 2022 3320 2141 3368; x_wconf 86' lang='lat' dir='ltr'><strong>toto</strong></span> <span class='ocrx_word' id='word_1_565' title='bbox 2179 3329 2287 3368; x_wconf 89' lang='lat' dir='ltr'><strong>una</strong></span> <span class='ocrx_word' id='word_1_566' title='bbox 2321 3329 2446 3370; x_wconf 91' lang='lat' dir='ltr'><strong>cum</strong></span> <span class='ocrx_word' id='word_1_567' title='bbox 2475 3329 2710 3384; x_wconf 89' lang='lat' dir='ltr'><strong>corpore</strong></span> <span class='ocrx_word' id='word_1_568' title='bbox 2742 3331 2980 3386; x_wconf 91' lang='lat' dir='ltr'><strong>quocum</strong></span> <span class='ocrx_word' id='word_1_569' title='bbox 3017 3326 3246 3386; x_wconf 81' lang='lat' dir='ltr'><strong>cognata</strong></span> <span class='ocrx_word' id='word_1_570' title='bbox 3276 3328 3363 3372; x_wconf 90' lang='lat' dir='ltr'><strong>est</strong></span> <span class='ocrx_word' id='word_1_571' title='bbox 3387 3333 3508 3372; x_wconf 81' lang='lat' dir='ltr'><strong>am-</strong></span> 
     </span>
    </p>
   </div>
   <div class='ocr_carea' id='block_1_81' title="bbox 1918 3404 3504 3478">
    <p class='ocr_par' dir='ltr' id='par_1_81' title="bbox 1918 3404 3504 3478">
     <span class='ocr_line' id='line_1_81' title="bbox 1918 3404 3504 3478; baseline 0.004 -20"><span class='ocrx_word' id='word_1_572' title='bbox 1918 3404 2134 3476; x_wconf 75' lang='lat' dir='ltr'><strong>plexus,</strong></span> <span class='ocrx_word' id='word_1_573' title='bbox 2168 3408 2565 3461; x_wconf 86' lang='lat' dir='ltr'><strong>convenienter</strong></span> <span class='ocrx_word' id='word_1_574' title='bbox 2591 3417 2890 3478; x_wconf 89' lang='lat' dir='ltr'><strong>utrumque</strong></span> <span class='ocrx_word' id='word_1_575' title='bbox 2934 3408 3041 3464; x_wconf 90' lang='lat' dir='ltr'><strong>sibi</strong></span> <span class='ocrx_word' id='word_1_576' title='bbox 3071 3409 3177 3478; x_wconf 86' lang='lat' dir='ltr'><strong>ipsi</strong></span> <span class='ocrx_word' id='word_1_577' title='bbox 3218 3410 3504 3477; x_wconf 87' lang='lat' dir='ltr'><strong>assimilat,</strong></span> 
     </span>
    </p>
   </div>
   <div class='ocr_carea' id='block_1_82' title="bbox 1917 3492 3507 3587">
    <p class='ocr_par' dir='ltr' id='par_1_82' title="bbox 1917 3492 3507 3587">
     <span class='ocr_line' id='line_1_82' title="bbox 1917 3492 3507 3587; baseline 0.005 -39"><span class='ocrx_word' id='word_1_578' title='bbox 1917 3492 2057 3548; x_wconf 88' lang='lat' dir='ltr'><strong>adeo</strong></span> <span class='ocrx_word' id='word_1_579' title='bbox 2091 3503 2292 3587; x_wconf 46' lang='lat' dir='ltr'><strong>ut‘per</strong></span> <span class='ocrx_word' id='word_1_580' title='bbox 2339 3495 2517 3564; x_wconf 88' lang='lat' dir='ltr'><strong>ipsam</strong></span> <span class='ocrx_word' id='word_1_581' title='bbox 2569 3503 2738 3549; x_wconf 91' lang='lat' dir='ltr'><strong>totam</strong></span> <span class='ocrx_word' id='word_1_582' title='bbox 2781 3497 2946 3576; x_wconf 84' lang='lat' dir='ltr'><strong>plane</strong></span> <span class='ocrx_word' id='word_1_583' title='bbox 2993 3498 3507 3570; x_wconf 88' lang='lat' dir='ltr'><strong>incircumscriptus</strong></span> 
     </span>
    </p>
   </div>
   <div class='ocr_carea' id='block_1_83' title="bbox 1901 3587 3504 3657">
    <p class='ocr_par' dir='ltr' id='par_1_83' title="bbox 1901 3587 3504 3657">
     <span class='ocr_line' id='line_1_83' title="bbox 1901 3587 3504 3657; baseline 0.005 -18"><span class='ocrx_word' id='word_1_584' title='bbox 1901 3594 2186 3656; x_wconf 82' lang='lat' dir='ltr'><strong>apparere</strong></span> <span class='ocrx_word' id='word_1_585' title='bbox 2213 3593 2270 3641; x_wconf 89' lang='lat' dir='ltr'><strong>et</strong></span> <span class='ocrx_word' id='word_1_586' title='bbox 2301 3593 2454 3641; x_wconf 90' lang='lat' dir='ltr'><strong>totus</strong></span> <span class='ocrx_word' id='word_1_587' title='bbox 2485 3587 2683 3656; x_wconf 89' lang='lat' dir='ltr'><strong>possit,</strong></span> <span class='ocrx_word' id='word_1_588' title='bbox 2718 3589 2811 3657; x_wconf 92' lang='lat' dir='ltr'><strong>qui</strong></span> <span class='ocrx_word' id='word_1_589' title='bbox 2855 3605 2919 3644; x_wconf 90' lang='lat' dir='ltr'><strong>ea</strong></span> <span class='ocrx_word' id='word_1_590' title='bbox 2961 3599 3162 3644; x_wconf 89' lang='lat' dir='ltr'><strong>natura</strong></span> <span class='ocrx_word' id='word_1_591' title='bbox 3200 3601 3286 3646; x_wconf 88' lang='lat' dir='ltr'><strong>est</strong></span> <span class='ocrx_word' id='word_1_592' title='bbox 3315 3601 3376 3646; x_wconf 92' lang='lat' dir='ltr'><strong>ut</strong></span> <span class='ocrx_word' id='word_1_593' title='bbox 3403 3607 3504 3647; x_wconf 90' lang='lat' dir='ltr'><strong>eo-</strong></span> 
     </span>
    </p>
   </div>
   <div class='ocr_carea' id='block_1_84' title="bbox 1920 3676 3506 3753">
    <p class='ocr_par' dir='ltr' id='par_1_84' title="bbox 1920 3676 3506 3753">
     <span class='ocr_line' id='line_1_84' title="bbox 1920 3676 3506 3753; baseline 0.005 -23"><span class='ocrx_word' id='word_1_594' title='bbox 1920 3691 2043 3730; x_wconf 87' lang='lat' dir='ltr'><strong>rum</strong></span> <span class='ocrx_word' id='word_1_595' title='bbox 2071 3677 2168 3746; x_wconf 89' lang='lat' dir='ltr'><strong>qui</strong></span> <span class='ocrx_word' id='word_1_596' title='bbox 2213 3685 2342 3732; x_wconf 89' lang='lat' dir='ltr'><strong>sunt</strong></span> <span class='ocrx_word' id='word_1_597' title='bbox 2371 3676 2468 3731; x_wconf 92' lang='lat' dir='ltr'><strong>ulli</strong></span> <span class='ocrx_word' id='word_1_598' title='bbox 2503 3676 2616 3732; x_wconf 87' lang='lat' dir='ltr'><strong>ullo</strong></span> <span class='ocrx_word' id='word_1_599' title='bbox 2645 3676 2808 3731; x_wconf 90' lang='lat' dir='ltr'><strong>modo</strong></span> <span class='ocrx_word' id='word_1_600' title='bbox 2843 3677 2912 3733; x_wconf 88' lang='lat' dir='ltr'><strong>de</strong></span> <span class='ocrx_word' id='word_1_601' title='bbox 2938 3694 2995 3733; x_wconf 88' lang='lat' dir='ltr'><strong>se</strong></span> <span class='ocrx_word' id='word_1_602' title='bbox 3028 3679 3148 3750; x_wconf 88' lang='lat' dir='ltr'><strong>ipso</strong></span> <span class='ocrx_word' id='word_1_603' title='bbox 3180 3696 3290 3736; x_wconf 89' lang='lat' dir='ltr'><strong>non</strong></span> <span class='ocrx_word' id='word_1_604' title='bbox 3333 3697 3506 3753; x_wconf 87' lang='lat' dir='ltr'><strong>appa—</strong></span> 
     </span>
    </p>
   </div>
   <div class='ocr_carea' id='block_1_85' title="bbox 1918 3767 3504 3840">
    <p class='ocr_par' dir='ltr' id='par_1_85' title="bbox 1918 3767 3504 3840">
     <span class='ocr_line' id='line_1_85' title="bbox 1918 3767 3504 3840; baseline 0.005 -18"><span class='ocrx_word' id='word_1_605' title='bbox 1918 3777 2055 3822; x_wconf 91' lang='lat' dir='ltr'><strong>reat.</strong></span> <span class='ocrx_word' id='word_1_606' title='bbox 2103 3769 2282 3838; x_wconf 86' lang='lat' dir='ltr'><strong>Atque</strong></span> <span class='ocrx_word' id='word_1_607' title='bbox 2327 3767 2435 3824; x_wconf 89' lang='lat' dir='ltr'><strong>hoc</strong></span> <span class='ocrx_word' id='word_1_608' title='bbox 2477 3778 2562 3824; x_wconf 89' lang='lat' dir='ltr'><strong>est</strong></span> <span class='ocrx_word' id='word_1_609' title='bbox 2607 3768 2844 3824; x_wconf 89' lang='lat' dir='ltr'><strong>fortasse</strong></span> <span class='ocrx_word' id='word_1_610' title='bbox 2885 3771 3032 3840; x_wconf 84' lang='lat' dir='ltr'><strong>quod</strong></span> <span class='ocrx_word' id='word_1_611' title='bbox 3070 3772 3267 3828; x_wconf 83' lang='lat' dir='ltr'><strong>beatus</strong></span> <span class='ocrx_word' id='word_1_612' title='bbox 3311 3773 3402 3829; x_wconf 91' lang='lat' dir='ltr'><strong>hic</strong></span> <span class='ocrx_word' id='word_1_613' title='bbox 3447 3783 3504 3830; x_wconf 86' lang='lat' dir='ltr'><strong>ct</strong></span> 
     </span>
    </p>
   </div>
   <div class='ocr_carea' id='block_1_86' title="bbox 1917 3861 3502 3940">
    <p class='ocr_par' dir='ltr' id='par_1_86' title="bbox 1917 3861 3502 3940">
     <span class='ocr_line' id='line_1_86' title="bbox 1917 3861 3502 3940; baseline 0.006 -26"><span class='ocrx_word' id='word_1_614' title='bbox 1917 3875 2149 3932; x_wconf 78' lang='lat' dir='ltr'><strong>magnus</strong></span> <span class='ocrx_word' id='word_1_615' title='bbox 2191 3861 2386 3916; x_wconf 88' lang='lat' dir='ltr'><strong>doctor</strong></span> <span class='ocrx_word' id='word_1_616' title='bbox 2428 3861 2484 3915; x_wconf 91' lang='lat' dir='ltr'><strong>in</strong></span> <span class='ocrx_word' id='word_1_617' title='bbox 2528 3861 2715 3916; x_wconf 90' lang='lat' dir='ltr'><strong>animo</strong></span> <span class='ocrx_word' id='word_1_618' title='bbox 2761 3863 2970 3918; x_wconf 84' lang='lat' dir='ltr'><strong>habens</strong></span> <span class='ocrx_word' id='word_1_619' title='bbox 3019 3865 3076 3918; x_wconf 89' lang='lat' dir='ltr'><strong>in</strong></span> <span class='ocrx_word' id='word_1_620' title='bbox 3109 3865 3402 3940; x_wconf 79' lang='lat' dir='ltr'><strong>Epitapbio</strong></span> <span class='ocrx_word' id='word_1_621' title='bbox 3443 3867 3502 3923; x_wconf 85' lang='lat' dir='ltr'><strong>in</strong></span> 
     </span>
    </p>
   </div>
   <div class='ocr_carea' id='block_1_87' title="bbox 1915 3949 3494 4024">
    <p class='ocr_par' dir='ltr' id='par_1_87' title="bbox 1915 3949 3494 4024">
     <span class='ocr_line' id='line_1_87' title="bbox 1915 3949 3494 4024; baseline 0.003 -18"><span class='ocrx_word' id='word_1_622' title='bbox 1915 3949 2214 4006; x_wconf 80' lang='lat' dir='ltr'><strong>Caesarium</strong></span> <span class='ocrx_word' id='word_1_623' title='bbox 2237 3949 2465 4006; x_wconf 87' lang='lat' dir='ltr'><strong>fratrem</strong></span> <span class='ocrx_word' id='word_1_624' title='bbox 2485 3951 2706 4007; x_wconf 90' lang='lat' dir='ltr'><strong>dicebat</strong></span> <span class='ocrx_word' id='word_1_625' title='bbox 2731 3970 2745 4006; x_wconf 90' lang='lat'><strong>:</strong></span> <span class='ocrx_word' id='word_1_626' title='bbox 2773 3971 2791 4004; x_wconf 80' lang='grc' dir='ltr'><strong>ι</strong></span> <span class='ocrx_word' id='word_1_627' title='bbox 2816 3952 2948 4008; x_wconf 89' lang='lat' dir='ltr'><strong>Post</strong></span> <span class='ocrx_word' id='word_1_628' title='bbox 2964 3954 3130 4008; x_wconf 89' lang='lat' dir='ltr'><strong>etiam</strong></span> <span class='ocrx_word' id='word_1_629' title='bbox 3147 3955 3450 4024; x_wconf 88' lang='lat' dir='ltr'><strong>aliquanto.</strong></span> <span class='ocrx_word' id='word_1_630' title='bbox 3475 3974 3494 3998; x_wconf 73' lang='grc' dir='ltr'><strong>ι</strong></span> 
     </span>
    </p>
   </div>
   <div class='ocr_carea' id='block_1_88' title="bbox 1917 4029 3498 4116">
    <p class='ocr_par' dir='ltr' id='par_1_88' title="bbox 1917 4029 3498 4116">
     <span class='ocr_line' id='line_1_88' title="bbox 1917 4029 3498 4116; baseline 0.003 -20"><span class='ocrx_word' id='word_1_631' title='bbox 1917 4029 1974 4096; x_wconf 86' lang='lat' dir='ltr'><strong>id</strong></span> <span class='ocrx_word' id='word_1_632' title='bbox 2015 4051 2102 4098; x_wconf 90' lang='lat' dir='ltr'><strong>est</strong></span> <span class='ocrx_word' id='word_1_633' title='bbox 2129 4050 2254 4112; x_wconf 91' lang='lat' dir='ltr'><strong>post</strong></span> <span class='ocrx_word' id='word_1_634' title='bbox 2283 4045 2774 4112; x_wconf 88' lang='lat' dir='ltr'><strong>resurrectionem,</strong></span> <span class='ocrx_word' id='word_1_635' title='bbox 2813 4063 2834 4096; x_wconf 78' lang='grc' dir='ltr'><strong>ι</strong></span> <span class='ocrx_word' id='word_1_636' title='bbox 2870 4060 2996 4099; x_wconf 89' lang='lat' dir='ltr'><strong>cum</strong></span> <span class='ocrx_word' id='word_1_637' title='bbox 3043 4053 3330 4116; x_wconf 77' lang='lat' dir='ltr'><strong>cognatam</strong></span> <span class='ocrx_word' id='word_1_638' title='bbox 3376 4061 3498 4101; x_wconf 83' lang='lat' dir='ltr'><strong>car-</strong></span> 
     </span>
    </p>
   </div>
   <div class='ocr_carea' id='block_1_89' title="bbox 1917 4131 3504 4209">
    <p class='ocr_par' dir='ltr' id='par_1_89' title="bbox 1917 4131 3504 4209">
     <span class='ocr_line' id='line_1_89' title="bbox 1917 4131 3504 4209; baseline 0.001 -17"><span class='ocrx_word' id='word_1_639' title='bbox 1917 4151 2044 4192; x_wconf 90' lang='lat' dir='ltr'><strong>nem</strong></span> <span class='ocrx_word' id='word_1_640' title='bbox 2071 4137 2162 4209; x_wconf 93' lang='lat' dir='ltr'><strong>(de</strong></span> <span class='ocrx_word' id='word_1_641' title='bbox 2202 4135 2386 4192; x_wconf 89' lang='lat' dir='ltr'><strong>anima</strong></span> <span class='ocrx_word' id='word_1_642' title='bbox 2419 4137 2678 4192; x_wconf 87' lang='lat' dir='ltr'><strong>videlicet</strong></span> <span class='ocrx_word' id='word_1_643' title='bbox 2699 4131 2986 4207; x_wconf 86' lang='lat' dir='ltr'><strong>loquens),</strong></span> <span class='ocrx_word' id='word_1_644' title='bbox 3031 4151 3194 4205; x_wconf 83' lang='lat' dir='ltr'><strong>quam</strong></span> <span class='ocrx_word' id='word_1_645' title='bbox 3237 4151 3361 4190; x_wconf 91' lang='lat' dir='ltr'><strong>cum</strong></span> <span class='ocrx_word' id='word_1_646' title='bbox 3411 4137 3504 4194; x_wconf 86' lang='lat' dir='ltr'><strong>hic</strong></span> 
     </span>
    </p>
   </div>
   <div class='ocr_carea' id='block_1_90' title="bbox 1916 4225 3502 4297">
    <p class='ocr_par' dir='ltr' id='par_1_90' title="bbox 1916 4225 3502 4297">
     <span class='ocr_line' id='line_1_90' title="bbox 1916 4225 3502 4297; baseline 0.001 -19"><span class='ocrx_word' id='word_1_647' title='bbox 1916 4225 2426 4297; x_wconf 86' lang='lat' dir='ltr'><strong>philosopharetur,</strong></span> <span class='ocrx_word' id='word_1_648' title='bbox 2458 4227 2662 4282; x_wconf 90' lang='lat' dir='ltr'><strong>sociam</strong></span> <span class='ocrx_word' id='word_1_649' title='bbox 2692 4225 2908 4291; x_wconf 87' lang='lat' dir='ltr'><strong>habuit,</strong></span> <span class='ocrx_word' id='word_1_650' title='bbox 2933 4241 2965 4280; x_wconf 87' lang='lat' dir='ltr'><strong>a</strong></span> <span class='ocrx_word' id='word_1_651' title='bbox 2989 4235 3157 4290; x_wconf 90' lang='lat' dir='ltr'><strong>terra,</strong></span> <span class='ocrx_word' id='word_1_652' title='bbox 3185 4242 3306 4296; x_wconf 78' lang='lat' dir='ltr'><strong>quae</strong></span> <span class='ocrx_word' id='word_1_653' title='bbox 3328 4235 3384 4280; x_wconf 93' lang='lat' dir='ltr'><strong>et</strong></span> <span class='ocrx_word' id='word_1_654' title='bbox 3405 4225 3502 4280; x_wconf 88' lang='lat' dir='ltr'><strong>de-</strong></span> 
     </span>
    </p>
   </div>
   <div class='ocr_carea' id='block_1_91' title="bbox 1919 4307 3502 4393">
    <p class='ocr_par' dir='ltr' id='par_1_91' title="bbox 1919 4307 3502 4393">
     <span class='ocr_line' id='line_1_91' title="bbox 1919 4307 3502 4393; baseline -0.001 -19"><span class='ocrx_word' id='word_1_655' title='bbox 1919 4317 2078 4374; x_wconf 89' lang='lat' dir='ltr'><strong>derat</strong></span> <span class='ocrx_word' id='word_1_656' title='bbox 2106 4328 2162 4372; x_wconf 91' lang='lat' dir='ltr'><strong>et</strong></span> <span class='ocrx_word' id='word_1_657' title='bbox 2183 4317 2240 4372; x_wconf 89' lang='lat' dir='ltr'><strong>in</strong></span> <span class='ocrx_word' id='word_1_658' title='bbox 2263 4307 2428 4372; x_wconf 83' lang='lat' dir='ltr'><strong>ﬁdem</strong></span> <span class='ocrx_word' id='word_1_659' title='bbox 2457 4329 2766 4387; x_wconf 87' lang='lat' dir='ltr'><strong>acceperat,</strong></span> <span class='ocrx_word' id='word_1_660' title='bbox 2796 4317 3009 4386; x_wconf 89' lang='lat' dir='ltr'><strong>recepit</strong></span> <span class='ocrx_word' id='word_1_661' title='bbox 3033 4317 3200 4388; x_wconf 89' lang='lat' dir='ltr'><strong>(quod</strong></span> <span class='ocrx_word' id='word_1_662' title='bbox 3225 4319 3502 4393; x_wconf 72' lang='lat' dir='ltr'><strong>quomodo</strong></span> 
     </span>
    </p>
   </div>
   <div class='ocr_carea' id='block_1_92' title="bbox 238 4407 1820 4486">
    <p class='ocr_par' dir='ltr' id='par_1_92' title="bbox 238 4407 1814 4486">
     <span class='ocr_line' id='line_1_92' title="bbox 238 4407 1814 4486; baseline -0.005 -17"><span class='ocrx_word' id='word_1_663' title='bbox 238 4415 454 4486; x_wconf 73' lang='grc' dir='ltr'>ἔχοντα.</span> <span class='ocrx_word' id='word_1_664' title='bbox 478 4414 588 4468; x_wconf 79' lang='grc' dir='ltr'><strong>Καὶ</strong></span> <span class='ocrx_word' id='word_1_665' title='bbox 615 4412 773 4467; x_wconf 85' lang='grc' dir='ltr'>τοῦτο</span> <span class='ocrx_word' id='word_1_666' title='bbox 803 4411 965 4482; x_wconf 83' lang='grc' dir='ltr'>τυχόν</span> <span class='ocrx_word' id='word_1_667' title='bbox 988 4413 1138 4465; x_wconf 79' lang='grc' dir='ltr'>ἐστιν</span> <span class='ocrx_word' id='word_1_668' title='bbox 1169 4411 1304 4480; x_wconf 84' lang='grc' dir='ltr'>ὅπερ</span> <span class='ocrx_word' id='word_1_669' title='bbox 1333 4409 1532 4480; x_wconf 85' lang='grc' dir='ltr'>νοήσας</span> <span class='ocrx_word' id='word_1_670' title='bbox 1569 4410 1598 4462; x_wconf 87' lang='grc' dir='ltr'>ὁ</span> <span class='ocrx_word' id='word_1_671' title='bbox 1633 4407 1814 4479; x_wconf 83' lang='grc' dir='ltr'>μακά-</span> 
     </span>
    </p>
   </div>
   <div class='ocr_carea' id='block_1_93' title="bbox 1921 4407 3500 4486">
    <p class='ocr_par' dir='ltr' id='par_1_93' title="bbox 1921 4407 3500 4479">
     <span class='ocr_line' id='line_1_93' title="bbox 1921 4407 3500 4479; baseline -0.001 -15"><span class='ocrx_word' id='word_1_672' title='bbox 1921 4409 2014 4464; x_wconf 79' lang='lat' dir='ltr'><strong>ﬁet</strong></span> <span class='ocrx_word' id='word_1_673' title='bbox 2061 4409 2208 4464; x_wconf 87' lang='lat' dir='ltr'><strong>Deus</strong></span> <span class='ocrx_word' id='word_1_674' title='bbox 2251 4408 2427 4478; x_wconf 78' lang='lat' dir='ltr'><strong>novit,</strong></span> <span class='ocrx_word' id='word_1_675' title='bbox 2477 4407 2570 4478; x_wconf 92' lang='lat' dir='ltr'><strong>qui</strong></span> <span class='ocrx_word' id='word_1_676' title='bbox 2605 4423 2668 4462; x_wconf 87' lang='lat' dir='ltr'><strong>ea</strong></span> <span class='ocrx_word' id='word_1_677' title='bbox 2717 4408 2862 4462; x_wconf 92' lang='lat' dir='ltr'><strong>inter</strong></span> <span class='ocrx_word' id='word_1_678' title='bbox 2903 4423 2962 4462; x_wconf 86' lang='lat' dir='ltr'><strong>se</strong></span> <span class='ocrx_word' id='word_1_679' title='bbox 3009 4408 3290 4477; x_wconf 70' lang='lat' dir='ltr'><strong>conjunxit</strong></span> <span class='ocrx_word' id='word_1_680' title='bbox 3336 4418 3500 4479; x_wconf 89' lang='lat' dir='ltr'><strong>atque</strong></span> 
     </span>
    </p>
   </div>
   <div class='ocr_carea' id='block_1_94' title="bbox 241 4495 1816 4580">
    <p class='ocr_par' dir='ltr' id='par_1_94' title="bbox 241 4495 1816 4580">
     <span class='ocr_line' id='line_1_94' title="bbox 241 4495 1816 4580; baseline -0.004 -20"><span class='ocrx_word' id='word_1_681' title='bbox 241 4523 359 4580; x_wconf 86' lang='grc' dir='ltr'>ριος</span> <span class='ocrx_word' id='word_1_682' title='bbox 387 4499 540 4568; x_wconf 71' lang='grc' dir='ltr'>οὗτος</span> <span class='ocrx_word' id='word_1_683' title='bbox 569 4505 661 4558; x_wconf 71' lang='grc' dir='ltr'>καὶ</span> <span class='ocrx_word' id='word_1_684' title='bbox 693 4505 866 4580; x_wconf 78' lang='grc' dir='ltr'>μέγας</span> <span class='ocrx_word' id='word_1_685' title='bbox 883 4495 1202 4580; x_wconf 74' lang='grc' dir='ltr'>διδάσκαλος</span> <span class='ocrx_word' id='word_1_686' title='bbox 1224 4503 1282 4554; x_wconf 79' lang='grc' dir='ltr'>ὲν</span> <span class='ocrx_word' id='word_1_687' title='bbox 1301 4500 1382 4571; x_wconf 79' lang='grc' dir='ltr'>τῷ</span> <span class='ocrx_word' id='word_1_688' title='bbox 1405 4501 1485 4564; x_wconf 85' lang='grc' dir='ltr'><strong>είς</strong></span> <span class='ocrx_word' id='word_1_689' title='bbox 1515 4500 1816 4570; x_wconf 85' lang='grc' dir='ltr'>Καισάριον</span> 
     </span>
    </p>
   </div>
   <div class='ocr_carea' id='block_1_95' title="bbox 239 4577 1816 4668">
    <p class='ocr_par' dir='ltr' id='par_1_95' title="bbox 239 4577 1816 4668">
     <span class='ocr_line' id='line_1_95' title="bbox 239 4577 1816 4668; baseline -0.004 -16"><span class='ocrx_word' id='word_1_690' title='bbox 239 4577 332 4653; x_wconf 78' lang='grc' dir='ltr'>τὸν</span> <span class='ocrx_word' id='word_1_691' title='bbox 367 4597 594 4666; x_wconf 80' lang='grc' dir='ltr'>ἀδελφὸν</span> <span class='ocrx_word' id='word_1_692' title='bbox 635 4577 1329 4668; x_wconf 52' lang='grc' dir='ltr'>Ἐπιταφίῳόναστάσεως</span> <span class='ocrx_word' id='word_1_693' title='bbox 1359 4592 1487 4664; x_wconf 77' lang='grc' dir='ltr'>ἔφη,</span> <span class='ocrx_word' id='word_1_694' title='bbox 1530 4611 1549 4646; x_wconf 78' lang='grc' dir='ltr'><strong>ι</strong></span> <span class='ocrx_word' id='word_1_695' title='bbox 1601 4593 1816 4659; x_wconf 76' lang='grc' dir='ltr'>Μικρὸν</span> 
     </span>
    </p>
   </div>
   <div class='ocr_carea' id='block_1_96' title="bbox 239 4684 1814 4762">
    <p class='ocr_par' dir='ltr' id='par_1_96' title="bbox 239 4684 1814 4762">
     <span class='ocr_line' id='line_1_96' title="bbox 239 4684 1814 4762; baseline -0.005 -18"><span class='ocrx_word' id='word_1_696' title='bbox 239 4690 299 4744; x_wconf 85' lang='grc' dir='ltr'>δὲ</span> <span class='ocrx_word' id='word_1_697' title='bbox 335 4689 564 4762; x_wconf 77' lang='grc' dir='ltr'>ὕστερον</span> <span class='ocrx_word' id='word_1_698' title='bbox 613 4685 710 4742; x_wconf 66' lang='grc' dir='ltr'>καὶ</span> <span class='ocrx_word' id='word_1_699' title='bbox 748 4687 810 4741; x_wconf 86' lang='grc' dir='ltr'>τὸ</span> <span class='ocrx_word' id='word_1_700' title='bbox 867 4687 1130 4755; x_wconf 82' lang='grc' dir='ltr'>συγγενὲς</span> <span class='ocrx_word' id='word_1_701' title='bbox 1177 4684 1402 4756; x_wconf 84' lang='grc' dir='ltr'>σαρκίον</span> <span class='ocrx_word' id='word_1_702' title='bbox 1458 4684 1814 4738; x_wconf 79' lang='grc' dir='ltr'>ἀπολαϐοῦσα</span> 
     </span>
    </p>
   </div>
   <div class='ocr_carea' id='block_1_97' title="bbox 243 4769 1817 4858">
    <p class='ocr_par' dir='ltr' id='par_1_97' title="bbox 243 4769 1817 4858">
     <span class='ocr_line' id='line_1_97' title="bbox 243 4769 1817 4858; baseline -0.004 -24"><span class='ocrx_word' id='word_1_703' title='bbox 243 4782 399 4854; x_wconf 73' lang='grc' dir='ltr'>(περὶ</span> <span class='ocrx_word' id='word_1_704' title='bbox 440 4783 542 4850; x_wconf 83' lang='grc' dir='ltr'>τῆς</span> <span class='ocrx_word' id='word_1_705' title='bbox 594 4780 774 4850; x_wconf 72' lang='grc' dir='ltr'>,ψυχῆς</span> <span class='ocrx_word' id='word_1_706' title='bbox 829 4777 1071 4850; x_wconf 88' lang='grc' dir='ltr'>δηλονότι</span> <span class='ocrx_word' id='word_1_707' title='bbox 1119 4769 1554 4857; x_wconf 30' lang='grc' dir='ltr'>φάσκων)ᾧ,τὰ</span> <span class='ocrx_word' id='word_1_708' title='bbox 1603 4776 1817 4858; x_wconf 66' lang='grc' dir='ltr'>ἐκεῖθεν</span> 
     </span>
    </p>
   </div>
   <div class='ocr_carea' id='block_1_98' title="bbox 243 4868 1812 4941">
    <p class='ocr_par' dir='ltr' id='par_1_98' title="bbox 243 4868 1812 4941">
     <span class='ocr_line' id='line_1_98' title="bbox 243 4868 1812 4941; baseline -0.001 -17"><span class='ocrx_word' id='word_1_709' title='bbox 243 4872 724 4941; x_wconf 67' lang='grc' dir='ltr'>συνεφιλοσόφησε,</span> <span class='ocrx_word' id='word_1_710' title='bbox 753 4871 906 4940; x_wconf 83' lang='grc' dir='ltr'>παρὰ</span> <span class='ocrx_word' id='word_1_711' title='bbox 933 4869 1034 4937; x_wconf 78' lang='grc' dir='ltr'>τῆς</span> <span class='ocrx_word' id='word_1_712' title='bbox 1069 4871 1180 4938; x_wconf 23' lang='grc' dir='ltr'>,καὶ</span> <span class='ocrx_word' id='word_1_713' title='bbox 1206 4868 1404 4940; x_wconf 89' lang='grc' dir='ltr'>δούσης</span> <span class='ocrx_word' id='word_1_714' title='bbox 1435 4869 1531 4922; x_wconf 80' lang='grc' dir='ltr'>καὶ</span> <span class='ocrx_word' id='word_1_715' title='bbox 1583 4885 1812 4922; x_wconf 83' lang='grc' dir='ltr'>πιστευ-</span> 
     </span>
    </p>
   </div>
   <div class='ocr_carea' id='block_1_99' title="bbox 243 4955 1818 5034">
    <p class='ocr_par' dir='ltr' id='par_1_99' title="bbox 243 4955 1818 5034">
     <span class='ocr_line' id='line_1_99' title="bbox 243 4955 1818 5034; baseline -0.003 -18"><span class='ocrx_word' id='word_1_716' title='bbox 243 4963 429 5034; x_wconf 83' lang='grc' dir='ltr'>θείσης</span> <span class='ocrx_word' id='word_1_717' title='bbox 459 4963 583 5031; x_wconf 83' lang='grc' dir='ltr'>γῆς,</span> <span class='ocrx_word' id='word_1_718' title='bbox 615 4961 814 5032; x_wconf 84' lang='grc' dir='ltr'>τρόπον</span> <span class='ocrx_word' id='word_1_719' title='bbox 869 4961 928 5014; x_wconf 81' lang='grc' dir='ltr'>ὃν</span> <span class='ocrx_word' id='word_1_720' title='bbox 971 4955 1112 5014; x_wconf 79' lang='grc' dir='ltr'>οἶδεν</span> <span class='ocrx_word' id='word_1_721' title='bbox 1155 4961 1183 5012; x_wconf 84' lang='grc' dir='ltr'><strong>ὁ</strong></span> <span class='ocrx_word' id='word_1_722' title='bbox 1217 4958 1392 5014; x_wconf 76' lang='grc' dir='ltr'>ταῦτα</span> <span class='ocrx_word' id='word_1_723' title='bbox 1427 4960 1695 5031; x_wconf 82' lang='grc' dir='ltr'>συνδήσας</span> <span class='ocrx_word' id='word_1_724' title='bbox 1722 4959 1818 5013; x_wconf 80' lang='grc' dir='ltr'>καὶ</span> 
     </span>
    </p>
   </div>
   <div class='ocr_carea' id='block_1_100' title="bbox 242 5041 1806 5123">
    <p class='ocr_par' dir='ltr' id='par_1_100' title="bbox 242 5041 1806 5123">
     <span class='ocr_line' id='line_1_100' title="bbox 242 5041 1806 5123; baseline -0.003 -15"><span class='ocrx_word' id='word_1_725' title='bbox 242 5041 499 5118; x_wconf 76' lang='grc' dir='ltr'>διαλύσας</span> <span class='ocrx_word' id='word_1_726' title='bbox 529 5043 683 5122; x_wconf 56' lang='grc' dir='ltr'>Θεὸς,</span> <span class='ocrx_word' id='word_1_727' title='bbox 736 5052 914 5123; x_wconf 87' lang='grc' dir='ltr'>τούτῳ</span> <span class='ocrx_word' id='word_1_728' title='bbox 971 5051 1403 5122; x_wconf 80' lang='grc' dir='ltr'>συγκληρονομεῐ</span> <span class='ocrx_word' id='word_1_729' title='bbox 1447 5053 1548 5122; x_wconf 84' lang='grc' dir='ltr'>τῆς</span> <span class='ocrx_word' id='word_1_730' title='bbox 1596 5051 1806 5104; x_wconf 74' lang='grc' dir='ltr'>ἐκεῖθεν</span> 
     </span>
    </p>
   </div>
   <div class='ocr_carea' id='block_1_101' title="bbox 243 5141 1808 5218">
    <p class='ocr_par' dir='ltr' id='par_1_101' title="bbox 243 5141 1808 5218">
     <span class='ocr_line' id='line_1_101' title="bbox 243 5141 1808 5218; baseline -0.004 -18"><span class='ocrx_word' id='word_1_731' title='bbox 243 5146 425 5218; x_wconf 77' lang='grc' dir='ltr'>δόξης,</span> <span class='ocrx_word' id='word_1_732' title='bbox 454 5146 567 5218; x_wconf 60' lang='grc' dir='ltr'><strong>καὶ.⁴</strong></span> <span class='ocrx_word' id='word_1_733' title='bbox 599 5143 852 5214; x_wconf 86' lang='grc' dir='ltr'>καθάπερ</span> <span class='ocrx_word' id='word_1_734' title='bbox 887 5144 996 5197; x_wconf 90' lang='grc' dir='ltr'><strong>τῶν</strong></span> <span class='ocrx_word' id='word_1_735' title='bbox 1045 5142 1336 5214; x_wconf 87' lang='grc' dir='ltr'>μοχθηρῶν</span> <span class='ocrx_word' id='word_1_736' title='bbox 1367 5141 1536 5196; x_wconf 77' lang='grc' dir='ltr'>αὑτοῦ</span> <span class='ocrx_word' id='word_1_737' title='bbox 1573 5141 1808 5212; x_wconf 80' lang='grc' dir='ltr'>μετέσχε</span> 
     </span>
    </p>
   </div>
   <div class='ocr_carea' id='block_1_102' title="bbox 243 5217 1814 5312">
    <p class='ocr_par' dir='ltr' id='par_1_102' title="bbox 243 5217 1814 5312">
     <span class='ocr_line' id='line_1_102' title="bbox 243 5217 1814 5312; baseline -0.004 -20"><span class='ocrx_word' id='word_1_738' title='bbox 243 5239 332 5294; x_wconf 85' lang='grc' dir='ltr'><strong>διά</strong></span> <span class='ocrx_word' id='word_1_739' title='bbox 361 5217 460 5309; x_wconf 82' lang='grc' dir='ltr'><strong>τὴν</strong></span> <span class='ocrx_word' id='word_1_740' title='bbox 493 5217 803 5312; x_wconf 65' lang='grc' dir='ltr'>συμφυΐαν,</span> <span class='ocrx_word' id='word_1_741' title='bbox 841 5235 986 5288; x_wconf 73' lang='grc' dir='ltr'>οὕτω</span> <span class='ocrx_word' id='word_1_742' title='bbox 1037 5235 1132 5288; x_wconf 77' lang='grc' dir='ltr'>καὶ</span> <span class='ocrx_word' id='word_1_743' title='bbox 1183 5235 1294 5288; x_wconf 90' lang='grc' dir='ltr'><strong>τῶν</strong></span> <span class='ocrx_word' id='word_1_744' title='bbox 1326 5224 1578 5305; x_wconf 82' lang='grc' dir='ltr'>τερπνῶν</span> <span class='ocrx_word' id='word_1_745' title='bbox 1613 5234 1814 5302; x_wconf 79' lang='grc' dir='ltr'>ἑαυτῆς</span> 
     </span>
    </p>
   </div>
   <div class='ocr_carea' id='block_1_103' title="bbox 247 5324 1814 5403">
    <p class='ocr_par' dir='ltr' id='par_1_103' title="bbox 247 5324 1814 5403">
     <span class='ocr_line' id='line_1_103' title="bbox 247 5324 1814 5403; baseline -0.005 -19"><span class='ocrx_word' id='word_1_746' title='bbox 247 5330 624 5403; x_wconf 86' lang='grc' dir='ltr'>μεταδίδωσιν,</span> <span class='ocrx_word' id='word_1_747' title='bbox 655 5328 776 5381; x_wconf 83' lang='grc' dir='ltr'>ὅλον</span> <span class='ocrx_word' id='word_1_748' title='bbox 807 5328 886 5390; x_wconf 82' lang='grc' dir='ltr'><strong>εἰς</strong></span> <span class='ocrx_word' id='word_1_749' title='bbox 909 5324 1107 5397; x_wconf 79' lang='grc' dir='ltr'>ἑαυτὴν</span> <span class='ocrx_word' id='word_1_750' title='bbox 1142 5324 1490 5390; x_wconf 80' lang='grc' dir='ltr'>ἀναλώσασα,</span> <span class='ocrx_word' id='word_1_751' title='bbox 1521 5325 1616 5378; x_wconf 77' lang='grc' dir='ltr'>καὶ</span> <span class='ocrx_word' id='word_1_752' title='bbox 1659 5341 1814 5392; x_wconf 83' lang='grc' dir='ltr'>γενο-</span> 
     </span>
    </p>
   </div>
   <div class='ocr_carea' id='block_1_104' title="bbox 249 5415 1811 5491">
    <p class='ocr_par' dir='ltr' id='par_1_104' title="bbox 249 5415 1811 5491">
     <span class='ocr_line' id='line_1_104' title="bbox 249 5415 1811 5491; baseline -0.006 -15"><span class='ocrx_word' id='word_1_753' title='bbox 249 5421 384 5491; x_wconf 83' lang='grc' dir='ltr'>μένη</span> <span class='ocrx_word' id='word_1_754' title='bbox 413 5422 510 5474; x_wconf 83' lang='grc' dir='ltr'><strong>σὺν</strong></span> <span class='ocrx_word' id='word_1_755' title='bbox 532 5419 708 5490; x_wconf 84' lang='grc' dir='ltr'>τούτῳ</span> <span class='ocrx_word' id='word_1_756' title='bbox 737 5417 816 5481; x_wconf 81' lang='grc' dir='ltr'>ἓν,</span> <span class='ocrx_word' id='word_1_757' title='bbox 845 5419 938 5470; x_wconf 78' lang='grc' dir='ltr'>καὶ</span> <span class='ocrx_word' id='word_1_758' title='bbox 961 5418 1196 5487; x_wconf 84' lang='grc' dir='ltr'>πνεῦμα,</span> <span class='ocrx_word' id='word_1_759' title='bbox 1225 5417 1320 5471; x_wconf 77' lang='grc' dir='ltr'><strong>καὶ</strong></span> <span class='ocrx_word' id='word_1_760' title='bbox 1345 5417 1490 5484; x_wconf 76' lang='grc' dir='ltr'>νοῦς,</span> <span class='ocrx_word' id='word_1_761' title='bbox 1529 5417 1624 5468; x_wconf 78' lang='grc' dir='ltr'>καὶ</span> <span class='ocrx_word' id='word_1_762' title='bbox 1660 5415 1811 5479; x_wconf 85' lang='grc' dir='ltr'>Θεὸς,</span> 
     </span>
    </p>
   </div>
   <div class='ocr_carea' id='block_1_105' title="bbox 249 5504 1814 5578">
    <p class='ocr_par' dir='ltr' id='par_1_105' title="bbox 249 5504 1814 5578">
     <span class='ocr_line' id='line_1_105' title="bbox 249 5504 1814 5578; baseline -0.004 -14"><span class='ocrx_word' id='word_1_763' title='bbox 249 5511 648 5572; x_wconf 83' lang='grc' dir='ltr'>καταποθέντος</span> <span class='ocrx_word' id='word_1_764' title='bbox 695 5507 801 5562; x_wconf 82' lang='grc' dir='ltr'><strong>ὑπὸ</strong></span> <span class='ocrx_word' id='word_1_765' title='bbox 860 5507 956 5577; x_wconf 86' lang='grc' dir='ltr'>τῆς</span> <span class='ocrx_word' id='word_1_766' title='bbox 1015 5506 1162 5578; x_wconf 81' lang='grc' dir='ltr'>ζωῆς</span> <span class='ocrx_word' id='word_1_767' title='bbox 1211 5507 1305 5560; x_wconf 82' lang='grc' dir='ltr'><strong>τοῦ</strong></span> <span class='ocrx_word' id='word_1_768' title='bbox 1361 5504 1558 5576; x_wconf 77' lang='grc' dir='ltr'>θνητοῦ</span> <span class='ocrx_word' id='word_1_769' title='bbox 1626 5521 1687 5558; x_wconf 84' lang='grc' dir='ltr'><strong>τε</strong></span> <span class='ocrx_word' id='word_1_770' title='bbox 1719 5506 1814 5558; x_wconf 76' lang='grc' dir='ltr'>καὶ</span> 
     </span>
    </p>
   </div>
   <div class='ocr_carea' id='block_1_106' title="bbox 1915 4497 3498 4570">
    <p class='ocr_par' dir='ltr' id='par_1_106' title="bbox 1915 4497 3498 4570">
     <span class='ocr_line' id='line_1_106' title="bbox 1915 4497 3498 4570; baseline -0.002 -16"><span class='ocrx_word' id='word_1_771' title='bbox 1915 4499 2215 4570; x_wconf 88' lang='lat' dir='ltr'><strong>dissolvit),</strong></span> <span class='ocrx_word' id='word_1_772' title='bbox 2251 4508 2366 4554; x_wconf 89' lang='lat' dir='ltr'><strong>tum</strong></span> <span class='ocrx_word' id='word_1_773' title='bbox 2407 4499 2630 4554; x_wconf 85' lang='lat' dir='ltr'><strong>domum</strong></span> <span class='ocrx_word' id='word_1_774' title='bbox 2661 4514 2782 4555; x_wconf 90' lang='lat' dir='ltr'><strong>eam</strong></span> <span class='ocrx_word' id='word_1_775' title='bbox 2817 4513 3037 4569; x_wconf 90' lang='lat' dir='ltr'><strong>quoque</strong></span> <span class='ocrx_word' id='word_1_776' title='bbox 3075 4497 3144 4552; x_wconf 90' lang='lat' dir='ltr'><strong>ad</strong></span> <span class='ocrx_word' id='word_1_777' title='bbox 3177 4499 3364 4568; x_wconf 68' lang='lat' dir='ltr'><strong>gloriae</strong></span> <span class='ocrx_word' id='word_1_778' title='bbox 3393 4515 3498 4554; x_wconf 67' lang='lat' dir='ltr'><strong>ae-</strong></span> 
     </span>
    </p>
   </div>
   <div class='ocr_carea' id='block_1_107' title="bbox 1915 4589 3499 4660">
    <p class='ocr_par' dir='ltr' id='par_1_107' title="bbox 1915 4589 3499 4660">
     <span class='ocr_line' id='line_1_107' title="bbox 1915 4589 3499 4660; baseline -0.001 -14"><span class='ocrx_word' id='word_1_779' title='bbox 1915 4590 2072 4646; x_wconf 89' lang='lat' dir='ltr'><strong>lestis</strong></span> <span class='ocrx_word' id='word_1_780' title='bbox 2097 4589 2477 4645; x_wconf 81' lang='lat' dir='ltr'><strong>haereditatem</strong></span> <span class='ocrx_word' id='word_1_781' title='bbox 2514 4605 2701 4645; x_wconf 89' lang='lat' dir='ltr'><strong>secum</strong></span> <span class='ocrx_word' id='word_1_782' title='bbox 2744 4589 3131 4654; x_wconf 88' lang='lat' dir='ltr'><strong>admissuram,</strong></span> <span class='ocrx_word' id='word_1_783' title='bbox 3157 4596 3214 4644; x_wconf 92' lang='lat' dir='ltr'><strong>et</strong></span> <span class='ocrx_word' id='word_1_784' title='bbox 3239 4591 3499 4660; x_wconf 84' lang='lat' dir='ltr'><strong>quemad-</strong></span> 
     </span>
    </p>
   </div>
   <div class='ocr_carea' id='block_1_108' title="bbox 1917 4679 3499 4758">
    <p class='ocr_par' dir='ltr' id='par_1_108' title="bbox 1917 4679 3499 4758">
     <span class='ocr_line' id='line_1_108' title="bbox 1917 4679 3499 4758; baseline 0 -22"><span class='ocrx_word' id='word_1_785' title='bbox 1917 4681 2144 4758; x_wconf 81' lang='lat' dir='ltr'><strong>modum</strong></span> <span class='ocrx_word' id='word_1_786' title='bbox 2188 4679 2260 4736; x_wconf 95' lang='lat' dir='ltr'><strong>ob</strong></span> <span class='ocrx_word' id='word_1_787' title='bbox 2301 4689 2514 4737; x_wconf 75' lang='lat' dir='ltr'><strong>natura:</strong></span> <span class='ocrx_word' id='word_1_788' title='bbox 2536 4681 2981 4753; x_wconf 86' lang='lat' dir='ltr'><strong>conjunctionem</strong></span> <span class='ocrx_word' id='word_1_789' title='bbox 3014 4695 3382 4735; x_wconf 81' lang='lat' dir='ltr'><strong>aerumnarum</strong></span> <span class='ocrx_word' id='word_1_790' title='bbox 3415 4683 3499 4753; x_wconf 90' lang='lat' dir='ltr'><strong>ip-</strong></span> 
     </span>
    </p>
   </div>
   <div class='ocr_carea' id='block_1_109' title="bbox 1917 4769 3495 4853">
    <p class='ocr_par' dir='ltr' id='par_1_109' title="bbox 1917 4769 3495 4853">
     <span class='ocr_line' id='line_1_109' title="bbox 1917 4769 3495 4853; baseline 0.001 -27"><span class='ocrx_word' id='word_1_791' title='bbox 1917 4771 2033 4827; x_wconf 91' lang='lat' dir='ltr'><strong>sius</strong></span> <span class='ocrx_word' id='word_1_792' title='bbox 2070 4771 2346 4853; x_wconf 86' lang='lat' dir='ltr'><strong>particeps</strong></span> <span class='ocrx_word' id='word_1_793' title='bbox 2381 4769 2583 4837; x_wconf 86' lang='lat' dir='ltr'><strong>fuerat,</strong></span> <span class='ocrx_word' id='word_1_794' title='bbox 2631 4770 2713 4826; x_wconf 91' lang='lat' dir='ltr'><strong>sic</strong></span> <span class='ocrx_word' id='word_1_795' title='bbox 2755 4769 2920 4824; x_wconf 87' lang='lat' dir='ltr'><strong>etiam</strong></span> <span class='ocrx_word' id='word_1_796' title='bbox 2949 4769 3325 4839; x_wconf 89' lang='lat' dir='ltr'><strong>jucunditates</strong></span> <span class='ocrx_word' id='word_1_797' title='bbox 3367 4787 3495 4828; x_wconf 86' lang='lat' dir='ltr'><strong>suas</strong></span> 
     </span>
    </p>
   </div>
   <div class='ocr_carea' id='block_1_110' title="bbox 1917 4861 3495 4934">
    <p class='ocr_par' dir='ltr' id='par_1_110' title="bbox 1917 4861 3495 4934">
     <span class='ocr_line' id='line_1_110' title="bbox 1917 4861 3495 4934; baseline 0 -14"><span class='ocrx_word' id='word_1_798' title='bbox 1917 4878 2042 4920; x_wconf 89' lang='lat' dir='ltr'><strong>cum</strong></span> <span class='ocrx_word' id='word_1_799' title='bbox 2077 4865 2196 4934; x_wconf 86' lang='lat' dir='ltr'><strong>ipsa</strong></span> <span class='ocrx_word' id='word_1_800' title='bbox 2227 4865 2772 4931; x_wconf 65' lang='lat' dir='ltr'><strong>communicaturum,</strong></span> <span class='ocrx_word' id='word_1_801' title='bbox 2806 4869 2983 4923; x_wconf 83' lang='lat' dir='ltr'><strong>totum</strong></span> <span class='ocrx_word' id='word_1_802' title='bbox 3009 4861 3266 4917; x_wconf 84' lang='lat' dir='ltr'><strong>videlicet</strong></span> <span class='ocrx_word' id='word_1_803' title='bbox 3293 4878 3495 4934; x_wconf 87' lang='lat' dir='ltr'><strong>corpus</strong></span> 
     </span>
    </p>
   </div>
   <div class='ocr_carea' id='block_1_111' title="bbox 1921 4955 3496 5027">
    <p class='ocr_par' dir='ltr' id='par_1_111' title="bbox 1921 4955 3496 5027">
     <span class='ocr_line' id='line_1_111' title="bbox 1921 4955 3496 5027; baseline -0.002 -15"><span class='ocrx_word' id='word_1_804' title='bbox 1921 4956 1977 5012; x_wconf 90' lang='lat' dir='ltr'><strong>in</strong></span> <span class='ocrx_word' id='word_1_805' title='bbox 2015 4959 2079 5012; x_wconf 80' lang='lat' dir='ltr'><strong>‘se</strong></span> <span class='ocrx_word' id='word_1_806' title='bbox 2120 4957 2298 5027; x_wconf 89' lang='lat' dir='ltr'><strong>ipsam</strong></span> <span class='ocrx_word' id='word_1_807' title='bbox 2330 4955 2734 5019; x_wconf 88' lang='lat' dir='ltr'><strong>absumentem,</strong></span> <span class='ocrx_word' id='word_1_808' title='bbox 2765 4959 2822 5007; x_wconf 92' lang='lat' dir='ltr'><strong>et</strong></span> <span class='ocrx_word' id='word_1_809' title='bbox 2863 4968 2988 5007; x_wconf 91' lang='lat' dir='ltr'><strong>cum</strong></span> <span class='ocrx_word' id='word_1_810' title='bbox 3031 4967 3100 5008; x_wconf 91' lang='lat' dir='ltr'><strong>eo</strong></span> <span class='ocrx_word' id='word_1_811' title='bbox 3146 4969 3318 5008; x_wconf 91' lang='lat' dir='ltr'><strong>unum</strong></span> <span class='ocrx_word' id='word_1_812' title='bbox 3361 4955 3496 5009; x_wconf 68' lang='grc' dir='ltr'>εσυ-</span> 
     </span>
    </p>
   </div>
   <div class='ocr_carea' id='block_1_112' title="bbox 1919 5039 3493 5120">
    <p class='ocr_par' dir='ltr' id='par_1_112' title="bbox 1919 5039 3493 5120">
     <span class='ocr_line' id='line_1_112' title="bbox 1919 5039 3493 5120; baseline -0.004 -17"><span class='ocrx_word' id='word_1_813' title='bbox 1919 5055 2084 5114; x_wconf 90' lang='lat' dir='ltr'><strong>ctam,</strong></span> <span class='ocrx_word' id='word_1_814' title='bbox 2122 5051 2185 5103; x_wconf 88' lang='lat' dir='ltr'><strong>&#39;et</strong></span> <span class='ocrx_word' id='word_1_815' title='bbox 2217 5047 2494 5120; x_wconf 78' lang='lat' dir='ltr'><strong>spiritum,</strong></span> <span class='ocrx_word' id='word_1_816' title='bbox 2536 5051 2592 5100; x_wconf 90' lang='lat' dir='ltr'><strong>ct</strong></span> <span class='ocrx_word' id='word_1_817' title='bbox 2619 5047 2881 5102; x_wconf 85' lang='lat' dir='ltr'><strong>mentem,</strong></span> <span class='ocrx_word' id='word_1_818' title='bbox 2913 5049 2971 5096; x_wconf 86' lang='lat' dir='ltr'><strong>et</strong></span> <span class='ocrx_word' id='word_1_819' title='bbox 3007 5040 3204 5114; x_wconf 71' lang='lat' dir='ltr'><strong>Qeum,</strong></span> <span class='ocrx_word' id='word_1_820' title='bbox 3232 5039 3493 5112; x_wconf 79' lang='lat' dir='ltr'><strong>absorpta</strong></span> 
     </span>
    </p>
   </div>
   <div class='ocr_carea' id='block_1_113' title="bbox 1917 5133 3484 5210">
    <p class='ocr_par' dir='ltr' id='par_1_113' title="bbox 1917 5133 3484 5210">
     <span class='ocr_line' id='line_1_113' title="bbox 1917 5133 3484 5210; baseline -0.007 -13"><span class='ocrx_word' id='word_1_821' title='bbox 1917 5140 2188 5197; x_wconf 86' lang='lat' dir='ltr'><strong>nimirum</strong></span> <span class='ocrx_word' id='word_1_822' title='bbox 2214 5155 2245 5194; x_wconf 88' lang='lat' dir='ltr'><strong>a</strong></span> <span class='ocrx_word' id='word_1_823' title='bbox 2271 5139 2383 5194; x_wconf 89' lang='lat' dir='ltr'><strong>vita</strong></span> <span class='ocrx_word' id='word_1_824' title='bbox 2409 5139 2480 5196; x_wconf 84' lang='lat' dir='ltr'><strong>eo&#39;</strong></span> <span class='ocrx_word' id='word_1_825' title='bbox 2501 5137 2644 5210; x_wconf 87' lang='lat' dir='ltr'><strong>quod</strong></span> <span class='ocrx_word' id='word_1_826' title='bbox 2669 5133 2900 5190; x_wconf 87' lang='lat' dir='ltr'><strong>mortale</strong></span> <span class='ocrx_word' id='word_1_827' title='bbox 2921 5142 2978 5190; x_wconf 91' lang='lat' dir='ltr'><strong>et</strong></span> <span class='ocrx_word' id='word_1_828' title='bbox 2998 5133 3264 5189; x_wconf 89' lang='lat' dir='ltr'><strong>caducum</strong></span> <span class='ocrx_word' id='word_1_829' title='bbox 3293 5141 3432 5189; x_wconf 86' lang='lat' dir='ltr'><strong>erat.</strong></span> <span class='ocrx_word' id='word_1_830' title='bbox 3465 5153 3484 5186; x_wconf 74' lang='grc' dir='ltr'><strong>ι</strong></span> 
     </span>
    </p>
   </div>
   <div class='ocr_carea' id='block_1_114' title="bbox 1915 5225 3493 5302">
    <p class='ocr_par' dir='ltr' id='par_1_114' title="bbox 1915 5225 3493 5302">
     <span class='ocr_line' id='line_1_114' title="bbox 1915 5225 3493 5302; baseline -0.005 -14"><span class='ocrx_word' id='word_1_831' title='bbox 1915 5233 2202 5300; x_wconf 86' lang='lat' dir='ltr'><strong>Quomodo</strong></span> <span class='ocrx_word' id='word_1_832' title='bbox 2235 5233 2381 5289; x_wconf 89' lang='lat' dir='ltr'><strong>enim</strong></span> <span class='ocrx_word' id='word_1_833' title='bbox 2413 5247 2514 5302; x_wconf 90' lang='lat' dir='ltr'><strong>per</strong></span> <span class='ocrx_word' id='word_1_834' title='bbox 2558 5237 2843 5300; x_wconf 89' lang='lat' dir='ltr'><strong>peccatum</strong></span> <span class='ocrx_word' id='word_1_835' title='bbox 2871 5242 3000 5282; x_wconf 90' lang='lat' dir='ltr'><strong>caro</strong></span> <span class='ocrx_word' id='word_1_836' title='bbox 3035 5225 3105 5282; x_wconf 89' lang='lat' dir='ltr'><strong>ab</strong></span> <span class='ocrx_word' id='word_1_837' title='bbox 3141 5225 3364 5282; x_wconf 89' lang='lat' dir='ltr'><strong>interitu</strong></span> <span class='ocrx_word' id='word_1_838' title='bbox 3395 5225 3493 5281; x_wconf 90' lang='lat' dir='ltr'><strong>ab-</strong></span> 
     </span>
    </p>
   </div>
   <div class='ocr_carea' id='block_1_115' title="bbox 1921 5317 3492 5394">
    <p class='ocr_par' dir='ltr' id='par_1_115' title="bbox 1921 5317 3492 5394">
     <span class='ocr_line' id='line_1_115' title="bbox 1921 5317 3492 5394; baseline -0.003 -14"><span class='ocrx_word' id='word_1_839' title='bbox 1921 5335 2110 5394; x_wconf 87' lang='lat' dir='ltr'><strong>sorpta</strong></span> <span class='ocrx_word' id='word_1_840' title='bbox 2161 5319 2309 5391; x_wconf 78' lang='lat' dir='ltr'><strong>erat,</strong></span> <span class='ocrx_word' id='word_1_841' title='bbox 2357 5339 2388 5378; x_wconf 90' lang='lat' dir='ltr'><strong>a</strong></span> <span class='ocrx_word' id='word_1_842' title='bbox 2437 5335 2601 5378; x_wconf 88' lang='lat' dir='ltr'><strong>came</strong></span> <span class='ocrx_word' id='word_1_843' title='bbox 2650 5334 2782 5374; x_wconf 87' lang='lat' dir='ltr'><strong>vero</strong></span> <span class='ocrx_word' id='word_1_844' title='bbox 2834 5319 3016 5374; x_wconf 89' lang='lat' dir='ltr'><strong>anima</strong></span> <span class='ocrx_word' id='word_1_845' title='bbox 3065 5318 3135 5373; x_wconf 91' lang='lat' dir='ltr'><strong>de</strong></span> <span class='ocrx_word' id='word_1_846' title='bbox 3179 5317 3492 5376; x_wconf 84' lang='lat' dir='ltr'><strong>actionibus</strong></span> 
     </span>
    </p>
   </div>
   <div class='ocr_carea' id='block_1_116' title="bbox 1921 5407 3490 5485">
    <p class='ocr_par' dir='ltr' id='par_1_116' title="bbox 1921 5407 3490 5485">
     <span class='ocr_line' id='line_1_116' title="bbox 1921 5407 3490 5485; baseline -0.004 -16"><span class='ocrx_word' id='word_1_847' title='bbox 1921 5415 2123 5485; x_wconf 84' lang='lat' dir='ltr'><strong>agnita,</strong></span> <span class='ocrx_word' id='word_1_848' title='bbox 2153 5413 2222 5468; x_wconf 88' lang='lat' dir='ltr'><strong>ab</strong></span> <span class='ocrx_word' id='word_1_849' title='bbox 2243 5413 2421 5467; x_wconf 88' lang='lat' dir='ltr'><strong>anima</strong></span> <span class='ocrx_word' id='word_1_850' title='bbox 2443 5424 2572 5464; x_wconf 88' lang='lat' dir='ltr'><strong>vero</strong></span> <span class='ocrx_word' id='word_1_851' title='bbox 2593 5423 2694 5478; x_wconf 87' lang='lat' dir='ltr'><strong>per</strong></span> <span class='ocrx_word' id='word_1_852' title='bbox 2713 5408 2926 5478; x_wconf 89' lang='lat' dir='ltr'><strong>plenam</strong></span> <span class='ocrx_word' id='word_1_853' title='bbox 2949 5407 3311 5479; x_wconf 79' lang='lat' dir='ltr'><strong>ignorantiam</strong></span> <span class='ocrx_word' id='word_1_854' title='bbox 3335 5407 3490 5478; x_wconf 75' lang='lat' dir='ltr'><strong>agni-</strong></span> 
     </span>
    </p>
   </div>
   <div class='ocr_carea' id='block_1_117' title="bbox 1921 5500 3504 5574">
    <p class='ocr_par' dir='ltr' id='par_1_117' title="bbox 1921 5500 3504 5574">
     <span class='ocr_line' id='line_1_117' title="bbox 1921 5500 3504 5574; baseline -0.004 -15"><span class='ocrx_word' id='word_1_855' title='bbox 1921 5505 1998 5559; x_wconf 91' lang='lat' dir='ltr'><strong>tio</strong></span> <span class='ocrx_word' id='word_1_856' title='bbox 2023 5505 2142 5570; x_wconf 86' lang='lat' dir='ltr'><strong>Dei,</strong></span> <span class='ocrx_word' id='word_1_857' title='bbox 2169 5505 2306 5560; x_wconf 88' lang='lat' dir='ltr'><strong>adeo</strong></span> <span class='ocrx_word' id='word_1_858' title='bbox 2328 5512 2388 5559; x_wconf 89' lang='lat' dir='ltr'><strong>ut</strong></span> <span class='ocrx_word' id='word_1_859' title='bbox 2408 5503 2493 5559; x_wconf 87' lang='lat' dir='ltr'><strong>vel</strong></span> <span class='ocrx_word' id='word_1_860' title='bbox 2524 5518 2592 5557; x_wconf 92' lang='lat' dir='ltr'><strong>an</strong></span> <span class='ocrx_word' id='word_1_861' title='bbox 2619 5501 2761 5557; x_wconf 88' lang='lat' dir='ltr'><strong>Deus</strong></span> <span class='ocrx_word' id='word_1_862' title='bbox 2786 5508 2932 5557; x_wconf 89' lang='lat' dir='ltr'><strong>esset</strong></span> <span class='ocrx_word' id='word_1_863' title='bbox 2957 5501 3256 5574; x_wconf 78' lang='lat' dir='ltr'><strong>ignoraret,</strong></span> <span class='ocrx_word' id='word_1_864' title='bbox 3283 5501 3357 5555; x_wconf 83' lang='lat' dir='ltr'><strong>ita</strong></span> <span class='ocrx_word' id='word_1_865' title='bbox 3373 5500 3504 5572; x_wconf 45' lang='lat' dir='ltr'><strong>jam,</strong></span> 
     </span>
    </p>
   </div>
   <div class='ocr_carea' id='block_1_118' title="bbox 1519 5614 2192 5672">
    <p class='ocr_par' dir='ltr' id='par_1_118' title="bbox 1519 5614 2192 5672">
     <span class='ocr_line' id='line_1_118' title="bbox 1519 5614 2192 5672; baseline 0.003 -2"><span class='ocrx_word' id='word_1_866' title='bbox 1519 5614 1751 5670; x_wconf 62' lang='lat' dir='ltr'><strong>VARI/li}</strong></span> <span class='ocrx_word' id='word_1_867' title='bbox 1790 5615 2192 5672; x_wconf 81' lang='lat' dir='ltr'><strong>LECTIONES.</strong></span> 
     </span>
    </p>
   </div>
   <div class='ocr_carea' id='block_1_119' title="bbox 322 5688 1100 5762">
    <p class='ocr_par' dir='ltr' id='par_1_119' title="bbox 322 5688 1100 5762">
     <span class='ocr_line' id='line_1_119' title="bbox 322 5688 1100 5762; baseline 0 -18"><span class='ocrx_word' id='word_1_868' title='bbox 322 5689 369 5722; x_wconf 74' lang='grc'><strong>³³⁸</strong></span> <span class='ocrx_word' id='word_1_869' title='bbox 397 5689 504 5744; x_wconf 85' lang='grc' dir='ltr'><strong>τῶν</strong></span> <span class='ocrx_word' id='word_1_870' title='bbox 534 5689 697 5745; x_wconf 86' lang='lat' dir='ltr'><strong>habet</strong></span> <span class='ocrx_word' id='word_1_871' title='bbox 730 5688 1100 5762; x_wconf 71' lang='lat' dir='ltr'><strong>apograpbum</strong></span> 
     </span>
    </p>
   </div>
  </div>
