4038 6146
285 327 418 398 ὶὲὶῦἷ]
528 375 531 378 ν

1549 298 2072 372 AMBIGUORUM
2107 303 2360 365 LIBER.

3396 294 3537 370 1254

280 445 371 497 τὸν
401 440 577 511 ἀληθῆ
605 436 767 507 λόγον
799 436 893 490 τοῦ
944 436 1009 487 δι’
1050 429 1221 491 αὑτοῦ
1271 423 1620 499 μηνυομένου.
1640 439 1708 511 τε
1760 420 1854 473 καὶ

1964 427 2081 466 rum
2118 427 2311 466 revera
2346 411 2469 480 ejus
2500 406 2644 480 quod
2676 412 2790 482 ipse
2833 413 3103 469 revelaret
3131 422 3187 470 et
3220 414 3538 484 praeforma-

281 551 560 606 προτυπου
569 533 731 601 μένου
767 526 1065 600 μυστηρίου
1098 522 1404 594 πρόδρομος
1428 513 1518 587 ἦν,
1542 516 1608 567 δι’
1630 507 1703 567 ὧν
1725 511 1858 566 ἐπα-

283 627 378 694 σχὲ
412 643 470 678 τε
502 625 599 677 καὶ
632 623 761 693 ἔδρα
789 621 883 675 καὶ
926 619 1080 686 ἔλεγε
1114 616 1183 671 τὰ
1223 611 1425 667 τούτων
1464 605 1857 680 προκηρύττων

281 716 588 789 ἀρχέτυπα.
611 715 702 767 Διὸ
725 713 820 766 καὶ
846 711 958 769 ἀντ’
976 708 1221 781 ἀλλήλων
1240 703 1545 774 ἀμέμπτως
1566 699 1859 770 παραλαμο-

284 808 559 870 ϐάνονται,
617 808 712 859 καὶ
768 805 986 859 πάντων
1021 802 1285 860 ἅπαντες,
1337 795 1431 849 καὶ
1466 794 1695 854 ἕκαστος
1727 791 1857 844 ἑκά-

285 917 433 963 στου,
469 900 575 952 καὶ⁴
592 898 715 951 ἀντὶ
739 897 847 950 τῶν
873 896 966 947 ὑπ’
992 890 1173 947 αὐτῶν
1196 885 1619 959 συγγραφεισῶν
1639 884 1856 954 βίϐλων,

284 992 380 1045 καὶ
411 992 525 1044 ἀντ’
572 990 753 1043 αὐτῶν
804 990 860 1041 αἰ
916 984 1088 1056 βίϐλοι
1137 981 1291 1052 παρά
1347 982 1413 1052 τῇ
1470 976 1728 1048 συνηθείᾳ
1757 976 1859 1045 τῆς

285 1082 507 1152 Γραφῆς
561 1077 1078 1151 προσαγορεύονται.
1141 1072 1251 1124 Καὶ
1287 1070 1439 1140 ὣιλοῖ
1480 1069 1641 1122 τοῦτο
1675 1064 1860 1134 σαφῶς

283 1173 374 1224 τὸν
424 1171 735 1240 Βαπτιστῂν
803 1168 1054 1236 Ἰωάννην
1126 1162 1319 1216 Ἠλίαν
1374 1161 1470 1215 καὶ
1533 1158 1699 1212 ποιῶν
1763 1156 1861 1210 καὶ

282 1262 453 1329 λέγων
492 1263 519 1313 6
552 1260 775 1329 Κύριος,
803 1258 913 1311 εἴτε
945 1257 1035 1310 διὰ
1066 1255 1164 1326 τὴν
1197 1255 1318 1323 ἴσην
1347 1252 1448 1321 τῆς
1497 1249 1702 1321 ἀρετῆς
1727 1248 1858 1314 ἕξιν,

282 1350 357 1414 ὣς
388 1368 553 1420 φασιν
600 1351 651 1403 οἰ
707 1348 1043 1410 διδάσκαλοι,
1094 1347 1190 1399 καὶ
1246 1346 1345 1414 τὴν
1404 1342 1547 1396 κατὰ
1603 1339 1726 1393 νοῦν
1773 1337 1863 1391 διὰ

283 1442 502 1495 πάντων
530 1441 904 1511 καθαρότητα,
944 1439 1041 1491 καὶ
1071 1437 1133 1490 τὸ
1163 1437 1263 1506 τῆς
1286 1433 1560 1496 πολιτείας
1590 1431 1859 1496 σύντονον,

283 1532 397 1585 εἴτε
443 1533 531 1585 διὰ
593 1532 694 1603 τὴν
742 1532 799 1585 ὲν
841 1528 1172 1599 ἀμφοτέροις
1209 1528 1513 1597 ταυτότητα
1560 1522 1660 1593 τῆς
1709 1524 1767 1577 ὲν
1794 1523 1860 1592 τῇ

284 1624 466 1695 χάριτι
498 1623 803 1693 δυνάμεως,
837 1621 1015 1691 (201
1043 1623 1097 1687 a)
1133 1617 1244 1671 sire
1305 1616 1429 1670 καθ’
1460 1616 1643 1686 ἕτερον
1698 1614 1857 1682 λόγον

285 1716 623 1784 ἀπόκρυφον,
663 1713 822 1776 αὐτὸς
874 1711 940 1765 ἂν
989 1709 1157 1781 είδείη
1196 1712 1224 1762 6
1251 1708 1423 1775 λέγων
1451 1707 1527 1770 ὡς
1567 1706 1718 1769 Θεὸς,
1763 1705 1859 1758 καὶ

283 1811 337 1861 οἰ
354 1810 485 1879 παρ’
515 1806 682 1860 αὐτοῦ
708 1807 778 1860 τά
797 1805 1019 1859 τοιαῦτα
1052 1805 1325 1875 μυστήρια
1350 1800 1715 1872 σοφιζόμενοι.
1750 1801 1859 1855 Καὶ

283 1898 445 1952 πάλιν
469 1897 709 1951 Μωῦσέα
738 1898 830 1955 τὸν
876 1898 1061 1969 νόμον,
1091 1894 1189 1949 καὶ
1234 1898 1519 1964 προφήτας
1554 1894 1652 1956 τὰς
1679 1892 1859 1947 αὐτῶν

283 1976 628 2061 προφητικάς
689 1988 927 2059 βίϐλους,
965 1987 1223 2051 καλέσας,
1273 1988 1332 2039 ὲν
1375 1981 1457 2049 οἷς
1514 1985 1650 2057 πρὸς
1688 1985 1777 2037 τὸν
1802 1987 1865 2039 ὲν

281 2086 348 2154 τῇ
414 2083 608 2152 γεέννῃ
682 2080 1111 2152 βασανιζόμενον
1162 2076 1417 2131 πλούσιον
1469 2078 1717 2145 φήσαντα
1769 2076 1860 2128 τὸν

285 2173 630 2243 πατριάρχην
670 2172 963 2238 εἰσήγαγεν
1017 2167 1286 2239 Ἀϐραάμο
1314 2166 1565 2235 Ἔχουσι
1607 2166 1862 2219 Μωῡσέα

283 2264 385 2317 καί
416 2264 561 2328 τοὺς
613 2261 947 2330 προφήτας,
993 2258 1435 2315 ἀκουσάτωσαν
1467 2256 1687 2320 αὐτῶν,
1741 2258 1862 2310 ἀντὶ

281 2354 390 2408 τῶν
426 2355 518 2407 ὑπ’
551 2353 733 2407 αὐτῶν
779 2351 1202 2423 συγγραφεισῶν
1237 2349 1396 2402 θείων
1425 2347 1622 2418 βίϐλων
1665 2348 1863 2411 αὐτοὺς

284 2447 528 2510 ἐκείνους
556 2446 959 2517 παραθέμενος,
1006 2442 1246 2498 Μωῦσέσι
1271 2442 1412 2512 φημὶ
1445 2439 1538 2492 καὶ
1574 2440 1700 2501 τοὺς
1725 2455 1862 2507 προ-

283 2537 481 2607 φήτας.
518 2537 628 2588 Καὶ
657 2534 969 2604 θαυμαστὸν
1017 2532 1192 2586 οὐδέν.
1226 2533 1292 2586 Εἰ
1323 2532 1430 2602 γὰρ
1460 2522 1538 2591 εἷς
1567 2529 1716 2582 ἐστιν
1739 2528 1769 2579 6
1794 2524 1861 2578 δι’

285 2624 465 2677 αὐτῶν
486 2624 1010 2694 καταγγελλόμενος,
1045 2622 1095 2676 οἰ
1123 2625 1323 2684 πάντες
1353 2620 1428 2683 ὡς
1468 2615 1549 2682 εἷς
1575 2619 1634 2672 ὃν
1657 2633 1865 2687 καταγ-

286 2716 536 2784 γέλλουσι
612 2716 853 2770 νοεῖσθαι
927 2715 1216 2776 δύνανται,
1292 2714 1389 2766 κοιλ⁵
1464 2713 1585 2765 ἀντὶ
1649 2712 1864 2766 πάντων

286 2807 516 2871 ἕκαστος
537 2808 630 2861 καὶ
656 2809 856 2871 πάντες
878 2808 1094 2861 πάντων
1111 2804 1350 2868 εὐσεϐῶς
1373 2803 1865 2874 ἀντιπαραλαμϐά-

287 2898 497 2965 νεσθαι,
517 2898 628 2950 τῶν
650 2915 712 2950 τε
729 2897 1021 2968 διακονησα
1031 2897 1206 2967 μένων
1223 2895 1302 2966 τῷ
1322 2895 1464 2947 κατά
1491 2894 1589 2965 τὴν
1622 2896 1865 2948 Παλαιὰν

287 2990 567 3060 Διαθήκην
649 2989 934 3060 μυστηρίῳ
1000 2989 1094 3041 καὶ
1165 2989 1274 3038 τῶν
1348 2985 1743 3038 πιστευθέντων
1802 2984 1865 3037 τὺ

1892 1757 1932 1811 Β

1960 511 2046 557 ret
2086 502 2334 573 mysterii
2380 517 2689 571 praecursor
2718 513 2858 567 erat,
2892 505 3156 576 imagines
3199 522 3298 577 per
3327 523 3390 563 ea
3419 525 3544 579 quae

1960 593 2274 663 patiebatur
2313 601 2371 648 et
2412 593 2606 664 agebat
2635 602 2692 647 et
2717 594 2939 650 dicebat
2978 586 3177 650 borum
3208 602 3543 669 exemplaria

1958 683 2285 753 primigenia
2314 684 2708 753 praenuntians.
2737 684 2917 752 Quare
2948 687 3116 741 etiam
3149 689 3287 743 bene
3312 698 3368 743 et
3405 706 3542 760 pra:-

1924 825 1930 832 .
1960 783 2044 830 ter
2070 775 2560 845 reprehensionem
2594 792 2778 847 prose
2814 778 3049 833 invicem
3083 781 3450 849 accipiuntur,
3485 792 3545 838 et

1958 882 2060 937 pro
2088 867 2347 922 omnibus
2377 883 2570 923 omnes
2607 878 2664 924 et
2696 870 2931 940 quisque
2965 887 3067 941 pro
3098 888 3338 942 quoque.
3373 876 3539 931 etiam

1958 974 2060 1028 pro
2095 959 2254 1014 libris
2276 959 2346 1014 ab
2371 960 2508 1029 ipsis
2541 963 2892 1031 conscriptis,
2927 972 2985 1016 et
3011 979 3111 1032 pro
3163 964 3299 1033 ipsis
3331 966 3456 1019 libri
3486 966 3542 1022 in

1961 1047 2261 1119 Scriptura:
2292 1058 2393 1103 usu
2416 1051 2784 1119 appellantur.
2811 1052 2966 1117 Quod
3000 1065 3187 1121 aperte
3226 1056 3544 1112 manifestat

1958 1138 2233 1208 Dominus]
2266 1138 2534 1194 Joannem
2557 1140 2861 1208 'baptistam
2907 1141 3083 1195 Ellam
3135 1152 3192 1197 et
3234 1144 3442 1200 faciens
3486 1156 3545 1201 et

1959 1229 2152 1285 dicens
2196 1240 2256 1297 ω,
2306 1231 2422 1285 sive
2471 1240 2698 1301 propter
2752 1248 2941 1303 parem
3010 1235 3225 1290 virtutis
3267 1236 3540 1304 habitum,

1961 1331 2022 1377 ut
2067 1322 2326 1392 discipuli
2360 1322 2586 1387 dicunt,
2606 1338 2670 1376 ac
2710 1325 2932 1396 mentis.
2956 1341 3056 1394 per
3096 1330 3281 1381 omnia
3328 1330 3544 1399 purita-

1962 1420 2111 1477 tem,
2189 1422 2523 1483 propterque
2573 1415 3009 1470 conversationis
3075 1427 3130 1471 et
3189 1418 3314 1474 vitae
3361 1436 3545 1490 mqua-

1958 1504 2192 1569 litatem,
2224 1506 2341 1559 sive
2372 1505 2443 1559 ob
2473 1504 2820 1560 identitatem
2847 1506 3134 1577 utriusque
3165 1510 3221 1563 in
3248 1512 3420 1579 gratia
3446 1528 3547 1581 po-

1960 1596 2194 1659 testatis,
2239 1596 2354 1651 sive
2402 1596 2471 1651 de
2505 1598 2610 1651 alia
2650 1599 2871 1653 occulta
2913 1600 3149 1666 ratione,
3198 1601 3315 1670 ipse
3354 1603 3449 1671 qui
3482 1612 3545 1658 ut

1962 1686 2107 1741 Deus
2128 1688 2349 1743 locutus
2369 1697 2456 1743 est
2476 1688 2722 1755 sciverit,
2745 1698 2804 1744 et
2821 1691 2917 1760 qui
2943 1692 3074 1745 talia
3100 1692 3167 1747 ab
3190 1708 3257 1746 eo
3282 1694 3544 1764 mysteria

1958 1778 2142 1832 edocti
2175 1790 2320 1833 sunt.
2356 1778 2534 1849 Atque
2570 1780 2772 1835 iterum
2816 1783 3040 1853 Moysen
3084 1784 3282 1853 legem,
3318 1794 3375 1839 et
3410 1801 3543 1855 pro-

1959 1868 2155 1938 phetas
2210 1868 2383 1925 libros
2431 1886 2623 1925 eorum
2677 1872 3031 1942 propheticus
3090 1875 3398 1944 appellans,
3448 1877 3547 1932 ubi

1959 1962 2331 2019 Abrahamum
2372 1961 2751 2030 patriarcham
2797 1963 2863 2018 ad
2910 1965 3136 2019 divitem
3192 1966 3248 2020 in
3294 1969 3547 2037 gelienna

1958 2052 2281 2107 alilictatum
2308 2060 2363 2108 et
2386 2062 2642 2108 vexatum
2674 2054 2977 2111 introducit
3002 2056 3275 2112 dicentem
3301 2076 3315 2112 :
3337 2059 3546 2115 Habent

1959 2145 2173 2216 Moysen
2193 2153 2244 2198 et
2273 2147 2576 2215 prophetas,
2611 2147 2944 2201 audiuntaut:
2968 2156 3017 2212 ι’,
3049 2163 3153 2218 pro
3181 2150 3340 2205 libris
3367 2152 3436 2205 ab
3458 2153 3545 2208 eis

1958 2236 2292 2305 conscriptis
2322 2236 2471 2306 ipsos
2496 2236 2632 2291 illos
2664 2252 2901 2307 ponens,
2937 2238 3180 2309 Moysen,
3212 2240 3459 2310 inquam,
3488 2251 3546 2297 et

1962 2328 2279 2398 prophetas.
2307 2329 2496 2398 Neque
2525 2330 2726 2384 mirum
2772 2331 2896 2386 hoc.
2929 2332 3066 2387 Nam
3100 2333 3147 2387 si
3173 2348 3317 2388 unus
3337 2344 3422 2388 est
3446 2349 3547 2404 per

1958 2434 2061 2473 eos
2088 2420 2441 2488 praedicatus,
2472 2422 2717 2477 universi
2741 2432 3006 2500 tanquam
3038 2441 3182 2480 unus
3209 2441 3372 2496 quem
3401 2443 3545 2497 prae-

1962 2514 2153 2568 dicant
2190 2514 2516 2585 intelligere,
2550 2524 2608 2570 et
2637 2531 2738 2585 pro
2773 2518 3045 2572 universis
3087 2520 3544 2590 singuli‘quique,

1960 2614 2020 2660 et
2054 2621 2246 2660 omnes
2278 2621 2377 2676 pro
2408 2607 2686 2673 omnibus,
2713 2608 2801 2677 pie
2834 2609 3007 2679 accipi
3036 2620 3287 2679 possunt,
3312 2614 3406 2681 qui
3438 2613 3549 2669 Ve-

1967 2694 2103 2751 teris
2146 2694 2483 2749 Testamenti
2527 2698 2786 2766 mysterio
2838 2697 3215 2754 inservierunt
3246 2707 3302 2754 et
3345 2700 3549 2769 quibus

1964 2785 2245 2857 Evangelii
2277 2787 2465 2856 gratiae
2508 2787 2825 2856 praedicatio
2857 2790 3067 2843 credita
3106 2801 3244 2844 erat.
3277 2791 3460 2861 Itaque
3486 2801 3549 2847 ut

1965 2878 2211 2947 magnus
2231 2877 2470 2931 Joannes
2496 2876 2740 2945 Baptista
2766 2878 2822 2932 in
2854 2887 3024 2933 totam
3044 2880 3181 2934 Novi
3209 2881 3547 2937 Testamenti

1965 2968 2193 3038 ejusque
2221 2969 2407 3023 cultus
2435 2968 2667 3039 gratiam
2700 2968 2789 3038 pie
2823 2968 3057 3041 intelligi
3086 2981 3287 3041 potest,
3328 2975 3400 3028 ita
3424 2976 3550 3044 jure

284 3057 548 3151 κήρυγμα
576 3057 679 3151 τῆς
721 3057 863 3132 κατά
895 3057 956 3132 τὸ
995 3078 1326 3146 Εὑαγγέλιον
1361 3077 1605 3146 χάριτος.
1653 3076 1866 3130 Οὐκοῦν
1894 3086 1937 3145 c
1969 3057 2025 3111 in
2076 3066 2267 3151 “Auum,
2302 3058 2516 3112 Novum
2564 3058 2975 3114 Τθδιθωθηιυω
3033 3062 3263 3131 eiusque
3312 3064 3546 3132 cuum“:

286 3171 474 3242 ὥσπερ
503 3172 730 3237 suam
752 3168 916 3224 οὖσαν
939 3171 1040 3238 τῆς
1073 3170 1281 3237 Καινῆς
1340 3169 1612 3238 Διαθήκης
1640 3169 1734 3221 καὶ
1771 3168 1871 3238 τῆς

289 3262 407 3314 κατ’
446 3261 615 3333 αὐτὴν
658 3259 915 3331 λατρείας
953 3263 981 3312 6
1023 3259 1193 3329 μέγας
1242 3258 1554 3325 Βαπτιστὴς
1618 3258 1871 3326 Ἰωάννης

288 3336 528 3415 εὐσεϐῶς
578 3350 1111 3422 Δ’παραλαμϐάνεσθαι
1164 3349 1404 3413 δύναται,
1461 3349 1604 3400 οὕτω
1649 3347 1870 3410 δικαίως

286 3443 367 3507 εἰς
394 3443 522 3512 ὅλην
552 3442 650 3513 τὴν
679 3443 889 3512 Καινὴν
911 3441 1189 3510 Διαθήκην
1249 3439 1345 3492 καὶ
1385 3438 1482 3508 τὴν
1514 3422 1649 3490 κατ’
1702 3436 1869 3508 αὐτὴν

288 3532 564 3602 λατρείαν,
623 3531 939 3601 πρόδρομον
986 3525 1153 3582 οὖσαν
1213 3528 1310 3597 τῆς
1371 3527 1428 3578 ὲν
1487 3524 1565 3595 τῷ
1620 3524 1868 3595 μέλλοντι

289 3623 445 3679 αἰῶνι
476 3622 742 3693 μυστικῆς
770 3620 879 3674 τῶν
911 3620 1168 3691 ἀρρήτων
1212 3615 1435 3686 ἀγαθῶν
1485 3616 1867 3686 κρυφτότητος,

292 3714 384 3769 καὶ
423 3713 675 3781 Ἰωάννης
716 3715 745 3765 6
776 3710 949 3781 μέγας
994 3707 1211 3780 ἀληθῶς
1240 3705 1632 3776 εὐαγγελιστὴς
1659 3705 1869 3777 ληφθῆ⁴

290 3824 377 3863 ναι
427 3805 672 3868 δύναται,
723 3804 798 3868 ὡς
853 3801 1161 3873 πρόδρομος
1225 3799 1378 3870 φωνὴ
1431 3796 1524 3851 τοῦ
1584 3786 1868 3866 μέλλοντος

289 3897 502 3968 τρανῶς
543 3895 835 3953 λαλεῖσθαι
875 3893 1151 3963 θειοτέρου
1202 3890 1385 3959 λόγου,
1435 3891 1528 3943 καὶ
1556 3888 1720 3943 εἰκὼν
1771 3889 1869 3959 τῆς

289 3989 710 4060 δειχθησομένης
764 3986 1044 4057 ἀληθείας.
1093 3985 1228 4055 Σκιᾷ
1266 3982 1377 4055 γὰρ
1420 3983 1516 4036 καὶ
1556 3982 1723 4036 εἰκόνι
1774 3984 1870 4036 καὶ

289 4081 517 4158 ἀληθείᾳ
573 4081 636 4134 τὸ
680 4078 804 4135 καθ’
861 4079 1009 4157 ἡμᾶς
1054 4076 1175 4129 ὅλοιν
1221 4074 1326 4144 τῆς
1368 4073 1641 4142 σωτηρίας
1687 4068 1881 4142 σοφῶς

290 4170 613 4241 ᾠκονομήθη
651 4171 971 4241 μυστήριον.
1011 4166 1195 4220 Σκιὰν
1223 4164 1333 4235 γὰρ
1380 4159 1547 4231 εἶχεν
1579 4165 1612 4217 ό
1657 4162 1865 4232 νόμος,

291 4263 363 4323 ὥς
388 4280 552 4332 φησιν
582 4265 610 4316 6
639 4262 781 4323 θεῖος
819 4258 1163 4324 Ἀπόστολος,
1211 4255 1331 4309 τῶν
1348 4255 1700 4324 μελλόντων
1725 4256 1868 4322 ἀγα-

293 4353 449 4416 θῶν,
511 4357 621 4408 οὐκ
681 4351 877 4420 αὐτὴν
930 4349 1132 4419 (201
1191 4347 1262 4417 b)
1316 4345 1434 4415 τὴν
1480 4347 1694 4399 ἐἰκόνα
1747 4342 1868 4398 τῶν

293 4448 665 4518 πραγμάτων,
698 4448 766 4502 δι’
790 4444 861 4519 ἧς
886 4447 1011 4508 τοὺς
1041 4444 1182 4501 κατά
1206 4443 1370 4514 νόμον
1405 4441 1622 4504 οἰκείως
1652 4441 1867 4504 ἑαυτοῖς
1900 4422 1943 4476 Ῑ)

294 4542 411 4595 κατ’
466 4541 712 4612 ἀμυδρὰν
760 4556 881 4594 τινα
922 4539 1031 4592 τῶν
1070 4535 1285 4607 ἀληθῶν
1320 4534 1567 4605 ἔμφασιν
1610 4533 1746 4602 πρὸς
1768 4531 1867 4603 τὴν
1898 4606 1903 4609 _

292 4632 386 4686 τοῦ
414 4631 746 4702 Εὐαγγελίου
773 4630 1088 4703 παραδοχὴν
1130 4631 1163 4682 ὸ
1192 4628 1356 4697 λόγος·
1375 4624 1768 4695 ὲπαιδαγώγει.
1796 4624 1869 4678 Τὸ

291 4725 349 4777 δὲ
406 4724 737 4794 Εὐαγγέλιον
767 4728 949 4779 εἰκόνα
992 4724 1254 4794 κέκτηται
1297 4721 1406 4774 τῶν
1440 4718 1678 4791 ἀληθῶν,
1715 4719 1869 4781 ὅλους

295 4818 416 4888 ἔχον
465 4817 676 4887 τρανῶς
726 4814 1054 4875 ἀπεντεῦθεν
1107 4814 1211 4885 ήδη
1248 4815 1376 4876 τοὺς
1408 4812 1517 4866 τῶν
1567 4811 1870 4882 μελλόντων

296 4909 518 4977 ἀγαθῶν
555 4912 848 4978 ὁμοιότητα
891 4906 1289 4976 κτησαμένους.
1323 4902 1605 4976 Ἐτοίμους
1643 4904 1674 4957 ὀ
1715 4904 1873 4971 λόγος

295 5000 361 5052 δι’
392 5001 604 5062 ἐλπίδος
634 5000 926 5061 καθίστησι
964 5000 1035 5068 τῇ
1063 4998 1341 5071 παραδοχῇ
1375 4998 1474 5068 τῆς
1502 4996 1611 5050 τῶν
1658 4994 1873 5067 ἀληθῶν

297 5090 628 5162 ἀρχετυπίας
672 5088 1115 5159 ψυχωθῆναικαὶ
1154 5086 1406 5156 γενέσθαι
1455 5086 1635 5151 ζώσας
1661 5086 1877 5146 εἰκόνας

297 5181 557 5254 Χριστοῦ,
602 5184 696 5236 καὶ⁹
729 5180 925 5234 ταυτὸν
964 5178 1112 5250 αύτῷ
1151 5178 1349 5248 μᾶλλον
1400 5176 1543 5231 κατά
1579 5176 1678 5247 τὴν
1716 5178 1875 5248 χάριν

299 5274 332 5345 ἦ
364 5272 716 5343 ἀφομοίωμα,
742 5270 904 5341 τυχὸν
947 5269 1124 5345 δὲκαὶ
1168 5268 1329 5330 αὐτὸς
1363 5270 1391 5321 ὁ
1438 5266 1662 5337 Κύριος,
1709 5269 1757 5320 ει
1792 5266 1870 5336 μὴ

301 5366 555 5438 φορτικὸς
593 5367 622 5418 6
663 5364 819 5432 λόγος
851 5364 996 5415 τισὶν
1039 5357 1176 5417 εἶναι
1216 5361 1381 5415 δοκεῖ.
1431 5360 1520 5421 Ὠς
1566 5358 1872 5430 πρόδρομος

299 5459 495 5515 ἑαυτοῦ
524 5458 659 5529 πρὸς
677 5457 777 5515 τοῦ,
803 5454 1061 5525 θεοφόρου
1090 5453 1408 5508 διδασκάλου
1432 5452 1875 5523 προσηγόρευται

295 5552 418 5619 νῦν,
447 5553 520 5616 ὡς
554 5552 743 5605 ἑαυτὸν
795 5548 1069 5617 ἀναλόγως
1117 5551 1229 5611 τοῖς
1270 5547 1686 5619 ὑποδεχομένοις
1735 5546 1879 5600 κατά

372 5740 412 5772 ³³
440 5731 629 5788 Matth.
657 5748 729 5798 xl,
760 5731 844 5786 14.

922 5738 947 5765 ιι
979 5728 1112 5784 Luc.
1140 5744 1245 5794 xvr,
1277 5729 1365 5784 29.
1439 5738 1461 5760 °
1494 5725 1663 5783 Ilebr.
1698 5743 1753 5793 χ,
1783 5727 1834 5783 ι.

1970 3152 2068 3219 qui
2096 3149 2271 3204 futuri
2308 3150 2410 3206 τονὶ
2454 3151 2698 3221 mystica;
2746 3152 3109 3208 ineﬂ‘abilium
3152 3154 3424 3212 bonorum
3455 3174 3550 3216 oc-

1970 3242 2288 3296 cultationis
2330 3257 2640 3311 praeeursor
2670 3253 2785 3309 est,
2827 3246 2995 3299 etiam
3040 3247 3280 3303 Joannes
3320 3265 3552 3321 magnus

1970 3345 2164 3385 revera
2192 3332 2530 3400 evangelista
2559 3340 2741 3400 potest
2780 3335 2979 3402 accipi,
3013 3344 3077 3389 ut
3105 3351 3208 3390 vox
3242 3353 3554 3406 praeeursor

1967 3421 2262 3476 divinioris
2308 3421 2590 3478 Sermonis
2634 3433 2824 3492 aperte
2866 3425 3001 3479 olim
3043 3429 3459 3495 pronuntiandi,
3494 3440 3552 3487 et

1969 3514 2325 3568 simulacrum
2369 3514 2622 3569 veritatis
2651 3515 3118 3571 demonstrandae.
3157 3517 3360 3573 Umbra
3399 3521 3552 3575 enim

1969 3617 2027 3661 et
2075 3605 2373 3660 simulacro
2421 3615 2477 3661 et
2520 3590 2757 3661 veritate
2803 3614 2978 3661 totum
3026 3608 3223 3664 salutis
3254 3611 3398 3680 apud
3449 3627 3554 3669 nos

1971 3698 2294 3769 mysterium
2350 3697 2629 3768 sapienter
2683 3698 3064 3768 dispensatum
3120 3710 3224 3756 est.
3297 3703 3550 3758 Umbram

1973 3793 2109 3846 enim
2142 3791 2365 3845 habebat
2398 3794 2501 3857 (ex,
2547 3800 2608 3845 ut
2648 3791 2783 3846 dicit
2809 3792 3029 3848 divinus
3049 3792 3364 3864 Apostolus,
3410 3797 3554 3866 futu-

1972 3900 2152 3940 rorum
2181 3885 2459 3949 bonorum,
2491 3900 2597 3938 non
2625 3885 2800 3955 ipsum
2829 3900 3006 3939 rerum
3047 3886 3555 3958 simulacrumﬁqua

1940 3992 1943 3995 '
1972 3993 2073 4034 suo
2095 3977 2201 4032 sibi
2224 3978 2408 4031 sermo
2432 3976 2595 4031 modo
2634 3992 2738 4046 per
2768 3977 3059 4032 obscuram
3085 3980 3379 4047 quamdam
3404 3981 3551 4035 νει-ἰς-

1971 4050 2143 4127 talum
2180 4069 2637 4139 signiﬁcationem
2678 4071 2744 4124 ad
2768 4069 3125 4141 Evangelium
3166 4072 3552 4141 accipiendum

1969 4162 2108 4231 legis
2127 4162 2370 4217 cultores
2393 4161 2725 4216 instrueret.
2793 4162 3150 4231 Evangelium
3173 4174 3356 4217 autem
3382 4165 3554 4218 simu-

1968 4254 2175 4308 lacrum
2220 4252 2468 4322 possidet
2503 4252 2836 4317 veritatum,
2881 4262 2937 4307 et
2984 4262 3126 4307 totos
3168 4263 3357 4323 aperte
3402 4265 3554 4311 tenet

1968 4347 2101 4401 hinc
2135 4346 2249 4416 jam
2292 4345 2388 4414 qui
2432 4344 2540 4398 sibi
2584 4344 2896 4398 futurorum
2929 4343 3199 4398 bonorum
3235 4347 3554 4404 similitudio

1971 4454 2096 4495 neut
2126 4438 2535 4508 quaesiverunt-
2567 4437 2847 4506 Praeparat
2888 4451 3069 4491 sermo
3105 4453 3205 4505 per
3229 4453 3378 4507 spem
3408 4441 3555 4494 verb

1973 4539 2147 4586 tatam
2176 4530 2349 4584 forma
2376 4529 2703 4599 primigenia
2735 4537 2952 4598 recepta
2992 4529 3290 4583 animatum
3336 4529 3405 4583 iri
3450 4546 3558 4587 nos

1934 4616 1943 4621 ’
1971 4631 2029 4676 et
2060 4622 2215 4676 vivas
2243 4620 2451 4676 Christi
2481 4621 2597 4676 fore
2627 4621 2916 4690 imagines,
2948 4620 3059 4674 imo
3091 4621 3235 4676 idem
3264 4623 3412 4691 quod
3458 4624 3555 4680 ille

1974 4713 2160 4784 potius
2206 4728 2305 4783 per
2348 4707 2577 4783 gratiam
2625 4713 2742 4766 fore
2787 4728 2949 4781 quam
2993 4712 3375 4779 simulacrum,
3419 4717 3555 4785 quin

1975 4806 2208 4861 fortasse
2232 4804 2317 4860 vel
2348 4804 2526 4874 ipsum
2554 4805 2845 4859 Dominum
2884 4804 3039 4868 fore,
3069 4804 3175 4859 nisi
3215 4804 3412 4861 durius
3447 4806 3557 4861 hoc

1973 4899 2185 4955 dictum
2227 4897 2507 4968 aliquibus
2561 4897 2837 4951 videatur.
2886 4895 3360 4962 Quemadmodum
3403 4914 3557 4954 nunc

1974 5005 2281 5063 praecursor
2310 4989 2401 5047 sui
2442 4982 2618 5058 ipsius
2657 5004 2690 5043 a
2739 4988 2930 5043 divino
2971 4987 3199 5049 doctore
3246 4990 3557 5058 appellatus

1974 5092 2061 5140 εει
2087 5083 2183 5153 qui
2219 5097 2340 5141 sese
2371 5081 2457 5136 eis
2482 5095 2606 5150 quae
2630 5087 2688 5134 et
2709 5079 2777 5134 de
2801 5080 2999 5136 Vetere
3017 5088 3074 5135 et
3098 5078 3166 5133 de
3188 5079 3341 5135 Novo
3367 5080 3558 5138 Testa-

1976 5186 2164 5232 mento
2189 5182 2477 5245 acceperat
2500 5172 2896 5229 convenienter
2918 5170 3274 5237 ostendisset,
3304 5187 3400 5242 per
3425 5174 3559 5229 eni-
3646 5172 3651 5185 ³

1975 5279 2156 5340 gmata
2188 5277 2245 5324 et
2287 5283 2451 5324 voces
2492 5275 2551 5322 et
2584 5267 2850 5338 imagines
2878 5265 2965 5321 sui
3009 5257 3183 5335 ipsius
3226 5280 3561 5335 praecursor,

1977 5376 2189 5432 perque
2227 5361 2347 5417 haec
2389 5360 2457 5415 ad
2501 5360 2793 5417 veritatem
2825 5359 2912 5415 bis
2949 5359 3212 5415 nudatam
3241 5359 3564 5425 deducens;

1978 5454 2034 5510 id
2061 5453 2210 5524 quod
2230 5454 2406 5523 ipsius
2422 5453 2646 5509 Domini
2667 5453 2856 5509 verbis
2881 5460 3133 5516 testatur,
3158 5451 3523 5522 quibusdixit
3543 5468 3562 5504 ι

1979 5547 2161 5602 Adhuc
2186 5545 2354 5602 multa
2382 5544 2522 5603 vobis
2543 5547 2714 5601 dicere
2736 5546 2918 5612 habeo,
2941 5545 3030 5599 sed
3055 5561 3159 5600 non
3183 5545 3394 5616 potestis
3421 5556 3563 5598 nunc
3587 5593 3591 5596 .
