4038 6146
512 231 647 297 1255
731 272 733 274 -
1637 228 1695 285 S.
1737 225 2024 284 ΜΛΧῘΜΙ
2063 222 2102 279 C

2238 221 2573 281 "ESSURIS
2853 262 2865 280 .
3691 213 3833 279 1256

505 341 754 412 bajulare
784 352 830 405 P,
878 339 1255 394 sublimiorem
1292 337 1513 407 quidem
1555 353 1617 390 ea
1645 352 1764 405 qua:
1795 350 2089 405 pratgrcssa

2240 351 2250 385 ι
2280 334 2380 404 τὴν
2410 333 2652 387 Παλαιὰν
2680 332 2819 386 κατά
2861 349 2917 384 τε
2948 332 3044 403 τὴν
3091 332 3241 386 Νέαν
3287 329 3606 398 Διαοήκην
3633 328 3835 396 Exqui-

506 439 648 493 erat,
673 430 766 484 sed
793 444 856 482 ea
881 444 1002 496 quae
1027 437 1149 496 post
1173 441 1230 480 se
1252 441 1350 495 per
1371 426 1618 479 divinum
1651 425 1915 494 Spiritum
1939 425 2084 477 circa

2235 443 2313 490 μιν,
2369 424 2436 476 δι’
2495 423 2832 494 αἰνιγμάτων
2893 442 2954 477 τε
3014 424 3112 478 καὶ
3170 422 3384 492 φωνῶν
3458 421 3568 474 καὶ
3636 422 3830 473 τύπων

510 521 686 588 ipsum
734 519 914 572 futura
962 525 1107 571 esset
1139 516 1492 570 humiliorem
1538 524 1597 569 et
1627 517 1800 584 ipsam
1843 515 2087 584 discipli-

2236 518 2506 590 pmpéxmv
2549 517 2712 580 αὑτὸς
2741 516 2958 582 ἑαυτοῦ,
3001 518 3096 571 καὶ
3141 517 3234 571 διὰ
3269 516 3502 570 τούτων
3555 513 3702 584 πρὸς
3731 514 3830 585 τὴν

508 626 633 664 nam
666 609 954 678 discipulis
980 607 1314 678 significans.
1343 606 1520 670 Unde,
1563 606 1622 659 ni
1662 606 1841 669 fallor,
1887 605 2088 676 adjecit

2232 612 2360 682 ωρὶς
2409 610 2617 663 τούτων
2669 610 2816 676 ἄγων
2862 610 3139 680 ἀλήθειαν,
3190 611 3310 672 τοῖς
3366 606 3559 661 αὑτοῦ
3613 608 3827 676 Κυρίου

509 700 854 756 illud:Cum
912 711 1093 753 autem
1150 701 1348 753 venerit
1400 699 1492 751 ille
1547 700 1782 752 veritatis
1836 697 2083 767 Spiritus,

2233 703 2366 770 Ξγοις
2423 700 2584 754 τοῦτο
2626 703 3085 772 τεκμαιρομένου,
3146 702 3216 755 δι’
3262 695 3343 754 ὧν
3381 699 3615 768 ἔλεγεν,
3701 701 3828 752 Ἔτι

507 794 723 846 deducet
757 809 842 846 vos
869 791 923 844 in
949 793 1091 844 omni
1118 793 1336 846 veritate
1362 800 1419 855 rl;
1448 791 1534 844 vel
1559 791 1642 844 eis
1666 804 1787 859 qua:
1808 790 1939 844 alibi
1968 791 2044 844 ait
2071 806 2084 842 :

2231 794 2392 848 ὀλλὰ
2415 795 2532 864 ἔχω
2564 794 2767 863 λέγειν
2785 794 2947 863 ὑμῖν,
2984 796 3124 848 ἀλλ’
3150 796 3225 848 οὐ
3255 794 3554 848 δύνασθε
3578 791 3826 858 βαστὰ-

508 886 642 939 Ecce
674 901 764 954 ego
802 902 907 938 una
937 899 1053 936 cum
1076 884 1214 936 vobis
1249 899 1338 935 ero
1362 899 1541 935 omnes
1564 884 1672 936 dies
1700 897 1864 952 usque
1889 881 1958 934 ad
1993 883 2090 935 arvi

2230 901 2308 937 ειν
2331 884 2497 953 ἀρτιο
2531 885 2813 954 σημαίνων
2847 884 2947 952 τὴν
2987 883 3334 954 ὑψηλοτέραν
3372 883 3484 953 μὲν
3521 884 3639 952 τῆς
3689 900 3825 952 προ-

507 976 1008 1028 consummationem
1045 983 1086 1024 ι’.
1121 974 1240 1028 Non
1269 973 1417 1042 quod
1445 980 1636 1042 postea
1666 973 1826 1041 plane
1857 987 1967 1024 non
2002 971 2090 1024 fu-

2245 975 2484 1044 ιϐοὑσης,
2553 972 2982 1043 χθαμαλωτέραν
3023 973 3080 1025 δὲ
3149 975 3240 1026 καὶ
3294 974 3480 1044 αὑτὴν
3540 975 3654 1042 τῆς
3712 984 3840 1045 μετ’

509 1077 669 1120 turus
699 1074 768 1119 sit
803 1081 908 1119 una
939 1081 1066 1118 cum
1099 1064 1201 1129 eis,
1238 1065 1334 1120 sed
1381 1065 1527 1135 quod
1568 1064 1861 1117 sublimior
1897 1063 2092 1116 videli-

2232 1065 2361 1136 ὑτὴν
2391 1065 2482 1118 διὰ
2513 1064 2606 1117 τοῦ
2639 1064 2784 1117 θείου
2832 1065 3148 1132 Πνεῦμα-τος
3195 1067 3324 1134 περὶ
3365 1066 3554 1118 αὑτοῦ
3591 1067 3821 1136 μέλλειν

509 1170 595 1214 cet
637 1161 706 1213 sit
741 1161 961 1212 futurus
990 1174 1154 1228 quam
1185 1174 1348 1228 quem
1397 1173 1463 1212 eo
1517 1172 1691 1226 usque
1739 1157 2091 1210 humiliorem

2228 1175 2293 1209 αν
2365 1156 2604 1220 ἔσεσθαι,
2679 1156 2819 1226 πρὸς
2894 1157 3094 1219 αὑτοὺς
3164 1157 3562 1211 διδασκαλίαν.
3653 1160 3819 1212 Ἰ)θῆ

509 1253 810 1313 novissent,
840 1258 898 1302 ut
930 1265 1091 1318 quem
1127 1249 1194 1302 ad
1242 1264 1394 1302 suam
1423 1247 1740 1301 facultatem
1782 1245 2091 1314 augendam

2227 1247 2416 1309 ἱκότως
2463 1249 2741 1316 ἐπήγαγεν
2769 1264 2782 1277 ·
2825 1248 3012 1301 Ὅταν
3063 1248 3132 1301 δὲ
3197 1249 3348 1318 ἔλθῃ
3413 1250 3702 1316 ἐκεῖνος,
3757 1254 3813 1304 tc‘.

509 1352 692 1398 essent
716 1343 976 1412 agnituri.
1005 1341 1152 1394 Idem
1181 1340 1328 1393 enim
1355 1354 1451 1408 per
1475 1353 1532 1392 se
1561 1351 1779 1405 semper
1799 1336 2088 1400 exsistens,

2222 1339 2433 1406 Ινεῦμα
2493 1339 2605 1407 τῆς
2663 1340 2973 1408 ἀληθείας,
3031 1340 3318 1409 ὁδηγήσει
3364 1341 3537 1410 ὑμᾶς
3601 1344 3680 1395 ἑν
3745 1342 3817 1407 τῇ

512 1436 826 1502 nullamque
872 1448 940 1486 ex
989 1431 1368 1486 immutatione
1397 1428 1840 1492 conversionem,
1889 1441 1993 1480 nec
2035 1426 2092 1480 in

2254 1431 2441 1498 ἰηθείᾳ
2474 1431 2638 1498 πάσῃ
2771 1432 2866 1486 καὶ
2887 1431 2952 1483 δι’
2987 1425 3062 1485 ὧν
3096 1433 3325 1501 ἑτέρωθι
3356 1449 3566 1503 φησιν·
3629 1433 3849 1520 76019,,~

509 1527 681 1595 magis
727 1532 830 1583 aut.
868 1525 1052 1576 minus
1101 1530 1454 1592 augmentum
1507 1529 1602 1572 aut
1649 1517 2091 1592 imminutionem

2218 1521 2306 1590 τὼ
2345 1523 2472 1588 μεθ’
2514 1520 2682 1591 ὑμῶν
2718 1525 2835 1589 ειμι
2879 1522 3080 1588 πάσας
3131 1525 3237 1589 τὰς
3278 1524 3506 1592 ἡμέρας
3545 1524 3672 1589 ἕως
3705 1524 3813 1592 τῆς

507 1617 829 1679 admittens,
873 1615 1132 1668 omnibus
1172 1613 1356 1666 omnia
1398 1627 1496 1680 per
1545 1609 1808 1663 bonitatis
1840 1609 1901 1662 fit
1931 1623 2092 1662 exsu-

2218 1610 2553 1673 rvrrslsiac
2587 1608 2694 1663 τοῦ
2716 1608 2932 1674 αἰῶνος
2960 1626 2974 1640 ·
2998 1613 3098 1681 οὐχ
3117 1612 3192 1676 ὡς
3219 1614 3356 1682 μετὰ
3390 1614 3566 1667 τοῦτο
3603 1633 3813 1667 παντε-

509 1707 838 1777 perantiam,
888 1706 1113 1759 humilis
1161 1702 1501 1765 humilibus,
1553 1701 1808 1754 sublimis
1847 1700 2098 1754 sublimi-

2218 1696 2303 1758 ὡς
2354 1697 2534 1766 (202
2565 1696 2620 1766 a)
2671 1697 2770 1749 οὑκ
2838 1699 3100 1769 ἐσομένου
3148 1704 3265 1771 μετ’
3308 1703 3514 1767 αὑτῶν,
3576 1705 3708 1758 ἀλλ’
3741 1708 3813 1769 ὡς

509 1800 634 1862 bus,
663 1809 718 1852 et
746 1799 828 1852 eis
861 1798 955 1867 qui
985 1814 1042 1850 se
1072 1812 1172 1864 per
1212 1810 1270 1848 se
1305 1793 1483 1863 ipsum
1514 1792 1844 1846 deiﬁcentur
1874 1790 2094 1860 proprie

2222 1787 2532 1858 ’ψηλοτέρου
2610 1787 2853 1858 δηλονότι
2908 1793 3055 1862 ,παρ’
3127 1793 3186 1846 ὃν
3267 1795 3404 1858 τέως
3485 1798 3817 1866 ἠπίσταντο

507 1892 674 1953 Deus,
722 1891 858 1944 adeo
905 1897 966 1942 ut
1010 1887 1298 1958 prasentis
1346 1886 1447 1940 αινὶ
1501 1885 1687 1938 omnia
1735 1882 2096 1952 providentia:

2222 1877 2638 1950 ίΘαμαλώτερον,
2666 1879 2741 1944 ὡς
2765 1883 2902 1952 πρὸς
2929 1883 3027 1954 τὴν
3075 1886 3283 1941 ἑαυτῶν
3331 1888 3572 1959 δύναμιν
3638 1892 3817 1960 γινώ-

507 1983 654 2038 circa
685 1981 962 2035 hominem
1005 1980 1193 2034 forma:
1224 1989 1388 2045 atque
1430 1975 1689 2046 mysteria
1714 2015 1728 2038 ,
1754 1982 2096 2042 quantacun—

2218 1969 2424 2022 ςκεσΘαι
2477 1970 2782 2040 μέλλοντος.
2821 1974 3092 2040 Ὡσαύτως
3141 1977 3250 2049 γὰρ
3297 1978 3568 2050 ὑπάρχων
3593 1983 3692 2036 ἀεὶ
3743 1985 3813 2038 δι’

505 2089 614 2143 que
643 2080 794 2136 sunt,
828 2072 931 2125 vite
972 2068 1302 2139 praeparatio
1339 2076 1395 2121 et
1434 2066 1747 2120 futurorum
1775 2063 1977 2132 praevia
2002 2061 2096 2115 de-

2216 2062 2410 2127 ;αυτὸν,
2451 2063 2545 2116 καὶ
2578 2065 2847 2136 μηδεμίαν
2876 2067 3316 2138 παραδεχόμενος
3355 2071 3412 2137 ἐξ
3439 2072 3811 2138 ἀλλοιώσεως

507 2165 738 2234 scriptio
771 2163 861 2217 sit.
890 2161 1255 2230 Comparatus
1289 2159 1454 2228 igitur
1489 2166 1544 2212 et
1576 2157 1693 2226 ipse
1722 2153 1940 2209 Domini
1971 2167 2095 2222 per-

2215 2153 2525 2224 ιεταόολὴν,
2577 2153 2703 2207 οὔτε
2739 2157 2802 2208 τὸ
2838 2157 3038 2226 μᾶλλον
3081 2161 3175 2212 καὶ
3204 2153 3388 2231 ἦττον,
3420 2165 3560 2216 πᾶσι
3619 2167 3810 2218 πάντα

507 2255 786 2326 ceptibilis
818 2254 1038 2308 interim
1069 2267 1252 2306 sermo
1295 2267 1420 2304 cum
1459 2264 1525 2303 eo
1556 2250 1650 2318 qui
1693 2247 1866 2316 magis
1903 2244 2095 2315 mysti—

2214 2244 2407 2311 (ίνεται
2468 2245 2536 2298 δι’
2588 2246 2896 2317 ὑπερϐολὴν
2956 2249 3311 2321 ἀγαθότητος,
3371 2253 3643 2317 ταπεινὸς
3690 2261 3809 2319 τοῖς

506 2363 607 2403 cus
629 2346 918 2415 discipulis
945 2345 1076 2398 olim
1104 2343 1347 2406 dabitur,
1379 2351 1436 2396 et
1467 2340 1734 2411 pristinus
1755 2339 1874 2408 ejus
1902 2352 2094 2392 rursus

2213 2338 2491 2403 ταπεινοῖς,
2545 2337 2748 2408 ὑψηλὸς
2781 2342 2894 2402 τοῖς
2941 2340 3186 2410 ὑψηλοῖς,
3236 2343 3329 2395 καὶ
3373 2346 3488 2406 τοῖς
3528 2345 3601 2398 δι’
3634 2348 3808 2401 αὑτὸν

507 2453 633 2491 cum
679 2435 922 2490 secundo
969 2433 1260 2495 adventus,
1295 2432 1378 2485 sui
1432 2430 1604 2500 ipsius
1647 2443 1956 2498 przecursor
1985 2436 2090 2492 est,

2210 2429 2514 2500 lsoupévm;
2541 2430 2570 2482 ό
2618 2430 2778 2499 φύσει
2813 2431 2967 2496 Θεὸς,
2995 2424 3086 2496 ’ὡς
3119 2429 3257 2488 εἶναι
3292 2435 3360 2488 τὰ
3390 2436 3488 2489 τοῦ
3521 2441 3805 2508 παρόντος

508 2528 744 2581 obscure
776 2524 999 2594 quidem
1028 2523 1084 2575 in
1126 2537 1184 2576 se
1226 2520 1526 2575 ostendens
1549 2519 1616 2574 ad
1643 2517 1986 2571 audientium
2015 2517 2094 2570 fa-

2206 2520 2386 2583 ιίὦνος
2416 2520 2593 2575 πάντα
2624 2525 2725 2592 τῆς
2774 2523 3018 2591 περιιὼν
3063 2525 3349 2597 ἄνθρωπον
3382 2530 3658 2599 προνοίας
3684 2533 3801 2597 star,

507 2617 796 2677 cultatem,
823 2627 934 2665 non
974 2609 1327 2679 patefaciens,
1361 2624 1510 2663 nunc
1533 2623 1654 2676 quae
1678 2606 1733 2659 in
1759 2607 1978 2660 occulto
1999 2621 2096 2675 pe—

2206 2625 2250 2662 re
2289 2609 2383 2662 καὶ
2415 2612 2710 2681 μυστήρια,
2742 2610 2845 2665 κᾶν
2875 2611 3086 2681 μεγάλα
3113 2610 3170 2684 ᾖ,
3203 2615 3631 2688 προοδοποίησίν
3681 2638 3801 2674 τινα

507 2721 607 2760 nes
640 2720 698 2758 se
728 2703 893 2756 tacite
920 2701 1084 2754 habet
1110 2701 1388 2770 mysteria,
1424 2708 1716 2767 propterea
1761 2696 1908 2766 quod
1953 2696 2094 2750 inte;

2205 2701 2288 2755 mi.
2336 2703 2777 2772 πρώιατὺπωσιν
2825 2705 2934 2760 τῶν
2974 2706 3294 2776 μελλόντων.
3342 2711 3800 2783 Συγκρινόμενος

509 2795 614 2846 rim
644 2789 950 2846 conditioni
979 2791 1138 2858 plane
1166 2790 1278 2842 sint
1301 2786 1782 2856 imperceptibilia.
1810 2786 2092 2857 Quidquid

2205 2789 2286 2848 νῦν
2334 2795 2426 2848 καὶ
2461 2795 2624 2860 αὐτὸς
2671 2797 2701 2849 ό
2739 2796 2876 2860 τέως
2926 2797 3022 2851 τοῦ
3073 2800 3278 2869 Κυρίου
3331 2804 3585 2872 χωρητὺς
3637 2806 3800 2873 λόγος

509 2885 681 2947 enim,
726 2891 786 2936 ut
823 2881 959 2945 dixi,
1004 2881 1208 2936 litteris
1236 2880 1482 2951 subiacet
1513 2887 1568 2934 et
1609 2877 1856 2942 vocibus,
1887 2879 1940 2932 id
1970 2879 2091 2931 ﬁeri

2208 2883 2329 2954 πρὸς
2381 2885 2472 2938 τὸν
2539 2887 2801 2954 μέλλοντα
2877 2887 2992 2950 τοῖς
3049 2888 3321 2958 μαθηταῖς
3381 2892 3803 2964 μυστικώτερον

511 2992 620 3030 non
647 2982 829 3046 potem
858 2975 993 3044 quin
1023 2981 1077 3027 et
1109 2988 1269 3026 suum
1312 2987 1379 3027 ex
1407 2980 1581 3026 semet
1613 2971 1972 3035 intellectum,
2004 2972 2091 3026 vel

2205 2976 2674 3047 ἑπιχορηγεῖσθαι,
2702 2979 2737 3048 ἢ
2763 2996 2821 3032 τε
2852 2979 3095 3052 προτέρα
3122 2974 3285 3034 πάλιν
3315 2982 3482 3036 αὐτοῦ
3517 2989 3800 3057 παρουσεα

509 3071 557 3125 si
604 3045 887 3137 spirituale
940 3065 1072 3135 quid
1123 3065 1214 3126 sit,
1248 3073 1523 3132 quatenus
1564 3061 1986 3132 haudquaquam
2035 3062 2090 3117 in

2204 3045 2560 3138 ιῇίδευτέρᾳ,
2618 3045 2922 3142 πρόδρομός
2974 3045 3123 3122 ἐστιν
3177 3070 3392 3136 ἑαυτοῦ,
3452 3045 3799 3146 παραδείξας

509 3160 725 3213 litteras
749 3166 911 3226 atque
937 3154 1306 3210 elocutionem
1332 3153 1498 3218 cadit,
1527 3162 1786 3221 tanquam
1817 3153 1884 3207 ad
1917 3154 2088 3207 mani-

2203 3157 2300 3226 μὲν
2330 3157 2587 3228 ἀμυδρῶς
2618 3160 2676 3211 ὲν
2722 3159 2904 3229 ἑαυτῷ
2933 3161 3068 3232 πρὸς
3093 3161 3190 3233 τὴν
3231 3163 3341 3216 τῶν
3371 3165 3798 3236 ὑποδεχομένων

509 3250 710 3306 festum
763 3256 818 3304 et
886 3247 1237 3318 perspicuum
1288 3245 1490 3314 dirigat
1538 3244 1807 3310 verbum;
1857 3244 2090 3314 ideoque

2202 3249 2446 3320 δύναμιν,
2488 3251 2547 3304 οὺ
2597 3251 2918 3322 φανερώσας
2961 3254 3020 3306 δὲ
3071 3244 3165 3309 νῦν
3203 3256 3349 3327 ἅπερ
3404 3257 3522 3327 ἔχει
3571 3277 3797 3333 σεσιγη-

509 3355 848 3414 quzecunque
881 3357 911 3394 a
938 3339 1161 3394 Christo
1186 3339 1297 3392 Deo
1327 3337 1616 3405 discipulis
1658 3335 1715 3390 in
1747 3336 2091 3391 inenarrabi-

2199 3341 2378 3409 μένως
2414 3342 2546 3411 παρ’
2595 3343 2778 3414 ἑαυτῷ
2824 3345 2884 3399 ὲν
2922 3345 3225 3416 ἀποκρύφῳ
3267 3351 3572 3419 μυστήρια,
3605 3352 3699 3406 διὰ
3739 3356 3794 3406 τὴ

509 3434 616 3488 lem
677 3433 1016 3487 intellectum
1077 3441 1136 3486 et
1200 3429 1714 3498 interpretationem
1765 3428 1910 3482 dicta
1959 3439 2089 3484 sunt

2198 3432 2261 3500 τῇ
2297 3432 2472 3484 κτίσει
2515 3433 2652 3494 τέως
2698 3431 2839 3489 εἶναι
2882 3439 3161 3502 παντελῶς
3188 3440 3471 3512 ἀχώρητα.
3529 3445 3651 3497 Πᾶν
3686 3449 3793 3517 γὰρ

505 3524 773 3579 Joannem
830 3523 1060 3578 fortasse
1109 3521 1331 3575 divinus
1377 3519 1468 3574 hic
1513 3519 1707 3572 doctor
1755 3519 2086 3588 appellavit,

2198 3521 2223 3574 ὃ
2254 3523 2576 3594 γράμμασιν
2621 3526 2938 3594 ὑποπίπτει,
2966 3529 3148 3595 καθὼς
3175 3534 3413 3604 εἴρηται,
3440 3539 3543 3589 ’καὶ
3585 3542 3793 3605 φωναῖς

510 3629 904 3687 praecursorem
948 3614 1177 3684 gratiam
1219 3629 1287 3667 ex
1337 3627 1403 3667 eo
1441 3625 1552 3680 quo
1594 3610 1661 3664 ad
1710 3610 2086 3679 recipiendum

2197 3615 2415 3679 πάντως
2445 3617 2529 3669 ὅτι
2573 3620 2669 3673 καὶ
2711 3619 2802 3672 τὸν
2839 3623 3130 3692 νοούμενον
3172 3624 3232 3689 ἐξ
3257 3627 3447 3694 αὑτοῦ,
3481 3630 3589 3683 κᾶν
3629 3648 3788 3683 πνευ-

509 3715 671 3776 aptus
700 3715 823 3760 erat
851 3705 1080 3773 pulchre
1123 3712 1288 3773 atque
1325 3702 1608 3772 sapienter
1633 3703 1946 3758 nominans.

2201 3706 2425 3775 ματυιὸν
2465 3701 2522 3778 ᾖ,
2570 3707 2695 3762 ὅσον
2743 3711 2884 3782 πρὸς
2931 3713 2996 3765 τὸ
3049 3714 3291 3784 μηδόλως
3335 3717 3641 3787 γράμμασι
3699 3721 3789 3772 καὶ

510 3800 816 3868 ἐκφωνήσει
889 3797 1251 3868 προσπίπτον,
1326 3798 1510 3867 φωνῆς
1590 3795 1746 3864 λόγον
1814 3795 1889 3856 ὼς
1957 3794 2091 3864 πρὸς
2164 3798 2363 3867 τρανὸν
2436 3799 2593 3868 λόγον
2637 3803 2845 3873 ἐπέχει,
2897 3805 2992 3857 xui.
3041 3805 3130 3858 διὰ
3172 3807 3330 3860 τοῦτο
3377 3809 3560 3864 πάντα
3601 3812 3674 3865 τὰ
3703 3813 3786 3865 διὰ

509 3887 746 3958 Χριστοῦ
799 3885 892 3940 τοῦ
944 3887 1080 3940 Θεοῦ
1126 3889 1236 3950 τοῖς
1319 3886 1584 3956 μαθηταῖς
1674 3883 1974 3953 λαληθέντα
2030 3885 2166 3957 πρὸς
2201 3886 2291 3940 τὸν
2332 3888 2600 3960 ἀλάλητον
2660 3891 2786 3946 νοῦν
2841 3894 2961 3965 ἦτοι
3019 3895 3205 3967 νόησιν
3271 3897 3532 3970 Ἰωάννην
3583 3903 3717 3967 ἴσως
3759 3905 3786 3955 ό

509 3987 800 4048 Θεσπέσιος
859 3978 1010 4049 οὗτος
1046 3982 1366 4048 διδάσκαλος
1423 3981 1837 4055 προσηγόρευσε
1866 4021 1882 4046 ,
1925 3981 2022 4052 τὴν
2089 3983 2396 4054 πρόδρομον
2442 3986 2603 4058 χάριν
2637 3989 2702 4042 ἐκ
2730 3987 2823 4044 τοῦ
2869 3990 3122 4046 δεκτικοῦ
3164 3991 3345 4057 καλῶς
3370 4008 3438 4048 τε
3470 3998 3571 4051 καὶ
3606 3999 3784 4068 σοφῶς

508 4083 802 4153 ὀνομάσας.

509 4267 593 4322 Ea:
623 4265 800 4319 eodem
825 4276 1088 4323 sermone,
1139 4262 1195 4312 in
1239 4258 1408 4312 illud:
1451 4275 1468 4310 ι
1495 4256 1802 4330 Disputatio
1848 4273 1970 4311 vero
2019 4273 2084 4312 ea

2189 4257 2377 4330 (202
2432 4260 2485 4330 b’)
2540 4260 2637 4314 Ἐκ
2691 4262 2800 4316 τοῦ
2853 4263 3041 4318 αὐτοῦ
3097 4264 3324 4332 λόγου,
3376 4268 3467 4331 εις
3523 4267 3617 4332 τὸ,
3681 4271 3779 4322 «Ὀ

581 4372 700 4429 qua:
727 4356 790 4408 de
817 4354 923 4406 Deo
949 4352 1256 4422 suscipitur,
1287 4367 1387 4420 qua
1436 4349 1734 4420 perfectior,
1769 4365 1827 4401 eo
1881 4365 2086 4420 quoque

2262 4351 2333 4404 δὲ
2388 4352 2523 4420 περὶ
2581 4352 2731 4407 Θεοῦ
2784 4355 2988 4423 λόγος,
3045 4354 3170 4420 ὅσῳ
3217 4356 3600 4426 τελεώτερος,
3644 4376 3779 4413 τοσ-

582 4447 953 4519 di/ﬁciliorest,
1018 4443 1358 4514 pluribusque
1425 4440 1866 4512 objectationibus
1897 4449 2081 4511 patet,
2123 4476 2170 4536 υ

2266 4442 2420 4506 ούτφ
2463 4442 2982 4511 δυσεφικτότερος,
3035 4445 3135 4499 καὶ
3185 4446 3438 4512 πλειους
3479 4448 3589 4512 τὰς
3619 4450 3776 4502 ἀντι-

583 4544 640 4596 in
675 4543 842 4610 iisque
884 4537 1150 4591 diluendi:
1204 4553 1268 4590 ac
1323 4534 1666 4590 dissolv’endis
1719 4539 1839 4605 plus
1894 4536 2089 4605 negotii
2125 4533 2155 4536 “

2264 4533 2487 4601 λήψεις
2559 4533 2718 4602 ἔχων
2738 4574 2754 4598 ,
2837 4535 2937 4588 καὶ
2995 4536 3122 4602 ,τὰς
3202 4535 3420 4604 ,λύσεις
3485 4539 3773 4609 ἐρτωδεσυ

582 4635 814 4704 Incessit.
842 4651 858 4683 ι

2266 4624 2456 4692 τέρας.
2495 4643 2514 4676 ι
3134 4632 3137 4635 ’

584 4752 643 4806 Si
674 4747 972 4820 qnte'facta
1012 4755 1144 4801 sunt
1175 4747 1350 4800 multa
1382 4755 1532 4808 sunt,
1569 4744 1834 4799 differunt
1862 4756 2086 4813 quoque

2266 4738 2328 4790 Εἰ
2379 4737 2551 4791 πολλὰ
2583 4737 2650 4790 τὰ
2689 4740 2948 4807 γεγονότα
2978 4740 3115 4802 ἐστὶ,
3161 4741 3258 4796 καὶ
3293 4741 3529 4812 διάφορα
3563 4746 3773 4807 πάντως

512 4843 741 4900 omnino
794 4854 918 4910 quae
971 4837 1116 4892 facta
1168 4845 1317 4901 sunt,
1385 4835 1662 4905 siquidem
1716 4835 1893 4889 multa
1932 4843 2082 4888 sunt.

2194 4828 2264 4882 τὰ
2290 4829 2550 4898 γεγονότα
2593 4830 2763 4895 ἐστὶν,
2802 4834 2959 4902 εἴπερ
2988 4831 3178 4886 πολλά.
3213 4835 3287 4887 Οὑ
3319 4834 3426 4905 γὰρ
3458 4836 3685 4889 δυνατὸν
3711 4836 3773 4888 τὰ

513 4932 663 4987 Fieri
689 4930 840 4984 enim
872 4945 983 4982 non
1003 4935 1196 4997 potest
1221 4927 1356 4997 quin
1377 4942 1499 4997 quae
1523 4927 1718 4993 multa,
1750 4925 1948 4980 eadem
1975 4935 2084 4980 non

2195 4920 2367 4973 πολλὰ
2411 4922 2485 4992 μὴ
2535 4921 2631 4974 καὶ
2659 4921 2891 4990 διάφορα
2941 4918 3100 4975 εἴναι.
3151 4924 3260 4976 Καὶ
3305 4927 3353 4978 ei
3400 4926 3636 4998 διάφορά
3664 4931 3770 4981 ἐστι

513 5029 570 5074 et
630 5019 848 5072 diversa
905 5018 1040 5070 sint.
1105 5019 1283 5086 Atque
1335 5018 1382 5070 si
1425 5017 1653 5071 diversa
1694 5025 1826 5070 sunt
1891 5016 2088 5079 multa,

2193 5015 2262 5066 τὰ
2283 5013 2474 5080 πολλὰ,
2503 5014 2794 5084 διαφόρους
2841 5015 2934 5066 καὶ
2960 5016 3087 5077 τοὺς
3127 5011 3210 5078 οἷς
3240 5019 3360 5070 κατ’
3384 5021 3577 5074 οὑσέαν
3605 5021 3771 5091 ὑπάρ-

515 5111 749 5164 diversa:
787 5117 918 5163 sunt
963 5109 1131 5162 etiam
1180 5109 1556 5178 intelligenda
1593 5109 1837 5163 rationes
1883 5108 2090 5177 quibus

2195 5121 2348 5176 χουσι
2380 5105 2572 5174 λόγους
2599 5106 2840 5175 νοητέον,
2873 5102 2950 5168 οἷς
2982 5106 3186 5175 μᾶλλον
3223 5109 3319 5161 καὶ
3371 5109 3442 5163 δι’
3470 5110 3566 5173 οὓς
3596 5111 3772 5178 διαφέ-

515 5201 828 5255 secundum
855 5201 1152 5255 essentiam
1183 5201 1479 5266 exsistunt,
1515 5201 1721 5271 quibus
1759 5208 1817 5254 et
1860 5208 2091 5269 propter

2197 5211 2348 5266 ρουσι
2375 5195 2443 5247 τὰ
2485 5195 2816 5264 ’διαφέροντα
2838 5212 2850 5225 ·
2893 5196 2954 5247 οὑ
2989 5195 3098 5265 γὰρ
3143 5197 3211 5250 ἂν
3244 5198 3500 5270 διέφερον
3528 5201 3769 5271 ἀλλήλων

517 5306 656 5359 quas
682 5292 856 5360 magis
879 5290 1146 5344 differunt
1179 5306 1303 5362 quae
1330 5292 1632 5358 differunt;
1669 5307 1780 5345 non
1822 5291 1972 5345 enim
2001 5291 2090 5344 in-

2194 5286 2261 5339 τὰ
2291 5285 2632 5356 διαφέροντα,
2670 5286 2744 5358 μὴ
2771 5287 2879 5339 τῶν
2910 5288 3081 5355 λόγων
3109 5282 3191 5351 οἷς
3217 5291 3512 5357 γεγόνασιν
3544 5293 3767 5364 ἐχόντων

519 5383 604 5431 ter
647 5391 768 5429 sese
818 5377 1078 5449 different
1123 5395 1244 5446 quae
1310 5379 1626 5444 differunt,
1673 5379 1782 5433 nisi
1841 5379 2092 5432 rationes

2188 5375 2470 5446 διαφοράν.
2520 5377 2579 5429 Εἰ
2613 5376 2798 5429 τοίνυν
2847 5375 3039 5446 ὥσπερ
3085 5378 3141 5430 αἱ
3188 5378 3473 5449 αἰσθήσεις
3529 5381 3768 5448 φυσικῶς

589 5521 614 5557 ι»
651 5509 809 5563 Joan.
833 5525 940 5573 xw,
975 5511 1060 5565 ιε.
1134 5529 1159 5566 q
1193 5507 1327 5572 Ibid.
1359 5520 1442 5572 t3.
1527 5529 1550 5558 τ
1577 5519 1765 5575 Matth.
1799 5535 1982 5585 xan,
2014 5513 2104 5572 20.

588 5622 671 5694 (9)
698 5624 842 5680 Idem
870 5632 991 5685 ibid.
1019 5651 1134 5703 cap.
1174 5638 1263 5701 ει,
1296 5655 1348 5706 ρ.
1379 5640 1502 5705 5H,
1539 5647 1669 5695 tom.
1697 5641 1736 5694 l.
1763 5639 1899 5711 Opp.
1933 5640 2020 5694 ed.
2049 5637 2252 5693 Bened.
