4038 6146
261 360 395 426 1257
1522 361 2042 430 AMBIGUOBUM
2083 359 2334 419 LIBER.
3365 351 3502 416 1238

255 470 789 543 ἀντιλαμϐανόμεναι
836 472 947 526 τῶν
985 472 1258 544 αἰσθητῶν
1313 473 1371 538 ἐξ
1407 473 1650 542 ἀνάγκης
1691 471 1833 526 κατὰ

1935 466 2138 536 quibus
2164 464 2306 520 facta
2341 473 2471 518 sunt
2505 463 2879 518 diﬁ‘ercntiam
2913 463 3202 518 haberent.
3233 463 3290 518 Si
3313 463 3503 535 igitur,

255 561 570 634 παραδοχὴν
625 561 829 627 πολλὰς
879 563 1160 617 ποιοῦνται
1229 562 1324 615 καὶ
1380 561 1671 633 διαφόρους
1721 561 1829 614 τῶν

1993 569 2233 612 Lsensus
2264 555 2597 609 naturaliter
2647 555 2934 610 sensibilia
2979 556 3354 626 percipientes
3410 571 3508 611 ne-
3579 570 3588 586 ‘

257 652 636 722 ὑποκειμένων
666 655 762 706 καὶ
807 653 1226 706 ὑποπιπτόντων
1263 652 1454 713 αὑταῖς
1481 651 1580 714 τὰς
1613 650 1831 719 ἀντιλή-

1933 648 2179 702 cessario
2216 647 2420 701 multas
2446 661 2552 716 pro
2585 647 2909 717 receptionc
2941 647 3153 702 iaciunt
3186 656 3241 703 et
3263 647 3508 702 diversas

254 742 398 812 ψεις,
431 742 574 797 οὕτω
599 744 695 798 καὶ
721 746 750 796 6
775 743 898 808 νοῦς
922 743 1138 798 πάντων
1167 743 1411 812 φυσικῶς
1439 740 1832 812 ἀντιλαμϐανό-

1931 754 2125 794 eorum
2158 754 2282 808 qua:
2345 739 2638 808 subjacent
2667 739 2924 794 sensibus
2953 748 3013 794 et
3042 740 3338 795 succidunt
3382 754 3502 808 per-

259 851 421 904 μενος
457 833 564 888 τῶν
595 835 652 888 ὲν
688 836 801 898 τοῖς
831 829 951 888 οὖσι
1004 833 1201 902 λόγων,
1249 829 1331 898 οἷς
1359 833 1606 903 ἀπείροις
1635 830 1831 884 ένθεω-

1934 828 2243 898 ceptiones,
2277 827 2357 882 sic
2389 828 2556 882 etiam
2585 831 2910 895 mens,cum
2937 845 3133 885 omnes
3176 830 3509 884 naturaliter

261 901 370 991 ρῶν
386 901 680 993 ’ἐνεργείας
697 921 842 975 Θεοῦ
883 901 1085 986 πολλὰς
1135 924 1367 976 ποιεῖται
1413 901 1506 975 καί
1546 921 1830 992 ἀπείρους,

1934 917 1993 970 in
2026 918 2196 973 rebus
2221 918 2464 973 rationes
2483 919 2778 988 percipiat,
2815 920 2870 974 in
2919 920 3120 990 quibus
3152 920 3386 974 inﬁnitis
3414 919 3508 973 Dei

256 1015 433 1068 εἰπεῖν
470 1013 691 1083 ἀληθὲς,
740 1013 847 1066 τῶν
883 1007 959 1067 ὧν
992 1013 1454 1084 ἀντιλαμϐάνεται
1480 1013 1639 1067 θείων
1678 1015 1831 1083 ἐνερ-

1935 1011 2186 1066 actiones
2215 1010 2488 1067 intuendo
2510 1011 2714 1066 multas
2739 1011 2906 1066 elIicit
2939 1020 2996 1066 et
3035 1010 3302 1076 inﬁnitas,
3335 1021 3394 1066 ut
3416 1027 3512 1064 ve-

257 1107 423 1175 γειῶν
477 1107 759 1176 διαφοράς,
799 1107 986 1159 ἄτονον
1027 1105 1252 1168 εἰκότως
1299 1105 1410 1172 ἔξει
1463 1106 1562 1176 τὴν
1603 1103 1833 1174 δύναμιν

1937 1117 2062 1156 rum
2094 1101 2298 1166 dicam,
2325 1101 2638 1156 divinarum
2665 1117 2694 1156 a
2727 1117 2786 1156 se
2813 1092 3202 1170 perceptarum
3229 1102 3509 1155 actionum

258 1199 352 1269 καὶ
376 1197 472 1269 τὴν
506 1198 727 1268 μέθοδον
769 1196 974 1267 ἄπορον
1003 1197 1104 1267 τῆς
1135 1197 1567 1269 ἐπιστημονικῆς
1605 1197 1834 1266 ἐρεύνης

1936 1195 2318 1263 virtutumque
2340 1193 2706 1259 diﬁ‘erentias,
2740 1193 2957 1247 inﬁrma
3013 1200 3200 1248 utetur
3246 1193 3511 1246 nimirum

256 1290 352 1364 τοῦ
376 1289 544 1352 ὅντως
584 1289 737 1352 ὄντος
787 1287 1044 1358 ἀληθοῦς,
1089 1289 1190 1342 οὐκ
1237 1289 1376 1359 ἔχων
1405 1289 1598 1358 νοῆσαι
1627 1290 1746 1352 πῶς
1777 1291 1835 1341 ὲν

1937 1285 2199 1338 facultate
2244 1283 2574 1353 irritamque
2603 1284 2835 1338 habebit
2887 1299 3034 1338 vera:
3068 1283 3320 1338 veritatis
3350 1283 3513 1336 inda-

258 1383 473 1454 ἑκάστῳ
521 1382 630 1437 τῶν
682 1382 804 1436 καθ’
858 1383 1019 1436 ἑαυτὸ
1067 1384 1313 1437 ἑκάστων
1341 1384 1386 1415 ⁸⁸
1443 1383 1588 1452 λόγῳ
1640 1383 1734 1436 καὶ
1776 1384 1834 1435 ὲν

1937 1372 2132 1444 gandte
2181 1372 2319 1426 artis
2369 1387 2484 1426 sua:
2543 1372 2689 1426 viam
2722 1381 2892 1440 atque
2921 1371 3218 1436 rationem,
3257 1387 3382 1426 cum
3429 1372 3514 1424 in-

262 1475 428 1528 πᾶσιν
473 1471 610 1543 ὁμοῦ
648 1471 770 1526 καθ’
812 1470 906 1536 οὒς
939 1471 1247 1541 ὑπάρχουσι
1275 1471 1344 1524 τὰ
1386 1473 1564 1526 πάντα
1596 1471 1776 1540 λόγοις
1808 1473 1837 1524 6

1940 1464 2190 1535 telligere
2215 1463 2366 1518 haud
2393 1471 2562 1534 queat
2586 1461 2868 1532 quomodo
2914 1463 2972 1515 in
3023 1477 3354 1530 unaquaque
3401 1461 3515 1515 sin-

265 1566 431 1638 μηδὲν
469 1564 544 1618 ὢν
569 1565 677 1618 τῶν
723 1564 890 1618 ὄντων
935 1565 1151 1635 ἀληθῶς
1178 1565 1271 1618 καὶ
1315 1565 1495 1618 πάντα
1527 1566 1734 1636 κυρίως
1761 1563 1836 1618 ὢν

1939 1557 2194 1628 gulorum
2226 1571 2576 1627 quorumque
2620 1554 2858 1620 ratione,
2889 1563 2946 1608 et
3002 1553 3058 1606 in
3096 1553 3311 1607 cunctis
3353 1552 3515 1606 simul

264 1658 355 1712 καὶ
383 1655 523 1724 ὑπὲρ
546 1655 722 1709 πάντα
761 1655 914 1719 Θεός.
947 1656 1012 1708 Εἰ
1059 1655 1190 1723 γοῦν
1229 1657 1376 1709 πᾶσα
1422 1655 1541 1709 θεία
1581 1657 1722 1709 κατά
1747 1655 1838 1709 τὸν

1941 1647 2148 1718 quibus
2178 1655 2382 1703 cuncta
2403 1648 2681 1702 exsistunt
2711 1647 3043 1712 rationibus,
3084 1645 3130 1701 is
3163 1647 3259 1716 qui
3326 1656 3517 1700 revera

262 1745 434 1818 ἀληθῆ
492 1745 650 1814 λόγον
695 1745 944 1816 ἐνέργεια
997 1743 1090 1797 τὸν
1148 1745 1282 1798 Θεὸν
1332 1743 1557 1816 ἀμερῶς
1603 1745 1723 1799 ὅλον
1770 1744 1838 1798 δι’

1944 1740 2094 1796 inter
2111 1755 2177 1795 ea
2204 1755 2327 1811 quae
2361 1747 2493 1795 sunt
2535 1755 2651 1795 non
2670 1748 2950 1802 censetur,
2984 1746 3042 1792 et
3072 1729 3515 1807 omnia-preprie

265 1800 464 1906 έαότῑίς
492 1837 550 1888 ὲν
565 1800 927 1906 έκάστῳικαθ
949 1827 1119 1906 ὅνπερ
1141 1837 1266 1889 τινὰ
1295 1800 1457 1904 λόγον
1479 1800 1627 1889 ἐστὶν
1658 1835 1842 1900 ἰδικὸῖς

1943 1835 2034 1902 sit,
2065 1843 2120 1890 et
2152 1850 2320 1906 supra
2341 1835 2530 1890 omnia
2575 1835 2743 1889 Deus.
2779 1832 2944 1889 Certe
2980 1830 3027 1888 si
3077 1832 3258 1887 omnis
3305 1832 3513 1894 divina,

265 1927 653 1999 ὑποσημαίνει,
699 1927 785 1991 τίς
837 1927 1080 1999 ἀκριϐῶς
1122 1930 1270 2002 ἐστιν
1313 1927 1344 1980 6
1389 1927 1581 1997 νοῆσαί
1633 1945 1693 1980 τε
1741 1921 1843 1982 ’καὶ

1945 1936 2006 1982 ut
2027 1943 2221 1982 verum
2247 1934 2353 1992 est,
2378 1926 2526 1982 actio
2557 1934 2616 1982 et
2644 1925 2825 1980 virtus
2873 1922 3048 1980 Deum
3101 1922 3390 1978 individue
3434 1931 3517 1976 to-

264 2025 441 2077 εἱπεῖν
474 2022 794 2093 δυνάμενος,
845 2021 963 2086 πῶς
1004 2022 1062 2075 ὲν
1106 2021 1242 2075 πᾶσι
1271 2038 1330 2074 τε
1375 2021 1572 2085 κοινῶς
1605 2019 1724 2084 ὅλος
1749 2023 1843 2074 καὶ

1948 2027 2067 2073 ιιιηι
2126 2033 2226 2088 per
2276 2021 2632 2088 semetipsam
2679 2017 2737 2072 in
2782 2029 3114 2086 unaquaque
3167 2030 3252 2081 re,
3298 2030 3517 2086 quaqua

266 2117 323 2167 ἐν
365 2114 580 2186 ἑκάστῳ
612 2113 721 2168 τῶν
775 2114 946 2168 ὄντων
1001 2113 1330 2178 ἰδιαζόντως.
1378 2113 1598 2186 ἀμερῶς
1638 2130 1699 2166 τε
1750 2114 1844 2166 καὶ

1944 2109 2160 2166 ratione
2184 2109 2332 2166 inest
2379 2109 2608 2180 proprie
2663 2108 2955 2180 signiﬁcat,
3011 2109 3136 2178 quis
3177 2116 3433 2162 accurate
3463 2116 3520 2160 et

267 2203 580 2274 ἀμερίστως
603 2204 750 2258 ἐστὶν
772 2204 801 2256 6
821 2203 972 2269 Θεὸς,
1007 2204 1140 2274 μήτε
1161 2204 1422 2267 ποικίλως
1445 2203 1844 2257 συνδιαστελλό-

1944 2198 2256 2270 intelligere
2285 2209 2342 2255 et
2369 2199 2632 2255 enarrare
2657 2199 2886 2270 poterit,
2909 2197 3192 2269 quomodo
3217 2199 3272 2252 in
3301 2198 3520 2253 eunetis

271 2311 432 2362 μενος
456 2296 574 2355 ταῖς
611 2294 720 2346 τῶν
759 2292 929 2348 ὄντων
971 2289 1052 2356 οἷς
1082 2293 1291 2348 ἔνεστιν
1331 2293 1406 2356 ὡς
1435 2292 1510 2348 ὣν
1543 2294 1560 2364 (
1579 2293 1738 2365 203
1773 2297 1842 2364 a)

1944 2293 2318 2348 communiter
2374 2301 2524 2349 totus
2579 2301 2638 2348 et
2690 2291 2749 2347 in
2791 2307 3126 2362 unoquoque
3158 2307 3355 2348 eorum
3397 2300 3520 2362 qua:

269 2383 523 2454 ἀπείροις
569 2382 874 2452 διαφοραῖς,
941 2385 1079 2453 μήτε
1104 2379 1198 2438 οὖν
1250 2383 1672 2454 συστελλόμενος
1705 2385 1846 2438 κατά

1943 2385 2345 2455 suntprivatim
2371 2385 2614 2456 partium
2636 2400 2838 2456 expers
2859 2391 2916 2440 et
2937 2383 3264 2440 individuus
3288 2385 3519 2440 exsistat

270 2473 370 2543 τὴν
397 2472 494 2526 τοῦ
530 2473 650 2536 ἑνὸς
698 2473 1006 2538 ἰδιάζουσαν
1057 2472 1314 2544 ὓπαρξιν,
1375 2477 1512 2546 μήτε
1543 2473 1845 2529 συστέλλων

1945 2476 2116 2543 Deus,
2148 2490 2332 2548 neque
2377 2478 2533 2533 varie
2583 2492 2648 2532 ac
2687 2475 3075 2547 multipliciter
3115 2475 3380 2532 diductus
3411 2492 3521 2531 una

272 2562 414 2614 κατὰ
462 2561 562 2633 τὴν
619 2563 746 2634 μίαν
795 2564 1010 2618 πάντων
1069 2564 1254 2636 ἑνικὴν
1304 2565 1534 2637 όλότητα
1591 2565 1690 2630 τὰς
1737 2565 1846 2618 τῶν

1947 2583 2075 2624 cum
2120 2585 2308 2626 rerum
2339 2569 2568 2640 quibus,
2623 2571 2684 2624 ut
2731 2569 3028 2636 exsistens,
3090 2570 3236 2625 inest
3286 2569 3521 2624 inﬁnitis

271 2653 442 2706 ὄντων
471 2652 756 2722 διαφοράς,
795 2651 932 2706 ἀλλά
961 2653 1139 2706 πάντα
1161 2655 1218 2706 έν
1248 2649 1414 2708 πᾶσίν
1437 2655 1585 2708 ἐστιν
1606 2654 1843 2726 ἀληθῶς,

1949 2659 2301 2726 diﬁ'erentiis,
2361 2675 2543 2730 neque
2585 2669 2902 2716 contractus
2957 2661 3260 2716 secundum
3321 2661 3523 2731 singuli

275 2743 304 2796 6
335 2745 603 2816 μηδέποτε
633 2744 731 2816 τῆς
767 2745 974 2809 οἰκείας
1023 2745 1266 2816 ἀμεροῦς
1303 2746 1604 2818 ἁπλότητος
1631 2748 1846 2814 ἐξιστά-

1949 2752 2219 2823 cujusque
2251 2752 2590 2822 peculiarem
2617 2752 3016 2818 exsistentiam,
3055 2767 3238 2822 neque
3299 2762 3523 2808 contra-

279 2853 470 2908 μενος;
503 2835 696 2901 Καλῶς
727 2833 822 2890 οὖν
864 2839 893 2890 6
920 2835 1240 2901 διδάσκαλος
1267 2838 1373 2909 ἔφη
1401 2837 1501 2903 τὰς
1534 2838 1850 2910 ἀντιλήψεις

1950 2841 2090 2897 hens
2110 2842 2419 2897 secundum
2443 2859 2610 2898 unam
2633 2853 2961 2898 cunctorum
2995 2850 3051 2897 et
3074 2843 3407 2914 singularem
3442 2851 3525 2896 to-

275 2927 370 2982 τοῦ
397 2928 525 3000 περί
550 2927 803 2998 θεότητος
829 2926 986 2997 λόγου
1018 2927 1219 2992 πολλὰς
1241 2925 1402 2992 εἶναι,
1431 2928 1490 2996 ἐξ
1511 2923 1586 2983 ὧν
1615 2931 1697 2983 ὅτι
1730 2929 1846 2982 ἐστὶ

1951 2931 2164 2986 titatem
2195 2947 2390 2986 eorum
2416 2949 2538 3003 quae
2567 2941 2697 2988 sunt
2731 2932 3101 2997 differentias,
3133 2931 3230 2987 sed
3252 2932 3438 2987 omnia
3471 2931 3525 2984 in

279 3020 440 3090 μόνον
501 3020 634 3083 Θεὸς
685 3017 1068 3087 διδασκόμεθα,
1131 3019 1225 3072 καὶ
1273 3020 1380 3084 ,τὰς
1429 3020 1611 3083 λύσεις
1669 3023 1846 3093 ἐργω-

1949 3023 2210 3078 omnibus
2244 3038 2436 3079 revera
2461 3024 2691 3079 exsistat
2718 3024 2765 3079 is
2786 3024 2882 3095 qui
2929 3041 3214 3094 nunquam
3254 3025 3523 3095 peculiari

276 3111 552 3181 δεστέρας,
605 3109 666 3174 ἐξ
708 3104 784 3164 ὧν
839 3110 1000 3162 πάλιν
1051 3111 1104 3163 τί
1144 3109 1245 3163 οὒκ
1295 3110 1411 3164 ἔστι
1461 3111 1842 3182 μανθάνομενο

1951 3129 2050 3170 sua
2073 3124 2131 3169 et
2163 3114 2451 3170 individua
2475 3116 2835 3187 simplicitate
2891 3117 3150 3172 excidat?
3186 3117 3332 3171 Bene
3358 3117 3524 3186 igitur

279 3203 414 3274 πρὸς
445 3201 507 3256 τὸ
533 3203 737 3256 παῦσαι
761 3204 1082 3275 περιεργίας
1108 3201 1417 3272 ἀνωφελοῦς
1456 3205 1550 3257 καὶ
1579 3203 1848 3276 βλαϐερᾶς

1952 3207 2214 3277 magister
2253 3208 2479 3264 deitatis
2500 3209 2732 3264 rationis
2769 3209 2974 3264 multas
2999 3223 3118 3264 esse
3141 3209 3527 3278 perceptiones

277 3295 402 3358 τοὺς
434 3293 640 3364 ληπτὸν
679 3295 958 3365 οἰομένους
999 3294 1059 3348 τὸ
1089 3295 1241 3349 Θεῖον
1277 3297 1389 3356 τοῖς
1422 3294 1688 3359 διακένοις
1719 3296 1850 3350 ἀνα-

2015 3298 2114 3363 xit,
2143 3297 2211 3353 de
2249 3299 2456 3368 quibus
2486 3299 2670 3354 solum
2705 3299 2856 3369 quod
2906 3299 3052 3353 Deus
3078 3299 3150 3353 sit
3197 3299 3524 3355 doceamur.
3603 3365 3607 3378 .

280 3385 550 3454 πλασμοῖς
577 3384 674 3454 τῆς
704 3385 883 3438 αὑτων
909 3384 1170 3448 διανοίας,
1251 3383 1374 3437 οὐδὲ
1405 3383 1464 3437 τὸ
1492 3383 1716 3455 ἔσχατον
1741 3385 1850 3438 τῶν

1949 3388 2368 3459 solutionesque
2393 3391 2742 3460 Operosiores
2757 3398 2813 3444 et
2841 3388 3202 3454 dilIiciliores,
3234 3388 3302 3443 de
3327 3388 3527 3457 quibus

280 3477 340 3532 ιν
366 3479 478 3540 τοῖς
504 3471 623 3531 οὖσι
656 3475 778 3530 καθ’
819 3476 878 3530 ὃν
902 3476 1019 3529 ἐστι
1059 3477 1154 3532 καὶ
1186 3474 1422 3546 ὑπάρχει
1447 3475 1602 3545 λόγον
1633 3475 1852 3548 ἀληθῶς

1951 3495 2147 3534 rursus
2169 3480 2302 3550 quid
2325 3495 2436 3536 non
2460 3482 2534 3536 sit
2555 3481 2867 3549 discamus;
2906 3497 3018 3552 quo
3049 3483 3120 3536 ab
3151 3481 3334 3535 inutili
3361 3489 3526 3551 atque

282 3570 397 3624 tm
416 3569 640 3640 ληπτόν.
1544 3570 1549 3575 ’
1951 3571 2153 3626 nociva
2183 3571 2506 3626 curiositate
2534 3582 2823 3627 revocaret
2873 3588 2970 3628 eos
3003 3573 3098 3643 qui
3152 3572 3400 3626 divinum
3431 3587 3528 3624 va-

195 3671 204 3679 '
282 3663 372 3718 nis
424 3664 773 3735 ingeniorum
841 3677 1070 3717 suorum
1123 3659 1398 3731 ﬁgmentis
1450 3664 1923 3734 comprehendere
1959 3679 2122 3734 posse
2148 3665 2256 3719 sibi
2290 3665 2571 3732 videntur,
2613 3665 2820 3738 quibus
2869 3677 2938 3724 ne
2998 3667 3254 3723 ultimum
3300 3666 3527 3738 quidem

283 3773 474 3814 eorum
507 3772 630 3834 quae
653 3764 784 3813 sunt
833 3771 944 3827 qua
969 3755 1042 3810 sit
1089 3756 1307 3811 ratione
1365 3768 1422 3812 et
1455 3757 1687 3812 exsistat
1717 3772 1847 3831 vere
1885 3759 2280 3828 comprehendi
2311 3769 2515 3831 potest.

1879 3881 1947 3896 —

297 3945 396 4003 Ἐκ
441 3947 548 4002 τοῦ
571 3945 703 4014 περὶ
744 3947 882 4001 Υίοῦ
920 3946 1154 4016 πρώτου
1187 3946 1395 4016 λόγου,
1435 3944 1524 4012 εἰς
1569 3947 1658 4011 τὸ,
1752 3945 1855 4000 Διὰ

1953 3941 2040 4002 Ea:
2067 3947 2239 4019 primo
2284 3945 2348 4002 de
2402 3945 2538 4002 Filio
2579 3964 2842 4014 sermone,
2909 3947 2966 4003 in
2996 3945 3132 4002 illud
3156 3965 3174 4002 :
3211 3967 3230 4001 ι
3266 3945 3527 4012 Quocirca

352 4039 527 4094 τοῦτο
565 4039 750 4109 μονὰς
793 4038 895 4092 ἀπ’
940 4035 1134 4106 ἀρχῆς
1179 4039 1268 4104 εἰς
1311 4037 1502 4092 δυάδα
1542 4037 1852 4105 κινηθεῖσα

2024 4041 2205 4094 unitas
2244 4041 2502 4111 principio
2532 4041 2589 4095 in
2642 4040 2909 4095 binarium
2961 4050 3106 4096 mota
3166 4041 3222 4093 in
3273 4040 3529 4094 Trinitatc

347 4131 525 4202 μέχρι
553 4129 790 4200 Τριάδος
817 4131 967 4198 ἔστη
995 4129 1128 4199 (10).
1162 4143 1180 4180 ι
1807 4161 1812 4168 -

726 4148 790 4197 ος
817 4131 967 4198 ἔστη
995 4129 1128 4199 (10).
1162 4143 1180 4180 ι
1807 4161 1812 4168 -
2023 4133 2274 4186 constitit.
2302 4151 2321 4183 ι

353 4246 470 4299 Πᾶν
515 4245 657 4298 κατὰ
703 4242 863 4313 φύσιν
919 4242 1238 4313 κινούμενον
1283 4242 1350 4296 δι’
1397 4243 1578 4296 αἰτίαν
1636 4243 1852 4306 πάντως

1967 4272 1972 4280 .
2019 4222 2400 4292 Quodcunque
2449 4220 2754 4276 secundum
2811 4227 3065 4275 naturam
3107 4228 3394 4289 movetur,
3428 4238 3527 4276 ne—

286 4340 539 4400 κινεῖται,
579 4336 672 4389 καὶ
699 4335 808 4388 πᾶν
827 4335 888 4388 τὸ
913 4334 979 4387 δι’
1014 4335 1199 4392 αἰτίαν
1231 4335 1548 4405 κινουμένον
1579 4336 1647 4390 δι’
1671 4336 1852 4391 αἰτίαν

1951 4325 2106 4373 οεεεο
2152 4323 2239 4370 est
2287 4321 2347 4368 ut
2397 4313 2467 4369 de
2517 4329 2681 4368 causa
2735 4321 3044 4380 moveatur,
3075 4319 3131 4368 et
3159 4312 3529 4384 quodcunque

288 4431 501 4492 πάντως
547 4427 642 4482 καὶ
703 4427 838 4493 ἔστι,
875 4427 986 4480 πᾶν
1029 4427 1085 4480 δὲ
1123 4426 1185 4480 τὸ
1229 4427 1298 4480 δι’
1341 4429 1522 4481 αἰτίαν
1563 4428 1623 4481 ὃν
1661 4429 1756 4482 καὶ
1787 4427 1854 4482 δι’

1951 4409 2020 4464 de
2080 4423 2246 4463 causa
2281 4415 2556 4471 movetur,
2592 4421 2816 4461 necesse
2851 4415 3025 4462 estut
3057 4408 3126 4463 de
3156 4419 3320 4460 causa
3361 4408 3528 4462 etiam

288 4519 462 4572 αἰτίαν
508 4517 819 4588 κινούμενον
851 4517 1022 4588 ἀρχὴν
1065 4515 1162 4588 μὲν
1189 4514 1303 4588 εἶχε
1343 4519 1560 4582 πάντως
1587 4519 1684 4572 τοῦ
1714 4514 1853 4572 εἶναι
1885 4539 1929 4598 ί)
1953 4509 2180 4598 οιδιδξθῑ
2211 4515 2226 4564 ἓ
2284 4498 2654 4568 (ἰυοάθιιηίίυθ
2705 4513 2838 4598 ῖεξο
2885 4499 2954 4554 de
2990 4515 3154 4556 causa
3199 4501 3418 4556 θιείθῑίι
3449 4509 3532 4554 31'

287 4597 382 4681 τὴν
418 4609 484 4663 δι’
521 4609 588 4680 ῆν
619 4610 733 4662 ἐστι
764 4610 858 4662 καὶ
881 4607 938 4674 ἐξ
961 4603 1028 4680 ἧς
1052 4609 1187 4680 πρὸς
1218 4609 1278 4662 τὸ
1311 4604 1451 4663 εἶναι
1476 4609 1614 4681 ἤχθη
1646 4609 1850 4673 αἰτίαν,

1955 4601 2063 4659 que
2095 4589 2164 4642 de
2197 4603 2362 4643 causa
2397 4596 2667 4650 movetur,
2717 4589 2935 4644 initium
2988 4607 3210 4663 quoque
3261 4597 3529 4651 exsisten-

285 4680 434 4765 τέλος
463 4700 518 4753 δὲ
539 4699 633 4752 τοῦ
667 4699 935 4752 κινεῖσθαι
960 4699 1059 4771 τὴν
1095 4699 1268 4772 αὑτὴν
1307 4694 1374 4754 δι⁴
1405 4701 1472 4772 ἢν
1497 4680 1728 4755 κινεῖται
1759 4699 1854 4754 καί

1955 4681 2043 4735 tite
2085 4689 2146 4734 ut
2191 4680 2390 4734 habeat
2445 4695 2670 4735 necesse
2735 4689 2820 4736 est
2880 4699 2998 4738 eam
3054 4701 3154 4754 per
3203 4703 3367 4756 quam
3433 4705 3529 4744 ex-

287 4796 418 4867 πρὸς
453 4795 518 4866 ῆν
547 4791 825 4860 ἐπείγεται
870 4793 1070 4846 αἰτίαν.
1100 4794 1212 4846 Πᾶν
1254 4793 1312 4846 δὲ
1349 4794 1408 4862 τὺ
1439 4793 1504 4848 δι’
1544 4794 1724 4847 αἰτίαν
1755 4792 1852 4846 καὶ
1954 4774 2100 4828 δίειίῑ
2130 4779 2206 4867 μοί
2237 4789 2303 4827 ex
2348 4789 2456 4843 (11³³
2506 4774 2574 4829 ad
2606 4775 3010 4867 J°x$i5lcnli3m
3072 4777 3236 4832 ἀυοιίὶ
3283 4789 3368 4834 εει
3400 4795 3525 4834 απυ-

284 4859 342 4939 οἱ
375 4859 812 4951 καὶνιιινούμενον
857 4881 954 4935 καὶ
993 4883 1218 4953 γενητὸν
1265 4859 1503 4948 πάντως.
1560 4886 1621 4938 Εἰ
1662 4885 1718 4938 δὲ
1754 4882 1850 4938 τοῦ

1955 4878 2096 4928 sam,
2123 4862 2285 4918 ﬁnem
2317 4879 2449 4919 vero
2484 4859 2748 4920 motionis
2773 4866 3026 4921 eamdem
3065 4883 3172 4938 qua
3205 4880 3526 4927 moveturet

285 4971 606 5042 κινουμένου
631 4948 786 5032 τέλος
819 4971 966 5047 ἐστιν
1007 4948 1046 5041 ⁷ἡ
1090 4948 1158 5024 δι’
1205 4970 1273 5042 ἥν
1315 4976 1547 5026 κινεῖται
1594 4974 1765 5037 αἰτία,
1816 4975 1852 5043 ἡ
1956 4956 2024 5011 ad
2055 4948 2218 5026 (ιυθιίτ
2237 4966 2768 5025 βτορθηιιθθυδθηῖι
2800 4957 3190 5047 ᾼΟυοάευηίίυο
3225 4971 3410 5016 θυιοηῖ
3431 4979 3529 5033 Per

284 5064 419 5134 αὑτὴ
471 5063 688 5116 πάντως
742 5061 858 5113 ἐστὶ
907 5045 972 5129 τῇ
1031 5061 1096 5113 δι’
1131 5063 1196 5132 ἢν
1235 5063 1527 5131 γεγένηται
1562 5065 1657 5116 καὶ
1703 5065 1850 5118 ἐστιν

1955 5061 2178 5100 causam
2201 5055 2257 5100 et
2293 5053 2463 5100 estet
2501 5055 2757 5101 movetur
2789 5045 2996 5101 factum
3034 5057 3096 5102 ut
3133 5049 3207 5103 sit
3251 5049 3378 5104 item
3432 5068 3531 5106 nc-

285 5131 452 5229 αἰτία.
488 5155 598 5209 Μία
625 5151 718 5206 οὖν
743 5153 852 5223 ἄρα
886 5151 1100 5214 πάντως
1131 5131 1226 5204 τοῦ
1256 5153 1508 5208 ὁπωσοῦν
1559 5153 1711 5218 ὄντος
1756 5157 1851 5210 καί
1951 5154 2106 5194 (⁵0⁵⁵⁸
2141 5145 2250 5194 θεία
2303 5137 2462 5204 θυοδ
2520 5131 2566 5193 εί
2612 5139 2736 5210 eius
2788 5141 2936 5209 Ἶυοίί
2991 5151 3244 5196 "iovem"
3284 5141 3409 5197 ﬁnis
3443 5154 3530 5198 εει

285 5250 602 5321 κινουμένου
633 5248 774 5302 κατά
814 5244 977 5314 φύσιν
1003 5247 1077 5308 ὡς
1112 5246 1255 5317 ἀρχὴ
1283 5249 1377 5300 καὶ
1409 5247 1563 5312 τέλος
1593 5249 1744 5302 αἰτία
1784 5250 1850 5303 δι’

1952 5247 2118 5285 causa
2149 5245 2444 5300 perquam
2496 5239 2772 5295 movetur,
2832 5245 3056 5285 necesse
3087 5241 3174 5285 est
3218 5232 3411 5286 eadem
3457 5235 3529 5288 sit

285 5345 348 5416 ἣν
375 5343 470 5396 καὶ
499 5341 614 5394 ἐστι
643 5341 738 5394 καί⁸
769 5339 1000 5392 κινεῖται
1043 5339 1149 5390 πᾶν
1180 5337 1240 5390 τὸ
1272 5337 1330 5390 ὃν
1377 5337 1472 5394 καὶ
1506 5328 1844 5409 κινοῦμενον.

1951 5337 2116 5376 causa
2142 5337 2240 5390 per
2263 5336 2426 5390 quam
2478 5318 2683 5374 factum
2711 5329 2897 5375 est'et
2951 5321 3190 5375 exsistit.
3229 5323 3372 5393 Ergo
3419 5339 3529 5379 una

286 5434 616 5507 Δραστήριος
674 5429 781 5500 γάρ
827 5424 1147 5498 ὑπάρχουσα
1197 5423 1428 5498 δύναμις
1471 5429 1566 5482 καὶ
1605 5433 1752 5482 ποιεῖ
1783 5432 1852 5484 τὰ

1951 5413 2179 5466 omnino
2207 5420 2294 5465 est
2325 5413 2445 5481 ejus
2468 5411 2616 5482 quod
2651 5421 2931 5480 utcunque
2954 5413 3172 5469 exsistit
3197 5423 3252 5469 et
3275 5424 3529 5470 movetur

556 5548 566 5553 '
1543 5548 1780 5604 VARUE
1824 5549 1952 5608 LEC

369 5625 414 5657 ³⁸
436 5621 666 5676 ἑκάστου
701 5618 824 5674 cod.
848 5615 987 5670 Gud.

1543 5548 1780 5604 VARUE
1824 5549 1952 5608 LEC
1971 5552 2227 5606 l‘lUNl‘lS.

632 5637 666 5672 μυ
701 5618 824 5674 cod.
848 5615 987 5670 Gud.

352 5715 462 5788 (to)
491 5713 650 5784 Greg.
682 5712 812 5767 Naz.
853 5709 942 5765 ον.
983 5709 1154 5766 Theol.
1187 5712 1278 5779 Ill,
1311 5697 1373 5766 de
1407 5711 1561 5780 nuo,
1590 5728 1710 5783 cap.
1748 5714 1799 5779 ει,
1831 5731 1886 5784 p.
1921 5716 2043 5780 set,
2083 5726 2210 5770 tom.
2240 5717 2258 5770 ι
2283 5716 2421 5787 Opp.
2447 5719 2580 5773 edit.
2606 5718 2805 5774 Bened.

483 5809 736 5869 ΡΑτιιοι
803 5803 922 5863 Gn.
964 5801 1126 5864 XCI.

2233 5870 2242 5878 ,
2922 5820 2933 5833 ‘
3017 5809 3093 5870 1ιο
