  <div class='ocr_page' id='page_1' title='image "/cluster/home/n/w/nwhite01/storage/ocr_20150623/91/mdp.39015022223195/629.png"; bbox 0 0 4038 6146; ppageno 0'>
   <div class='ocr_carea' id='block_1_1' title="bbox 485 296 660 363">
    <p class='ocr_par' dir='ltr' id='par_1_1' title="bbox 485 296 660 363">
     <span class='ocr_line' id='line_1_1' title="bbox 485 296 660 363; baseline 0.006 -2"><span class='ocrx_word' id='word_1_1' title='bbox 485 296 493 301; x_wconf 77' lang='grc'><em>’</em></span> <span class='ocrx_word' id='word_1_2' title='bbox 522 296 660 363; x_wconf 75' lang='lat'><strong>1259</strong></span> 
     </span>
    </p>
   </div>
   <div class='ocr_carea' id='block_1_2' title="bbox 1685 282 2628 349">
    <p class='ocr_par' dir='ltr' id='par_1_2' title="bbox 1685 282 2628 349">
     <span class='ocr_line' id='line_1_2' title="bbox 1685 282 2628 349; baseline -0.002 0"><span class='ocrx_word' id='word_1_3' title='bbox 1685 288 1749 349; x_wconf 89' lang='lat' dir='ltr'><strong>S.</strong></span> <span class='ocrx_word' id='word_1_4' title='bbox 1790 283 2077 348; x_wconf 77' lang='lat' dir='ltr'><strong>MAXIMI</strong></span> <span class='ocrx_word' id='word_1_5' title='bbox 2115 282 2628 348; x_wconf 85' lang='lat' dir='ltr'><strong>CONFESSORIS</strong></span> 
     </span>
    </p>
   </div>
   <div class='ocr_carea' id='block_1_3' title="bbox 3679 280 3815 350">
    <p class='ocr_par' dir='ltr' id='par_1_3' title="bbox 3679 280 3815 350">
     <span class='ocr_line' id='line_1_3' title="bbox 3679 280 3815 350; baseline 0.022 -3"><span class='ocrx_word' id='word_1_6' title='bbox 3679 280 3815 350; x_wconf 71' lang='lat'><strong>1250</strong></span> 
     </span>
    </p>
   </div>
   <div class='ocr_carea' id='block_1_4' title="bbox 532 390 2103 467">
    <p class='ocr_par' dir='ltr' id='par_1_4' title="bbox 532 390 2101 466">
     <span class='ocr_line' id='line_1_4' title="bbox 532 390 2101 466; baseline -0.01 -2"><span class='ocrx_word' id='word_1_7' title='bbox 532 406 840 464; x_wconf 87' lang='lat' dir='ltr'><strong>secundum</strong></span> <span class='ocrx_word' id='word_1_8' title='bbox 896 411 1153 460; x_wconf 87' lang='lat' dir='ltr'><strong>naturam</strong></span> <span class='ocrx_word' id='word_1_9' title='bbox 1184 412 1247 457; x_wconf 91' lang='lat' dir='ltr'><strong>ut</strong></span> <span class='ocrx_word' id='word_1_10' title='bbox 1278 399 1499 456; x_wconf 91' lang='lat' dir='ltr'><strong>initium</strong></span> <span class='ocrx_word' id='word_1_11' title='bbox 1528 390 1585 453; x_wconf 75' lang='lat' dir='ltr'><strong>et</strong></span> <span class='ocrx_word' id='word_1_12' title='bbox 1619 396 1747 453; x_wconf 83' lang='lat' dir='ltr'><strong>ﬁnis</strong></span> <span class='ocrx_word' id='word_1_13' title='bbox 1784 412 1953 453; x_wconf 81' lang='lat' dir='ltr'><strong>causa</strong></span> <span class='ocrx_word' id='word_1_14' title='bbox 1998 410 2101 466; x_wconf 91' lang='lat' dir='ltr'><strong>per</strong></span> 
     </span>
    </p>
   </div>
   <div class='ocr_carea' id='block_1_5' title="bbox 2205 390 3818 467">
    <p class='ocr_par' dir='ltr' id='par_1_5' title="bbox 2205 390 3818 467">
     <span class='ocr_line' id='line_1_5' title="bbox 2205 390 3818 467; baseline 0 -19"><span class='ocrx_word' id='word_1_15' title='bbox 2205 396 2463 465; x_wconf 82' lang='grc' dir='ltr'>γινόμενα</span> <span class='ocrx_word' id='word_1_16' title='bbox 2492 396 2817 467; x_wconf 82' lang='grc' dir='ltr'><strong>θεοπρεπῶς</strong></span> <span class='ocrx_word' id='word_1_17' title='bbox 2847 396 2923 461; x_wconf 84' lang='grc' dir='ltr'>ὡς</span> <span class='ocrx_word' id='word_1_18' title='bbox 2955 394 3099 467; x_wconf 76' lang='grc' dir='ltr'>ἀρχὴ</span> <span class='ocrx_word' id='word_1_19' title='bbox 3126 394 3223 449; x_wconf 65' lang='grc' dir='ltr'>καὶ</span> <span class='ocrx_word' id='word_1_20' title='bbox 3263 390 3685 467; x_wconf 75' lang='grc' dir='ltr'>προϐάλλεται,</span> <span class='ocrx_word' id='word_1_21' title='bbox 3724 396 3818 450; x_wconf 73' lang='grc' dir='ltr'>καὶ</span> 
     </span>
    </p>
   </div>
   <div class='ocr_carea' id='block_1_6' title="bbox 519 490 2101 570">
    <p class='ocr_par' dir='ltr' id='par_1_6' title="bbox 519 490 2101 570">
     <span class='ocr_line' id='line_1_6' title="bbox 519 490 2101 570; baseline -0.007 -17"><span class='ocrx_word' id='word_1_22' title='bbox 519 514 683 570; x_wconf 84' lang='lat' dir='ltr'><strong>quam</strong></span> <span class='ocrx_word' id='word_1_23' title='bbox 703 507 757 552; x_wconf 92' lang='lat' dir='ltr'><strong>et</strong></span> <span class='ocrx_word' id='word_1_24' title='bbox 787 504 872 553; x_wconf 90' lang='lat' dir='ltr'><strong>est</strong></span> <span class='ocrx_word' id='word_1_25' title='bbox 900 504 957 551; x_wconf 95' lang='lat' dir='ltr'><strong>et</strong></span> <span class='ocrx_word' id='word_1_26' title='bbox 987 502 1244 550; x_wconf 85' lang='lat' dir='ltr'><strong>movetur</strong></span> <span class='ocrx_word' id='word_1_27' title='bbox 1266 490 1641 563; x_wconf 84' lang='lat' dir='ltr'><strong>quodcunque</strong></span> <span class='ocrx_word' id='word_1_28' title='bbox 1678 497 1767 544; x_wconf 80' lang='lat' dir='ltr'><strong>es:</strong></span> <span class='ocrx_word' id='word_1_29' title='bbox 1809 496 1867 543; x_wconf 92' lang='lat' dir='ltr'><strong>et</strong></span> <span class='ocrx_word' id='word_1_30' title='bbox 1909 502 2101 542; x_wconf 81' lang='lat' dir='ltr'><strong>move-</strong></span> 
     </span>
    </p>
   </div>
   <div class='ocr_carea' id='block_1_7' title="bbox 522 580 2102 647">
    <p class='ocr_par' dir='ltr' id='par_1_7' title="bbox 522 580 2102 647">
     <span class='ocr_line' id='line_1_7' title="bbox 522 580 2102 647; baseline -0.008 -3"><span class='ocrx_word' id='word_1_31' title='bbox 522 601 637 647; x_wconf 82' lang='lat' dir='ltr'><strong>tur.</strong></span> <span class='ocrx_word' id='word_1_32' title='bbox 673 590 915 645; x_wconf 91' lang='lat' dir='ltr'><strong>Strenua</strong></span> <span class='ocrx_word' id='word_1_33' title='bbox 935 587 1083 642; x_wconf 90' lang='lat' dir='ltr'><strong>enim</strong></span> <span class='ocrx_word' id='word_1_34' title='bbox 1105 594 1163 641; x_wconf 93' lang='lat' dir='ltr'><strong>et</strong></span> <span class='ocrx_word' id='word_1_35' title='bbox 1194 583 1386 641; x_wconf 76' lang='lat' dir='ltr'><strong>eﬂicax</strong></span> <span class='ocrx_word' id='word_1_36' title='bbox 1410 598 1534 638; x_wconf 89' lang='lat' dir='ltr'><strong>cum</strong></span> <span class='ocrx_word' id='word_1_37' title='bbox 1565 581 1650 636; x_wconf 87' lang='lat' dir='ltr'><strong>vis</strong></span> <span class='ocrx_word' id='word_1_38' title='bbox 1688 581 1782 646; x_wconf 91' lang='lat' dir='ltr'><strong>sit,</strong></span> <span class='ocrx_word' id='word_1_39' title='bbox 1811 580 1928 636; x_wconf 86' lang='lat' dir='ltr'><strong>Deo</strong></span> <span class='ocrx_word' id='word_1_40' title='bbox 1968 592 2102 633; x_wconf 84' lang='lat' dir='ltr'><strong>con-</strong></span> 
     </span>
    </p>
   </div>
   <div class='ocr_carea' id='block_1_8' title="bbox 519 670 2102 745">
    <p class='ocr_par' dir='ltr' id='par_1_8' title="bbox 519 670 2102 745">
     <span class='ocr_line' id='line_1_8' title="bbox 519 670 2102 745; baseline -0.009 -11"><span class='ocrx_word' id='word_1_41' title='bbox 519 680 812 737; x_wconf 86' lang='lat' dir='ltr'><strong>venienter</strong></span> <span class='ocrx_word' id='word_1_42' title='bbox 834 687 945 733; x_wconf 89' lang='lat' dir='ltr'><strong>tam</strong></span> <span class='ocrx_word' id='word_1_43' title='bbox 974 676 1141 732; x_wconf 78' lang='lat' dir='ltr'><strong>eﬂicit</strong></span> <span class='ocrx_word' id='word_1_44' title='bbox 1175 691 1241 731; x_wconf 90' lang='lat' dir='ltr'><strong>ea</strong></span> <span class='ocrx_word' id='word_1_45' title='bbox 1264 690 1388 745; x_wconf 62' lang='lat' dir='ltr'><strong>quae</strong></span> <span class='ocrx_word' id='word_1_46' title='bbox 1441 673 1601 738; x_wconf 83' lang='lat' dir='ltr'><strong>ﬁunt,</strong></span> <span class='ocrx_word' id='word_1_47' title='bbox 1660 680 1722 727; x_wconf 91' lang='lat' dir='ltr'><strong>ut</strong></span> <span class='ocrx_word' id='word_1_48' title='bbox 1772 670 2016 733; x_wconf 90' lang='lat' dir='ltr'><strong>initium,</strong></span> <span class='ocrx_word' id='word_1_49' title='bbox 2044 674 2102 721; x_wconf 92' lang='lat' dir='ltr'><strong>et</strong></span> 
     </span>
    </p>
   </div>
   <div class='ocr_carea' id='block_1_9' title="bbox 520 762 2097 840">
    <p class='ocr_par' dir='ltr' id='par_1_9' title="bbox 520 762 2097 840">
     <span class='ocr_line' id='line_1_9' title="bbox 520 762 2097 840; baseline -0.009 -16"><span class='ocrx_word' id='word_1_50' title='bbox 520 768 804 840; x_wconf 92' lang='lat' dir='ltr'><strong>producit,</strong></span> <span class='ocrx_word' id='word_1_51' title='bbox 841 781 1009 836; x_wconf 91' lang='lat' dir='ltr'><strong>quam</strong></span> <span class='ocrx_word' id='word_1_52' title='bbox 1047 764 1217 819; x_wconf 91' lang='lat' dir='ltr'><strong>trahit</strong></span> <span class='ocrx_word' id='word_1_53' title='bbox 1272 762 1639 834; x_wconf 81' lang='lat' dir='ltr'><strong>providenter</strong></span> <span class='ocrx_word' id='word_1_54' title='bbox 1693 776 1762 815; x_wconf 89' lang='lat' dir='ltr'><strong>ea</strong></span> <span class='ocrx_word' id='word_1_55' title='bbox 1794 774 1923 829; x_wconf 70' lang='lat' dir='ltr'><strong>qua:</strong></span> <span class='ocrx_word' id='word_1_56' title='bbox 1976 771 2097 812; x_wconf 90' lang='lat' dir='ltr'><strong>mo-</strong></span> 
     </span>
    </p>
   </div>
   <div class='ocr_carea' id='block_1_10' title="bbox 520 849 2100 925">
    <p class='ocr_par' dir='ltr' id='par_1_10' title="bbox 520 849 2100 925">
     <span class='ocr_line' id='line_1_10' title="bbox 520 849 2100 925; baseline -0.009 -9"><span class='ocrx_word' id='word_1_57' title='bbox 520 870 744 924; x_wconf 80' lang='lat' dir='ltr'><strong>ventur,</strong></span> <span class='ocrx_word' id='word_1_58' title='bbox 770 866 829 913; x_wconf 93' lang='lat' dir='ltr'><strong>ut</strong></span> <span class='ocrx_word' id='word_1_59' title='bbox 866 857 1013 921; x_wconf 78' lang='lat' dir='ltr'><strong>linis,</strong></span> <span class='ocrx_word' id='word_1_60' title='bbox 1036 866 1201 925; x_wconf 91' lang='lat' dir='ltr'><strong>atque</strong></span> <span class='ocrx_word' id='word_1_61' title='bbox 1227 854 1508 909; x_wconf 83' lang='lat' dir='ltr'><strong>terminat.</strong></span> <span class='ocrx_word' id='word_1_62' title='bbox 1559 852 1678 908; x_wconf 82' lang='lat' dir='ltr'><strong>Jam</strong></span> <span class='ocrx_word' id='word_1_63' title='bbox 1713 850 1761 907; x_wconf 89' lang='lat' dir='ltr'><strong>si</strong></span> <span class='ocrx_word' id='word_1_64' title='bbox 1809 849 2100 919; x_wconf 89' lang='lat' dir='ltr'><strong>quodcun-</strong></span> 
     </span>
    </p>
   </div>
   <div class='ocr_carea' id='block_1_11' title="bbox 520 941 2101 1024">
    <p class='ocr_par' dir='ltr' id='par_1_11' title="bbox 520 941 2101 1024">
     <span class='ocr_line' id='line_1_11' title="bbox 520 941 2101 1024; baseline -0.009 -16"><span class='ocrx_word' id='word_1_65' title='bbox 520 968 629 1024; x_wconf 90' lang='lat' dir='ltr'><strong>que</strong></span> <span class='ocrx_word' id='word_1_66' title='bbox 657 961 911 1004; x_wconf 85' lang='lat' dir='ltr'><strong>movetur</strong></span> <span class='ocrx_word' id='word_1_67' title='bbox 940 956 997 1002; x_wconf 92' lang='lat' dir='ltr'><strong>et</strong></span> <span class='ocrx_word' id='word_1_68' title='bbox 1020 946 1226 1002; x_wconf 81' lang='lat' dir='ltr'><strong>factum</strong></span> <span class='ocrx_word' id='word_1_69' title='bbox 1270 954 1355 1000; x_wconf 90' lang='lat' dir='ltr'><strong>est</strong></span> <span class='ocrx_word' id='word_1_70' title='bbox 1404 960 1500 1014; x_wconf 88' lang='lat' dir='ltr'><strong>per</strong></span> <span class='ocrx_word' id='word_1_71' title='bbox 1526 958 1751 999; x_wconf 82' lang='lat' dir='ltr'><strong>causam</strong></span> <span class='ocrx_word' id='word_1_72' title='bbox 1800 941 2018 995; x_wconf 78' lang='lat' dir='ltr'><strong>exsistit</strong></span> <span class='ocrx_word' id='word_1_73' title='bbox 2043 948 2101 994; x_wconf 91' lang='lat' dir='ltr'><strong>et</strong></span> 
     </span>
    </p>
   </div>
   <div class='ocr_carea' id='block_1_12' title="bbox 521 1032 2097 1107">
    <p class='ocr_par' dir='ltr' id='par_1_12' title="bbox 521 1032 2097 1107">
     <span class='ocr_line' id='line_1_12' title="bbox 521 1032 2097 1107; baseline -0.007 -10"><span class='ocrx_word' id='word_1_74' title='bbox 521 1050 782 1098; x_wconf 84' lang='lat' dir='ltr'><strong>movetur</strong></span> <span class='ocrx_word' id='word_1_75' title='bbox 812 1049 869 1095; x_wconf 90' lang='lat' dir='ltr'><strong>et</strong></span> <span class='ocrx_word' id='word_1_76' title='bbox 892 1040 1104 1093; x_wconf 82' lang='lat' dir='ltr'><strong>factum</strong></span> <span class='ocrx_word' id='word_1_77' title='bbox 1137 1048 1243 1101; x_wconf 86' lang='lat' dir='ltr'><strong>est,</strong></span> <span class='ocrx_word' id='word_1_78' title='bbox 1309 1036 1560 1107; x_wconf 73' lang='lat' dir='ltr'><strong>sequitur</strong></span> <span class='ocrx_word' id='word_1_79' title='bbox 1595 1044 1655 1089; x_wconf 90' lang='lat' dir='ltr'><strong>ut</strong></span> <span class='ocrx_word' id='word_1_80' title='bbox 1704 1049 1807 1089; x_wconf 88' lang='lat' dir='ltr'><strong>nec</strong></span> <span class='ocrx_word' id='word_1_81' title='bbox 1839 1032 2097 1088; x_wconf 80' lang='lat' dir='ltr'><strong>eﬂ‘ectum</strong></span> 
     </span>
    </p>
   </div>
   <div class='ocr_carea' id='block_1_13' title="bbox 522 1124 2096 1202">
    <p class='ocr_par' dir='ltr' id='par_1_13' title="bbox 522 1124 2096 1202">
     <span class='ocr_line' id='line_1_13' title="bbox 522 1124 2096 1202; baseline -0.006 -15"><span class='ocrx_word' id='word_1_82' title='bbox 522 1134 595 1188; x_wconf 88' lang='lat' dir='ltr'><strong>sit</strong></span> <span class='ocrx_word' id='word_1_83' title='bbox 629 1131 1008 1202; x_wconf 87' lang='lat' dir='ltr'><strong>quodcunque</strong></span> <span class='ocrx_word' id='word_1_84' title='bbox 1029 1128 1368 1183; x_wconf 74' lang='lat' dir='ltr'><strong>exsistentiae</strong></span> <span class='ocrx_word' id='word_1_85' title='bbox 1390 1142 1609 1182; x_wconf 86' lang='lat' dir='ltr'><strong>causam</strong></span> <span class='ocrx_word' id='word_1_86' title='bbox 1648 1124 1817 1180; x_wconf 82' lang='lat' dir='ltr'><strong>habet</strong></span> <span class='ocrx_word' id='word_1_87' title='bbox 1867 1125 2096 1187; x_wconf 86' lang='lat' dir='ltr'><strong>nullam,</strong></span> 
     </span>
    </p>
   </div>
   <div class='ocr_carea' id='block_1_14' title="bbox 522 1216 2100 1286">
    <p class='ocr_par' dir='ltr' id='par_1_14' title="bbox 522 1216 2100 1286">
     <span class='ocr_line' id='line_1_14' title="bbox 522 1216 2100 1286; baseline -0.004 -9"><span class='ocrx_word' id='word_1_88' title='bbox 522 1237 627 1278; x_wconf 90' lang='lat' dir='ltr'><strong>nec</strong></span> <span class='ocrx_word' id='word_1_89' title='bbox 648 1222 855 1277; x_wconf 89' lang='lat' dir='ltr'><strong>mobile</strong></span> <span class='ocrx_word' id='word_1_90' title='bbox 891 1219 981 1276; x_wconf 87' lang='lat' dir='ltr'><strong>sit.</strong></span> <span class='ocrx_word' id='word_1_91' title='bbox 1015 1219 1134 1273; x_wconf 87' lang='lat' dir='ltr'><strong>Non</strong></span> <span class='ocrx_word' id='word_1_92' title='bbox 1197 1218 1347 1274; x_wconf 87' lang='lat' dir='ltr'><strong>enim</strong></span> <span class='ocrx_word' id='word_1_93' title='bbox 1384 1227 1638 1273; x_wconf 85' lang='lat' dir='ltr'><strong>movetur</strong></span> <span class='ocrx_word' id='word_1_94' title='bbox 1678 1217 1905 1271; x_wconf 85' lang='lat' dir='ltr'><strong>omnino</strong></span> <span class='ocrx_word' id='word_1_95' title='bbox 1951 1216 2100 1286; x_wconf 92' lang='lat' dir='ltr'><strong>quod</strong></span> 
     </span>
    </p>
   </div>
   <div class='ocr_carea' id='block_1_15' title="bbox 522 1307 2102 1377">
    <p class='ocr_par' dir='ltr' id='par_1_15' title="bbox 522 1307 2102 1377">
     <span class='ocr_line' id='line_1_15' title="bbox 522 1307 2102 1377; baseline -0.004 -11"><span class='ocrx_word' id='word_1_96' title='bbox 522 1311 864 1367; x_wconf 69' lang='lat' dir='ltr'><strong>exsistentiae</strong></span> <span class='ocrx_word' id='word_1_97' title='bbox 889 1325 1057 1365; x_wconf 88' lang='lat' dir='ltr'><strong>causa</strong></span> <span class='ocrx_word' id='word_1_98' title='bbox 1083 1319 1256 1365; x_wconf 87' lang='lat' dir='ltr'><strong>caret.</strong></span> <span class='ocrx_word' id='word_1_99' title='bbox 1289 1310 1344 1365; x_wconf 88' lang='lat' dir='ltr'><strong>Si</strong></span> <span class='ocrx_word' id='word_1_100' title='bbox 1369 1318 1551 1364; x_wconf 90' lang='lat' dir='ltr'><strong>autem</strong></span> <span class='ocrx_word' id='word_1_101' title='bbox 1582 1307 1730 1377; x_wconf 88' lang='lat' dir='ltr'><strong>quod</strong></span> <span class='ocrx_word' id='word_1_102' title='bbox 1766 1323 1929 1363; x_wconf 87' lang='lat' dir='ltr'><strong>causa</strong></span> <span class='ocrx_word' id='word_1_103' title='bbox 1950 1314 2102 1362; x_wconf 89' lang='lat' dir='ltr'><strong>caret</strong></span> 
     </span>
    </p>
   </div>
   <div class='ocr_carea' id='block_1_16' title="bbox 524 1400 2100 1472">
    <p class='ocr_par' dir='ltr' id='par_1_16' title="bbox 524 1400 2100 1472">
     <span class='ocr_line' id='line_1_16' title="bbox 524 1400 2100 1472; baseline -0.004 -14"><span class='ocrx_word' id='word_1_104' title='bbox 524 1403 669 1458; x_wconf 88' lang='lat' dir='ltr'><strong>idem</strong></span> <span class='ocrx_word' id='word_1_105' title='bbox 697 1410 849 1457; x_wconf 88' lang='lat' dir='ltr'><strong>caret</strong></span> <span class='ocrx_word' id='word_1_106' title='bbox 865 1401 1395 1472; x_wconf 88' lang='lat' dir='ltr'><strong>motione,sequitur</strong></span> <span class='ocrx_word' id='word_1_107' title='bbox 1430 1411 1491 1456; x_wconf 91' lang='lat' dir='ltr'><strong>ut</strong></span> <span class='ocrx_word' id='word_1_108' title='bbox 1515 1400 1766 1455; x_wconf 86' lang='lat' dir='ltr'><strong>divinum</strong></span> <span class='ocrx_word' id='word_1_109' title='bbox 1800 1400 1872 1455; x_wconf 86' lang='lat' dir='ltr'><strong>sit</strong></span> <span class='ocrx_word' id='word_1_110' title='bbox 1903 1400 2100 1453; x_wconf 86' lang='lat' dir='ltr'><strong>immo-</strong></span> 
     </span>
    </p>
   </div>
   <div class='ocr_carea' id='block_1_17' title="bbox 522 1488 2103 1561">
    <p class='ocr_par' dir='ltr' id='par_1_17' title="bbox 522 1488 2103 1561">
     <span class='ocr_line' id='line_1_17' title="bbox 522 1488 2103 1561; baseline -0.002 -15"><span class='ocrx_word' id='word_1_111' title='bbox 522 1491 653 1557; x_wconf 89' lang='lat' dir='ltr'><strong>bile,</strong></span> <span class='ocrx_word' id='word_1_112' title='bbox 671 1490 822 1561; x_wconf 87' lang='lat' dir='ltr'><strong>quod</strong></span> <span class='ocrx_word' id='word_1_113' title='bbox 840 1489 1178 1545; x_wconf 75' lang='lat' dir='ltr'><strong>exsistentia:</strong></span> <span class='ocrx_word' id='word_1_114' title='bbox 1197 1505 1309 1545; x_wconf 68' lang='lat' dir='ltr'><strong>suae</strong></span> <span class='ocrx_word' id='word_1_115' title='bbox 1324 1503 1546 1545; x_wconf 87' lang='lat' dir='ltr'><strong>causam</strong></span> <span class='ocrx_word' id='word_1_116' title='bbox 1570 1503 1679 1543; x_wconf 91' lang='lat' dir='ltr'><strong>non</strong></span> <span class='ocrx_word' id='word_1_117' title='bbox 1704 1488 1872 1544; x_wconf 89' lang='lat' dir='ltr'><strong>habet</strong></span> <span class='ocrx_word' id='word_1_118' title='bbox 1894 1504 2103 1543; x_wconf 87' lang='lat' dir='ltr'><strong>rerum-</strong></span> 
     </span>
    </p>
   </div>
   <div class='ocr_carea' id='block_1_18' title="bbox 523 1581 2099 1654">
    <p class='ocr_par' dir='ltr' id='par_1_18' title="bbox 523 1581 2099 1654">
     <span class='ocr_line' id='line_1_18' title="bbox 523 1581 2099 1654; baseline -0.003 -16"><span class='ocrx_word' id='word_1_119' title='bbox 523 1599 630 1654; x_wconf 93' lang='lat' dir='ltr'><strong>que</strong></span> <span class='ocrx_word' id='word_1_120' title='bbox 657 1598 779 1653; x_wconf 68' lang='lat' dir='ltr'><strong>quae</strong></span> <span class='ocrx_word' id='word_1_121' title='bbox 810 1590 939 1636; x_wconf 90' lang='lat' dir='ltr'><strong>sunt</strong></span> <span class='ocrx_word' id='word_1_122' title='bbox 965 1582 1211 1637; x_wconf 87' lang='lat' dir='ltr'><strong>omnium</strong></span> <span class='ocrx_word' id='word_1_123' title='bbox 1243 1598 1409 1638; x_wconf 89' lang='lat' dir='ltr'><strong>causa</strong></span> <span class='ocrx_word' id='word_1_124' title='bbox 1432 1591 1534 1638; x_wconf 90' lang='lat' dir='ltr'><strong>est.</strong></span> <span class='ocrx_word' id='word_1_125' title='bbox 1573 1581 1857 1648; x_wconf 82' lang='lat' dir='ltr'><strong>Quomodo</strong></span> <span class='ocrx_word' id='word_1_126' title='bbox 1909 1582 2099 1653; x_wconf 85' lang='lat' dir='ltr'><strong>igitur,</strong></span> 
     </span>
    </p>
   </div>
   <div class='ocr_carea' id='block_1_19' title="bbox 523 1671 2098 1744">
    <p class='ocr_par' dir='ltr' id='par_1_19' title="bbox 523 1671 2098 1744">
     <span class='ocr_line' id='line_1_19' title="bbox 523 1671 2098 1744; baseline 0.001 -18"><span class='ocrx_word' id='word_1_127' title='bbox 523 1672 760 1727; x_wconf 80' lang='lat' dir='ltr'><strong>fortasse</strong></span> <span class='ocrx_word' id='word_1_128' title='bbox 791 1671 996 1742; x_wconf 85' lang='lat' dir='ltr'><strong>aliquis</strong></span> <span class='ocrx_word' id='word_1_129' title='bbox 1054 1671 1444 1744; x_wconf 77' lang='lat' dir='ltr'><strong>interrogabit,</strong></span> <span class='ocrx_word' id='word_1_130' title='bbox 1485 1672 1832 1727; x_wconf 87' lang='lat' dir='ltr'><strong>admirabilis</strong></span> <span class='ocrx_word' id='word_1_131' title='bbox 1873 1672 1965 1727; x_wconf 90' lang='lat' dir='ltr'><strong>hic</strong></span> <span class='ocrx_word' id='word_1_132' title='bbox 1999 1671 2098 1727; x_wconf 82' lang='lat' dir='ltr'><strong>do-</strong></span> 
     </span>
    </p>
   </div>
   <div class='ocr_carea' id='block_1_20' title="bbox 523 1763 2102 1835">
    <p class='ocr_par' dir='ltr' id='par_1_20' title="bbox 523 1763 2102 1835">
     <span class='ocr_line' id='line_1_20' title="bbox 523 1763 2102 1835; baseline 0 -17"><span class='ocrx_word' id='word_1_133' title='bbox 523 1771 644 1818; x_wconf 89' lang='lat' dir='ltr'><strong>ctor</strong></span> <span class='ocrx_word' id='word_1_134' title='bbox 679 1772 941 1832; x_wconf 90' lang='lat' dir='ltr'><strong>tanquam</strong></span> <span class='ocrx_word' id='word_1_135' title='bbox 971 1763 1174 1818; x_wconf 91' lang='lat' dir='ltr'><strong>mobile</strong></span> <span class='ocrx_word' id='word_1_136' title='bbox 1212 1764 1520 1821; x_wconf 89' lang='lat' dir='ltr'><strong>introducit</strong></span> <span class='ocrx_word' id='word_1_137' title='bbox 1549 1766 1723 1820; x_wconf 89' lang='lat' dir='ltr'><strong>Deum</strong></span> <span class='ocrx_word' id='word_1_138' title='bbox 1780 1765 1838 1818; x_wconf 91' lang='lat' dir='ltr'><strong>in</strong></span> <span class='ocrx_word' id='word_1_139' title='bbox 1890 1780 2102 1835; x_wconf 61' lang='lat' dir='ltr'><strong>prapo-</strong></span> 
     </span>
    </p>
   </div>
   <div class='ocr_carea' id='block_1_21' title="bbox 524 1852 2102 1927">
    <p class='ocr_par' dir='ltr' id='par_1_21' title="bbox 524 1852 2102 1927">
     <span class='ocr_line' id='line_1_21' title="bbox 524 1852 2102 1927; baseline 0.001 -18"><span class='ocrx_word' id='word_1_140' title='bbox 524 1854 690 1909; x_wconf 83' lang='lat' dir='ltr'><strong>sitis?</strong></span> <span class='ocrx_word' id='word_1_141' title='bbox 712 1852 814 1908; x_wconf 87' lang='lat' dir='ltr'><strong>Cui</strong></span> <span class='ocrx_word' id='word_1_142' title='bbox 849 1853 1315 1924; x_wconf 85' lang='lat' dir='ltr'><strong>respondebimus</strong></span> <span class='ocrx_word' id='word_1_143' title='bbox 1338 1856 1489 1924; x_wconf 88' lang='lat' dir='ltr'><strong>quod</strong></span> <span class='ocrx_word' id='word_1_144' title='bbox 1515 1867 1743 1912; x_wconf 88' lang='lat' dir='ltr'><strong>noverat</strong></span> <span class='ocrx_word' id='word_1_145' title='bbox 1775 1858 1965 1927; x_wconf 89' lang='lat' dir='ltr'><strong>procul</strong></span> <span class='ocrx_word' id='word_1_146' title='bbox 1994 1858 2102 1910; x_wconf 88' lang='lat' dir='ltr'><strong>du-</strong></span> 
     </span>
    </p>
   </div>
   <div class='ocr_carea' id='block_1_22' title="bbox 524 1944 2101 2016">
    <p class='ocr_par' dir='ltr' id='par_1_22' title="bbox 524 1944 2101 2016">
     <span class='ocr_line' id='line_1_22' title="bbox 524 1944 2101 2016; baseline 0.001 -15"><span class='ocrx_word' id='word_1_147' title='bbox 524 1945 654 2001; x_wconf 83' lang='lat' dir='ltr'><strong>bio:</strong></span> <span class='ocrx_word' id='word_1_148' title='bbox 694 1944 856 2000; x_wconf 77' lang='lat' dir='ltr'><strong>Ratio</strong></span> <span class='ocrx_word' id='word_1_149' title='bbox 906 1946 1173 2016; x_wconf 85' lang='lat' dir='ltr'><strong>cujusque</strong></span> <span class='ocrx_word' id='word_1_150' title='bbox 1215 1947 1351 2001; x_wconf 87' lang='lat' dir='ltr'><strong>artis</strong></span> <span class='ocrx_word' id='word_1_151' title='bbox 1396 1962 1754 2012; x_wconf 78' lang='lat' dir='ltr'><strong>conservans,</strong></span> <span class='ocrx_word' id='word_1_152' title='bbox 1800 1949 2101 2003; x_wconf 89' lang='lat' dir='ltr'><strong>immobilis</strong></span> 
     </span>
    </p>
   </div>
   <div class='ocr_carea' id='block_1_23' title="bbox 524 2035 2102 2111">
    <p class='ocr_par' dir='ltr' id='par_1_23' title="bbox 524 2035 2102 2111">
     <span class='ocr_line' id='line_1_23' title="bbox 524 2035 2102 2111; baseline 0.001 -18"><span class='ocrx_word' id='word_1_153' title='bbox 524 2038 750 2093; x_wconf 89' lang='lat' dir='ltr'><strong>omnino</strong></span> <span class='ocrx_word' id='word_1_154' title='bbox 776 2035 845 2091; x_wconf 89' lang='lat' dir='ltr'><strong>ad</strong></span> <span class='ocrx_word' id='word_1_155' title='bbox 870 2050 930 2092; x_wconf 89' lang='lat' dir='ltr'><strong>se</strong></span> <span class='ocrx_word' id='word_1_156' title='bbox 961 2053 1215 2103; x_wconf 84' lang='lat' dir='ltr'><strong>manens,</strong></span> <span class='ocrx_word' id='word_1_157' title='bbox 1252 2048 1313 2093; x_wconf 91' lang='lat' dir='ltr'><strong>ut</strong></span> <span class='ocrx_word' id='word_1_158' title='bbox 1343 2041 1598 2110; x_wconf 75' lang='lat' dir='ltr'><strong>exemplo</strong></span> <span class='ocrx_word' id='word_1_159' title='bbox 1628 2054 1773 2106; x_wconf 83' lang='lat' dir='ltr'><strong>utar,</strong></span> <span class='ocrx_word' id='word_1_160' title='bbox 1829 2058 1951 2095; x_wconf 86' lang='lat' dir='ltr'><strong>cum</strong></span> <span class='ocrx_word' id='word_1_161' title='bbox 2005 2057 2102 2111; x_wconf 89' lang='lat' dir='ltr'><strong>per</strong></span> 
     </span>
    </p>
   </div>
   <div class='ocr_carea' id='block_1_24' title="bbox 525 2128 2098 2199">
    <p class='ocr_par' dir='ltr' id='par_1_24' title="bbox 525 2128 2098 2199">
     <span class='ocr_line' id='line_1_24' title="bbox 525 2128 2098 2199; baseline 0.002 -17"><span class='ocrx_word' id='word_1_162' title='bbox 525 2128 771 2199; x_wconf 85' lang='lat' dir='ltr'><strong>singulas</strong></span> <span class='ocrx_word' id='word_1_163' title='bbox 832 2129 1042 2185; x_wconf 81' lang='lat' dir='ltr'><strong>formas</strong></span> <span class='ocrx_word' id='word_1_164' title='bbox 1086 2144 1282 2184; x_wconf 84' lang='lat' dir='ltr'><strong>eorum</strong></span> <span class='ocrx_word' id='word_1_165' title='bbox 1328 2146 1450 2199; x_wconf 66' lang='lat' dir='ltr'><strong>qua:</strong></span> <span class='ocrx_word' id='word_1_166' title='bbox 1509 2131 1576 2184; x_wconf 91' lang='lat' dir='ltr'><strong>ad</strong></span> <span class='ocrx_word' id='word_1_167' title='bbox 1625 2133 1876 2186; x_wconf 83' lang='lat' dir='ltr'><strong>eamdem</strong></span> <span class='ocrx_word' id='word_1_168' title='bbox 1926 2143 2098 2185; x_wconf 79' lang='lat' dir='ltr'><strong>artem</strong></span> 
     </span>
    </p>
   </div>
   <div class='ocr_carea' id='block_1_25' title="bbox 525 2220 2101 2293">
    <p class='ocr_par' dir='ltr' id='par_1_25' title="bbox 525 2220 2101 2293">
     <span class='ocr_line' id='line_1_25' title="bbox 525 2220 2101 2293; baseline 0.001 -19"><span class='ocrx_word' id='word_1_169' title='bbox 525 2221 810 2293; x_wconf 87' lang='lat' dir='ltr'><strong>pertinent</strong></span> <span class='ocrx_word' id='word_1_170' title='bbox 864 2220 1162 2285; x_wconf 74' lang='lat' dir='ltr'><strong>formatur,</strong></span> <span class='ocrx_word' id='word_1_171' title='bbox 1195 2220 1407 2275; x_wconf 81' lang='lat' dir='ltr'><strong>moveri</strong></span> <span class='ocrx_word' id='word_1_172' title='bbox 1440 2220 1649 2277; x_wconf 86' lang='lat' dir='ltr'><strong>dicitur</strong></span> <span class='ocrx_word' id='word_1_173' title='bbox 1690 2224 1896 2291; x_wconf 85' lang='lat' dir='ltr'><strong>potius,</strong></span> <span class='ocrx_word' id='word_1_174' title='bbox 1954 2223 2101 2292; x_wconf 87' lang='lat' dir='ltr'><strong>quod</strong></span> 
     </span>
    </p>
   </div>
   <div class='ocr_carea' id='block_1_26' title="bbox 528 2310 2101 2382">
    <p class='ocr_par' dir='ltr' id='par_1_26' title="bbox 528 2310 2101 2382">
     <span class='ocr_line' id='line_1_26' title="bbox 528 2310 2101 2382; baseline 0.001 -17"><span class='ocrx_word' id='word_1_175' title='bbox 528 2311 837 2366; x_wconf 76' lang='lat' dir='ltr'><strong>secundum</strong></span> <span class='ocrx_word' id='word_1_176' title='bbox 874 2327 934 2366; x_wconf 88' lang='lat' dir='ltr'><strong>se</strong></span> <span class='ocrx_word' id='word_1_177' title='bbox 964 2322 1157 2366; x_wconf 88' lang='lat' dir='ltr'><strong>movet</strong></span> <span class='ocrx_word' id='word_1_178' title='bbox 1200 2311 1254 2366; x_wconf 91' lang='lat' dir='ltr'><strong>id</strong></span> <span class='ocrx_word' id='word_1_179' title='bbox 1296 2310 1447 2382; x_wconf 92' lang='lat' dir='ltr'><strong>quod</strong></span> <span class='ocrx_word' id='word_1_180' title='bbox 1503 2320 1621 2366; x_wconf 90' lang='lat' dir='ltr'><strong>arte</strong></span> <span class='ocrx_word' id='word_1_181' title='bbox 1644 2314 1899 2377; x_wconf 85' lang='lat' dir='ltr'><strong>eﬂicilur,</strong></span> <span class='ocrx_word' id='word_1_182' title='bbox 1936 2329 2101 2382; x_wconf 90' lang='lat' dir='ltr'><strong>quam</strong></span> 
     </span>
    </p>
   </div>
   <div class='ocr_carea' id='block_1_27' title="bbox 526 2402 2101 2474">
    <p class='ocr_par' dir='ltr' id='par_1_27' title="bbox 526 2402 2101 2474">
     <span class='ocr_line' id='line_1_27' title="bbox 526 2402 2101 2474; baseline 0.001 -18"><span class='ocrx_word' id='word_1_183' title='bbox 526 2402 675 2471; x_wconf 85' lang='lat' dir='ltr'><strong>quod</strong></span> <span class='ocrx_word' id='word_1_184' title='bbox 707 2402 982 2457; x_wconf 88' lang='lat' dir='ltr'><strong>movendo</strong></span> <span class='ocrx_word' id='word_1_185' title='bbox 1014 2411 1296 2473; x_wconf 84' lang='lat' dir='ltr'><strong>appareat,</strong></span> <span class='ocrx_word' id='word_1_186' title='bbox 1316 2403 1428 2468; x_wconf 90' lang='lat' dir='ltr'><strong>vel,</strong></span> <span class='ocrx_word' id='word_1_187' title='bbox 1451 2413 1511 2457; x_wconf 91' lang='lat' dir='ltr'><strong>ut</strong></span> <span class='ocrx_word' id='word_1_188' title='bbox 1540 2404 1634 2457; x_wconf 78' lang='lat' dir='ltr'><strong>lux</strong></span> <span class='ocrx_word' id='word_1_189' title='bbox 1662 2420 1784 2474; x_wconf 68' lang='lat' dir='ltr'><strong>quae</strong></span> <span class='ocrx_word' id='word_1_190' title='bbox 1807 2404 1872 2458; x_wconf 86' lang='lat' dir='ltr'><strong>ad</strong></span> <span class='ocrx_word' id='word_1_191' title='bbox 1908 2404 2101 2458; x_wconf 85' lang='lat' dir='ltr'><strong>viden-</strong></span> 
     </span>
    </p>
   </div>
   <div class='ocr_carea' id='block_1_28' title="bbox 525 2493 2107 2561">
    <p class='ocr_par' dir='ltr' id='par_1_28' title="bbox 525 2493 2107 2561">
     <span class='ocr_line' id='line_1_28' title="bbox 525 2493 2107 2561; baseline 0.003 -15"><span class='ocrx_word' id='word_1_192' title='bbox 525 2493 657 2547; x_wconf 86' lang='lat' dir='ltr'><strong>dum</strong></span> <span class='ocrx_word' id='word_1_193' title='bbox 712 2500 900 2548; x_wconf 90' lang='lat' dir='ltr'><strong>movet</strong></span> <span class='ocrx_word' id='word_1_194' title='bbox 940 2493 1118 2548; x_wconf 89' lang='lat' dir='ltr'><strong>visum</strong></span> <span class='ocrx_word' id='word_1_195' title='bbox 1160 2493 1366 2549; x_wconf 90' lang='lat' dir='ltr'><strong>dicitur</strong></span> <span class='ocrx_word' id='word_1_196' title='bbox 1417 2497 1653 2561; x_wconf 85' lang='lat' dir='ltr'><strong>moveri,</strong></span> <span class='ocrx_word' id='word_1_197' title='bbox 1702 2512 1827 2550; x_wconf 91' lang='lat' dir='ltr'><strong>cum</strong></span> <span class='ocrx_word' id='word_1_198' title='bbox 1875 2510 2107 2551; x_wconf 84' lang='lat' dir='ltr'><strong>movens</strong></span> 
     </span>
    </p>
   </div>
   <div class='ocr_carea' id='block_1_29' title="bbox 524 2586 2102 2660">
    <p class='ocr_par' dir='ltr' id='par_1_29' title="bbox 524 2586 2102 2660">
     <span class='ocr_line' id='line_1_29' title="bbox 524 2586 2102 2660; baseline 0.001 -20"><span class='ocrx_word' id='word_1_199' title='bbox 524 2586 707 2641; x_wconf 87' lang='lat' dir='ltr'><strong>omnis</strong></span> <span class='ocrx_word' id='word_1_200' title='bbox 729 2586 882 2641; x_wconf 90' lang='lat' dir='ltr'><strong>visus</strong></span> <span class='ocrx_word' id='word_1_201' title='bbox 926 2587 1151 2656; x_wconf 89' lang='lat' dir='ltr'><strong>proprie</strong></span> <span class='ocrx_word' id='word_1_202' title='bbox 1195 2602 1362 2643; x_wconf 86' lang='lat' dir='ltr'><strong>causa</strong></span> <span class='ocrx_word' id='word_1_203' title='bbox 1399 2589 1471 2643; x_wconf 91' lang='lat' dir='ltr'><strong>sit</strong></span> <span class='ocrx_word' id='word_1_204' title='bbox 1519 2589 1694 2660; x_wconf 88' lang='lat' dir='ltr'><strong>magis</strong></span> <span class='ocrx_word' id='word_1_205' title='bbox 1744 2604 1907 2659; x_wconf 66' lang='lat' dir='ltr'><strong>Quam</strong></span> <span class='ocrx_word' id='word_1_206' title='bbox 1953 2588 2102 2659; x_wconf 81' lang='lat' dir='ltr'><strong>quod</strong></span> 
     </span>
    </p>
   </div>
   <div class='ocr_carea' id='block_1_30' title="bbox 410 2678 2105 2751">
    <p class='ocr_par' dir='ltr' id='par_1_30' title="bbox 410 2678 2105 2751">
     <span class='ocr_line' id='line_1_30' title="bbox 410 2678 2105 2751; baseline 0.005 -21"><span class='ocrx_word' id='word_1_207' title='bbox 410 2729 419 2737; x_wconf 86' lang='grc'><strong>,</strong></span> <span class='ocrx_word' id='word_1_208' title='bbox 524 2686 811 2741; x_wconf 87' lang='lat' dir='ltr'><strong>movetur,</strong></span> <span class='ocrx_word' id='word_1_209' title='bbox 844 2678 920 2731; x_wconf 89' lang='lat' dir='ltr'><strong>ita</strong></span> <span class='ocrx_word' id='word_1_210' title='bbox 953 2688 1011 2733; x_wconf 89' lang='lat' dir='ltr'><strong>et</strong></span> <span class='ocrx_word' id='word_1_211' title='bbox 1036 2679 1289 2733; x_wconf 84' lang='lat' dir='ltr'><strong>divinum</strong></span> <span class='ocrx_word' id='word_1_212' title='bbox 1317 2681 1479 2751; x_wconf 86' lang='lat' dir='ltr'><strong>plane</strong></span> <span class='ocrx_word' id='word_1_213' title='bbox 1501 2682 1780 2737; x_wconf 86' lang='lat' dir='ltr'><strong>immobile</strong></span> <span class='ocrx_word' id='word_1_214' title='bbox 1832 2683 2105 2739; x_wconf 79' lang='lat' dir='ltr'><strong>exsistens</strong></span> 
     </span>
    </p>
   </div>
   <div class='ocr_carea' id='block_1_31' title="bbox 530 2768 2104 2842">
    <p class='ocr_par' dir='ltr' id='par_1_31' title="bbox 530 2768 2104 2842">
     <span class='ocr_line' id='line_1_31' title="bbox 530 2768 2104 2842; baseline 0.004 -20"><span class='ocrx_word' id='word_1_215' title='bbox 530 2782 636 2837; x_wconf 87' lang='lat' dir='ltr'><strong>pro</strong></span> <span class='ocrx_word' id='word_1_216' title='bbox 659 2768 908 2823; x_wconf 85' lang='lat' dir='ltr'><strong>essentia</strong></span> <span class='ocrx_word' id='word_1_217' title='bbox 931 2784 1028 2823; x_wconf 88' lang='lat' dir='ltr'><strong>sua</strong></span> <span class='ocrx_word' id='word_1_218' title='bbox 1075 2779 1241 2840; x_wconf 90' lang='lat' dir='ltr'><strong>atque</strong></span> <span class='ocrx_word' id='word_1_219' title='bbox 1278 2780 1496 2834; x_wconf 89' lang='lat' dir='ltr'><strong>natura,</strong></span> <span class='ocrx_word' id='word_1_220' title='bbox 1521 2780 1711 2842; x_wconf 87' lang='lat' dir='ltr'><strong>utpote</strong></span> <span class='ocrx_word' id='word_1_221' title='bbox 1745 2774 2022 2828; x_wconf 73' lang='lat' dir='ltr'><strong>infinitum</strong></span> <span class='ocrx_word' id='word_1_222' title='bbox 2048 2783 2104 2828; x_wconf 88' lang='lat' dir='ltr'><strong>et</strong></span> 
     </span>
    </p>
   </div>
   <div class='ocr_carea' id='block_1_32' title="bbox 522 2856 2104 2932">
    <p class='ocr_par' dir='ltr' id='par_1_32' title="bbox 522 2856 2104 2932">
     <span class='ocr_line' id='line_1_32' title="bbox 522 2856 2104 2932; baseline 0.004 -22"><span class='ocrx_word' id='word_1_223' title='bbox 522 2870 640 2911; x_wconf 90' lang='lat' dir='ltr'><strong>non</strong></span> <span class='ocrx_word' id='word_1_224' title='bbox 671 2856 933 2911; x_wconf 59' lang='lat' dir='ltr'><strong>allectum</strong></span> <span class='ocrx_word' id='word_1_225' title='bbox 983 2865 1041 2911; x_wconf 90' lang='lat' dir='ltr'><strong>et</strong></span> <span class='ocrx_word' id='word_1_226' title='bbox 1099 2858 1541 2926; x_wconf 90' lang='lat' dir='ltr'><strong>interminatum,</strong></span> <span class='ocrx_word' id='word_1_227' title='bbox 1589 2870 1848 2930; x_wconf 82' lang='lat' dir='ltr'><strong>tanquam</strong></span> <span class='ocrx_word' id='word_1_228' title='bbox 1901 2864 2104 2932; x_wconf 89' lang='lat' dir='ltr'><strong>aliquis</strong></span> 
     </span>
    </p>
   </div>
   <div class='ocr_carea' id='block_1_33' title="bbox 525 2946 2104 3020">
    <p class='ocr_par' dir='ltr' id='par_1_33' title="bbox 525 2946 2104 3020">
     <span class='ocr_line' id='line_1_33' title="bbox 525 2946 2104 3020; baseline 0.005 -17"><span class='ocrx_word' id='word_1_229' title='bbox 525 2946 751 3003; x_wconf 86' lang='lat' dir='ltr'><strong>conscia</strong></span> <span class='ocrx_word' id='word_1_230' title='bbox 780 2948 921 3002; x_wconf 87' lang='lat' dir='ltr'><strong>ratio</strong></span> <span class='ocrx_word' id='word_1_231' title='bbox 942 2964 1131 3003; x_wconf 90' lang='lat' dir='ltr'><strong>rerum</strong></span> <span class='ocrx_word' id='word_1_232' title='bbox 1162 2966 1284 3020; x_wconf 71' lang='lat' dir='ltr'><strong>qua:</strong></span> <span class='ocrx_word' id='word_1_233' title='bbox 1313 2963 1441 3005; x_wconf 90' lang='lat' dir='ltr'><strong>sunt</strong></span> <span class='ocrx_word' id='word_1_234' title='bbox 1481 2954 1753 3009; x_wconf 85' lang='lat' dir='ltr'><strong>essentias</strong></span> <span class='ocrx_word' id='word_1_235' title='bbox 1783 2954 2104 3011; x_wconf 85' lang='lat' dir='ltr'><strong>inhabitans</strong></span> 
     </span>
    </p>
   </div>
   <div class='ocr_carea' id='block_1_34' title="bbox 522 3035 2100 3113">
    <p class='ocr_par' dir='ltr' id='par_1_34' title="bbox 522 3035 2100 3113">
     <span class='ocr_line' id='line_1_34' title="bbox 522 3035 2100 3113; baseline 0.009 -26"><span class='ocrx_word' id='word_1_236' title='bbox 522 3035 742 3089; x_wconf 85' lang='lat' dir='ltr'><strong>moveri</strong></span> <span class='ocrx_word' id='word_1_237' title='bbox 766 3035 996 3103; x_wconf 87' lang='lat' dir='ltr'><strong>dicitur,</strong></span> <span class='ocrx_word' id='word_1_238' title='bbox 1033 3039 1394 3107; x_wconf 87' lang='lat' dir='ltr'><strong>providenter</strong></span> <span class='ocrx_word' id='word_1_239' title='bbox 1448 3058 1638 3096; x_wconf 89' lang='lat' dir='ltr'><strong>eorum</strong></span> <span class='ocrx_word' id='word_1_240' title='bbox 1688 3060 1811 3113; x_wconf 71' lang='lat' dir='ltr'><strong>quae</strong></span> <span class='ocrx_word' id='word_1_241' title='bbox 1836 3055 1966 3100; x_wconf 90' lang='lat' dir='ltr'><strong>sunt</strong></span> <span class='ocrx_word' id='word_1_242' title='bbox 2010 3062 2100 3101; x_wconf 84' lang='lat' dir='ltr'><strong>se-</strong></span> 
     </span>
    </p>
   </div>
   <div class='ocr_carea' id='block_1_35' title="bbox 527 3127 2102 3203">
    <p class='ocr_par' dir='ltr' id='par_1_35' title="bbox 527 3127 2102 3203">
     <span class='ocr_line' id='line_1_35' title="bbox 527 3127 2102 3203; baseline 0.006 -19"><span class='ocrx_word' id='word_1_243' title='bbox 527 3127 772 3184; x_wconf 82' lang='lat' dir='ltr'><strong>cundum</strong></span> <span class='ocrx_word' id='word_1_244' title='bbox 808 3143 964 3183; x_wconf 88' lang='lat' dir='ltr'><strong>suam</strong></span> <span class='ocrx_word' id='word_1_245' title='bbox 1011 3132 1449 3202; x_wconf 88' lang='lat' dir='ltr'><strong>unumquodque</strong></span> <span class='ocrx_word' id='word_1_246' title='bbox 1479 3150 1586 3203; x_wconf 90' lang='lat' dir='ltr'><strong>qua</strong></span> <span class='ocrx_word' id='word_1_247' title='bbox 1618 3147 1902 3191; x_wconf 89' lang='lat' dir='ltr'><strong>moveatur</strong></span> <span class='ocrx_word' id='word_1_248' title='bbox 1930 3138 2102 3194; x_wconf 86' lang='lat' dir='ltr'><strong>ratio-</strong></span> 
     </span>
    </p>
   </div>
   <div class='ocr_carea' id='block_1_36' title="bbox 520 3221 2107 3300">
    <p class='ocr_par' dir='ltr' id='par_1_36' title="bbox 520 3221 2107 3300">
     <span class='ocr_line' id='line_1_36' title="bbox 520 3221 2107 3300; baseline 0.004 -21"><span class='ocrx_word' id='word_1_249' title='bbox 520 3236 655 3279; x_wconf 79' lang='lat' dir='ltr'><strong>nem</strong></span> <span class='ocrx_word' id='word_1_250' title='bbox 680 3221 979 3288; x_wconf 85' lang='lat' dir='ltr'><strong>movendo,</strong></span> <span class='ocrx_word' id='word_1_251' title='bbox 1008 3232 1161 3288; x_wconf 85' lang='lat' dir='ltr'><strong>et,ut</strong></span> <span class='ocrx_word' id='word_1_252' title='bbox 1192 3239 1376 3288; x_wconf 87' lang='lat' dir='ltr'><strong>causa,</strong></span> <span class='ocrx_word' id='word_1_253' title='bbox 1403 3241 1743 3297; x_wconf 74' lang='lat' dir='ltr'><strong>quaecunque</strong></span> <span class='ocrx_word' id='word_1_254' title='bbox 1770 3228 1838 3282; x_wconf 91' lang='lat' dir='ltr'><strong>de</strong></span> <span class='ocrx_word' id='word_1_255' title='bbox 1858 3229 1925 3283; x_wconf 87' lang='lat' dir='ltr'><strong>iis</strong></span> <span class='ocrx_word' id='word_1_256' title='bbox 1968 3246 2107 3300; x_wconf 89' lang='lat' dir='ltr'><strong>quo-</strong></span> 
     </span>
    </p>
   </div>
   <div class='ocr_carea' id='block_1_37' title="bbox 528 3314 2101 3390">
    <p class='ocr_par' dir='ltr' id='par_1_37' title="bbox 528 3314 2101 3390">
     <span class='ocr_line' id='line_1_37' title="bbox 528 3314 2101 3390; baseline 0.005 -21"><span class='ocrx_word' id='word_1_257' title='bbox 528 3328 651 3369; x_wconf 89' lang='lat' dir='ltr'><strong>rum</strong></span> <span class='ocrx_word' id='word_1_258' title='bbox 683 3322 763 3370; x_wconf 89' lang='lat' dir='ltr'><strong>est</strong></span> <span class='ocrx_word' id='word_1_259' title='bbox 797 3327 962 3369; x_wconf 86' lang='lat' dir='ltr'><strong>causa</strong></span> <span class='ocrx_word' id='word_1_260' title='bbox 989 3314 1388 3383; x_wconf 71' lang='lat' dir='ltr'><strong>praedicantur,</strong></span> <span class='ocrx_word' id='word_1_261' title='bbox 1408 3316 1527 3371; x_wconf 90' lang='lat' dir='ltr'><strong>sine</strong></span> <span class='ocrx_word' id='word_1_262' title='bbox 1544 3316 1743 3372; x_wconf 74' lang='lat' dir='ltr'><strong>aﬂ‘ectu</strong></span> <span class='ocrx_word' id='word_1_263' title='bbox 1768 3318 2101 3390; x_wconf 89' lang='lat' dir='ltr'><strong>recipiendo.</strong></span> 
     </span>
    </p>
   </div>
   <div class='ocr_carea' id='block_1_38' title="bbox 524 3404 2104 3482">
    <p class='ocr_par' dir='ltr' id='par_1_38' title="bbox 524 3404 2104 3482">
     <span class='ocr_line' id='line_1_38' title="bbox 524 3404 2104 3482; baseline 0.005 -22"><span class='ocrx_word' id='word_1_264' title='bbox 524 3404 686 3473; x_wconf 90' lang='lat' dir='ltr'><strong>Quod</strong></span> <span class='ocrx_word' id='word_1_265' title='bbox 707 3404 1215 3461; x_wconf 86' lang='lat' dir='ltr'><strong>commendandum</strong></span> <span class='ocrx_word' id='word_1_266' title='bbox 1246 3407 1516 3478; x_wconf 90' lang='lat' dir='ltr'><strong>suscipiet</strong></span> <span class='ocrx_word' id='word_1_267' title='bbox 1538 3412 1633 3479; x_wconf 91' lang='lat' dir='ltr'><strong>qui</strong></span> <span class='ocrx_word' id='word_1_268' title='bbox 1656 3409 1711 3463; x_wconf 93' lang='lat' dir='ltr'><strong>in</strong></span> <span class='ocrx_word' id='word_1_269' title='bbox 1736 3410 1824 3465; x_wconf 91' lang='lat' dir='ltr'><strong>his</strong></span> <span class='ocrx_word' id='word_1_270' title='bbox 1848 3427 2104 3482; x_wconf 64' lang='lat' dir='ltr'><strong>quaren-</strong></span> 
     </span>
    </p>
   </div>
   <div class='ocr_carea' id='block_1_39' title="bbox 529 3495 2151 3572">
    <p class='ocr_par' dir='ltr' id='par_1_39' title="bbox 529 3495 2151 3572">
     <span class='ocr_line' id='line_1_39' title="bbox 529 3495 2151 3572; baseline 0.004 -18"><span class='ocrx_word' id='word_1_271' title='bbox 529 3499 613 3554; x_wconf 88' lang='lat' dir='ltr'><strong>dis</strong></span> <span class='ocrx_word' id='word_1_272' title='bbox 634 3497 881 3552; x_wconf 86' lang='lat' dir='ltr'><strong>studium</strong></span> <span class='ocrx_word' id='word_1_273' title='bbox 914 3497 1103 3568; x_wconf 88' lang='lat' dir='ltr'><strong>posuit</strong></span> <span class='ocrx_word' id='word_1_274' title='bbox 1131 3498 1358 3554; x_wconf 88' lang='lat' dir='ltr'><strong>divinus</strong></span> <span class='ocrx_word' id='word_1_275' title='bbox 1404 3509 1460 3555; x_wconf 91' lang='lat' dir='ltr'><strong>et</strong></span> <span class='ocrx_word' id='word_1_276' title='bbox 1491 3515 1722 3572; x_wconf 88' lang='lat' dir='ltr'><strong>magnus</strong></span> <span class='ocrx_word' id='word_1_277' title='bbox 1782 3511 1937 3559; x_wconf 91' lang='lat' dir='ltr'><strong>vates</strong></span> <span class='ocrx_word' id='word_1_278' title='bbox 1979 3520 2106 3559; x_wconf 86' lang='lat' dir='ltr'><strong>san—</strong></span> <span class='ocrx_word' id='word_1_279' title='bbox 2140 3495 2151 3504; x_wconf 73' lang='grc'><em>’</em></span> 
     </span>
    </p>
   </div>
   <div class='ocr_carea' id='block_1_40' title="bbox 524 3589 2105 3662">
    <p class='ocr_par' dir='ltr' id='par_1_40' title="bbox 524 3589 2105 3662">
     <span class='ocr_line' id='line_1_40' title="bbox 524 3589 2105 3662; baseline 0.005 -18"><span class='ocrx_word' id='word_1_280' title='bbox 524 3598 653 3645; x_wconf 88' lang='lat' dir='ltr'><strong>etus</strong></span> <span class='ocrx_word' id='word_1_281' title='bbox 673 3590 978 3662; x_wconf 82' lang='lat' dir='ltr'><strong>Dionysius</strong></span> <span class='ocrx_word' id='word_1_282' title='bbox 1004 3589 1359 3661; x_wconf 85' lang='lat' dir='ltr'><strong>Areopagita,</strong></span> <span class='ocrx_word' id='word_1_283' title='bbox 1390 3591 1483 3646; x_wconf 92' lang='lat' dir='ltr'><strong>ubi</strong></span> <span class='ocrx_word' id='word_1_284' title='bbox 1520 3594 1631 3649; x_wconf 88' lang='lat' dir='ltr'><strong>ait:</strong></span> <span class='ocrx_word' id='word_1_285' title='bbox 1668 3614 1684 3645; x_wconf 84' lang='grc' dir='ltr'>ι</span> <span class='ocrx_word' id='word_1_286' title='bbox 1708 3595 1853 3662; x_wconf 83' lang='lat' dir='ltr'><strong>Quid</strong></span> <span class='ocrx_word' id='word_1_287' title='bbox 1883 3596 2105 3652; x_wconf 89' lang='lat' dir='ltr'><strong>tandem</strong></span> 
     </span>
    </p>
   </div>
   <div class='ocr_carea' id='block_1_41' title="bbox 527 3681 2103 3753">
    <p class='ocr_par' dir='ltr' id='par_1_41' title="bbox 527 3681 2103 3753">
     <span class='ocr_line' id='line_1_41' title="bbox 527 3681 2103 3753; baseline 0.004 -17"><span class='ocrx_word' id='word_1_288' title='bbox 527 3681 772 3752; x_wconf 78' lang='lat' dir='ltr'><strong>theologi</strong></span> <span class='ocrx_word' id='word_1_289' title='bbox 811 3681 1123 3752; x_wconf 81' lang='lat' dir='ltr'><strong>signiﬁcare</strong></span> <span class='ocrx_word' id='word_1_290' title='bbox 1150 3683 1362 3748; x_wconf 90' lang='lat' dir='ltr'><strong>volunt,</strong></span> <span class='ocrx_word' id='word_1_291' title='bbox 1396 3700 1523 3739; x_wconf 94' lang='lat' dir='ltr'><strong>cum</strong></span> <span class='ocrx_word' id='word_1_292' title='bbox 1555 3684 1806 3741; x_wconf 89' lang='lat' dir='ltr'><strong>divinum</strong></span> <span class='ocrx_word' id='word_1_293' title='bbox 1863 3686 2103 3753; x_wconf 86' lang='lat' dir='ltr'><strong>Numen,</strong></span> 
     </span>
    </p>
   </div>
   <div class='ocr_carea' id='block_1_42' title="bbox 526 3775 2106 3841">
    <p class='ocr_par' dir='ltr' id='par_1_42' title="bbox 526 3775 2106 3841">
     <span class='ocr_line' id='line_1_42' title="bbox 526 3775 2106 3841; baseline 0.004 -13"><span class='ocrx_word' id='word_1_294' title='bbox 526 3788 679 3828; x_wconf 86' lang='lat' dir='ltr'><strong>nunc</strong></span> <span class='ocrx_word' id='word_1_295' title='bbox 719 3788 986 3838; x_wconf 90' lang='lat' dir='ltr'><strong>amorem,</strong></span> <span class='ocrx_word' id='word_1_296' title='bbox 1017 3789 1164 3828; x_wconf 87' lang='lat' dir='ltr'><strong>nunc</strong></span> <span class='ocrx_word' id='word_1_297' title='bbox 1190 3775 1543 3841; x_wconf 89' lang='lat' dir='ltr'><strong>charitatem,</strong></span> <span class='ocrx_word' id='word_1_298' title='bbox 1595 3793 1743 3833; x_wconf 89' lang='lat' dir='ltr'><strong>nunc</strong></span> <span class='ocrx_word' id='word_1_299' title='bbox 1792 3780 2027 3835; x_wconf 86' lang='lat' dir='ltr'><strong>amabile</strong></span> <span class='ocrx_word' id='word_1_300' title='bbox 2050 3789 2106 3834; x_wconf 90' lang='lat' dir='ltr'><strong>et</strong></span> 
     </span>
    </p>
   </div>
   <div class='ocr_carea' id='block_1_43' title="bbox 527 3863 2103 3931">
    <p class='ocr_par' dir='ltr' id='par_1_43' title="bbox 527 3863 2103 3931">
     <span class='ocr_line' id='line_1_43' title="bbox 527 3863 2103 3931; baseline 0.004 -13"><span class='ocrx_word' id='word_1_301' title='bbox 527 3863 759 3918; x_wconf 82' lang='lat' dir='ltr'><strong>charum</strong></span> <span class='ocrx_word' id='word_1_302' title='bbox 790 3864 1028 3918; x_wconf 86' lang='lat' dir='ltr'><strong>vocant?</strong></span> <span class='ocrx_word' id='word_1_303' title='bbox 1052 3884 1071 3915; x_wconf 74' lang='grc' dir='ltr'>ι</span> <span class='ocrx_word' id='word_1_304' title='bbox 1102 3864 1475 3931; x_wconf 62' lang='grc' dir='ltr'>ρυωειὶοιιριιι</span> <span class='ocrx_word' id='word_1_305' title='bbox 1502 3866 1740 3928; x_wconf 88' lang='lat' dir='ltr'><strong>absolvit</strong></span> <span class='ocrx_word' id='word_1_306' title='bbox 1772 3869 1858 3924; x_wconf 92' lang='lat' dir='ltr'><strong>his</strong></span> <span class='ocrx_word' id='word_1_307' title='bbox 1883 3870 2103 3925; x_wconf 84' lang='lat' dir='ltr'><strong>verbis:</strong></span> 
     </span>
    </p>
   </div>
   <div class='ocr_carea' id='block_1_44' title="bbox 533 3955 2103 4031">
    <p class='ocr_par' dir='ltr' id='par_1_44' title="bbox 533 3955 2103 4031">
     <span class='ocr_line' id='line_1_44' title="bbox 533 3955 2103 4031; baseline 0.006 -23"><span class='ocrx_word' id='word_1_308' title='bbox 533 3975 552 4008; x_wconf 83' lang='lat' dir='ltr'><strong>r</strong></span> <span class='ocrx_word' id='word_1_309' title='bbox 585 3955 744 4022; x_wconf 91' lang='lat' dir='ltr'><strong>Quod</strong></span> <span class='ocrx_word' id='word_1_310' title='bbox 783 3955 875 4010; x_wconf 87' lang='lat' dir='ltr'><strong>hic</strong></span> <span class='ocrx_word' id='word_1_311' title='bbox 912 3962 1188 4022; x_wconf 84' lang='lat' dir='ltr'><strong>movetur,</strong></span> <span class='ocrx_word' id='word_1_312' title='bbox 1228 3957 1344 4013; x_wconf 88' lang='lat' dir='ltr'><strong>illic</strong></span> <span class='ocrx_word' id='word_1_313' title='bbox 1394 3967 1623 4025; x_wconf 85' lang='lat' dir='ltr'><strong>movet;</strong></span> <span class='ocrx_word' id='word_1_314' title='bbox 1652 3979 1671 4011; x_wconf 76' lang='grc' dir='ltr'><strong>ι</strong></span> <span class='ocrx_word' id='word_1_315' title='bbox 1708 3969 1874 4031; x_wconf 90' lang='lat' dir='ltr'><strong>atque</strong></span> <span class='ocrx_word' id='word_1_316' title='bbox 1906 3970 1967 4017; x_wconf 94' lang='lat' dir='ltr'><strong>ut</strong></span> <span class='ocrx_word' id='word_1_317' title='bbox 2014 3963 2103 4017; x_wconf 89' lang='lat' dir='ltr'><strong>lu-</strong></span> 
     </span>
    </p>
   </div>
   <div class='ocr_carea' id='block_1_45' title="bbox 525 4047 2104 4123">
    <p class='ocr_par' dir='ltr' id='par_1_45' title="bbox 525 4047 2104 4123">
     <span class='ocr_line' id='line_1_45' title="bbox 525 4047 2104 4123; baseline 0.003 -20"><span class='ocrx_word' id='word_1_318' title='bbox 525 4047 804 4103; x_wconf 85' lang='lat' dir='ltr'><strong>culentius</strong></span> <span class='ocrx_word' id='word_1_319' title='bbox 832 4047 1041 4104; x_wconf 86' lang='lat' dir='ltr'><strong>dicam:</strong></span> <span class='ocrx_word' id='word_1_320' title='bbox 1078 4049 1235 4104; x_wconf 88' lang='lat' dir='ltr'><strong>Nunc</strong></span> <span class='ocrx_word' id='word_1_321' title='bbox 1286 4063 1441 4103; x_wconf 91' lang='lat' dir='ltr'><strong>amor</strong></span> <span class='ocrx_word' id='word_1_322' title='bbox 1491 4049 1743 4107; x_wconf 86' lang='lat' dir='ltr'><strong>divinum</strong></span> <span class='ocrx_word' id='word_1_323' title='bbox 1794 4060 1879 4107; x_wconf 90' lang='lat' dir='ltr'><strong>est</strong></span> <span class='ocrx_word' id='word_1_324' title='bbox 1938 4060 2104 4123; x_wconf 91' lang='lat' dir='ltr'><strong>atque</strong></span> 
     </span>
    </p>
   </div>
   <div class='ocr_carea' id='block_1_46' title="bbox 527 4140 2105 4211">
    <p class='ocr_par' dir='ltr' id='par_1_46' title="bbox 527 4140 2105 4211">
     <span class='ocr_line' id='line_1_46' title="bbox 527 4140 2105 4211; baseline 0.003 -17"><span class='ocrx_word' id='word_1_325' title='bbox 527 4140 772 4195; x_wconf 87' lang='lat' dir='ltr'><strong>charitas</strong></span> <span class='ocrx_word' id='word_1_326' title='bbox 794 4146 851 4194; x_wconf 91' lang='lat' dir='ltr'><strong>et</strong></span> <span class='ocrx_word' id='word_1_327' title='bbox 866 4148 1139 4206; x_wconf 91' lang='lat' dir='ltr'><strong>movetur,</strong></span> <span class='ocrx_word' id='word_1_328' title='bbox 1159 4156 1308 4195; x_wconf 92' lang='lat' dir='ltr'><strong>nunc</strong></span> <span class='ocrx_word' id='word_1_329' title='bbox 1326 4141 1561 4196; x_wconf 88' lang='lat' dir='ltr'><strong>amabile</strong></span> <span class='ocrx_word' id='word_1_330' title='bbox 1582 4151 1667 4198; x_wconf 90' lang='lat' dir='ltr'><strong>est</strong></span> <span class='ocrx_word' id='word_1_331' title='bbox 1686 4154 1742 4198; x_wconf 89' lang='lat' dir='ltr'><strong>et</strong></span> <span class='ocrx_word' id='word_1_332' title='bbox 1763 4144 2016 4211; x_wconf 91' lang='lat' dir='ltr'><strong>charum,</strong></span> <span class='ocrx_word' id='word_1_333' title='bbox 2049 4154 2105 4199; x_wconf 86' lang='lat' dir='ltr'><strong>et</strong></span> 
     </span>
    </p>
   </div>
   <div class='ocr_carea' id='block_1_47' title="bbox 528 4232 2101 4306">
    <p class='ocr_par' dir='ltr' id='par_1_47' title="bbox 528 4232 2101 4306">
     <span class='ocr_line' id='line_1_47' title="bbox 528 4232 2101 4306; baseline 0.004 -19"><span class='ocrx_word' id='word_1_334' title='bbox 528 4242 713 4288; x_wconf 83' lang='lat' dir='ltr'><strong>movet</strong></span> <span class='ocrx_word' id='word_1_335' title='bbox 732 4232 802 4286; x_wconf 90' lang='lat' dir='ltr'><strong>ad</strong></span> <span class='ocrx_word' id='word_1_336' title='bbox 829 4248 887 4287; x_wconf 92' lang='lat' dir='ltr'><strong>se</strong></span> <span class='ocrx_word' id='word_1_337' title='bbox 915 4245 1255 4303; x_wconf 68' lang='lat' dir='ltr'><strong>quascunque</strong></span> <span class='ocrx_word' id='word_1_338' title='bbox 1287 4248 1531 4287; x_wconf 88' lang='lat' dir='ltr'><strong>amorem</strong></span> <span class='ocrx_word' id='word_1_339' title='bbox 1566 4242 1733 4306; x_wconf 89' lang='lat' dir='ltr'><strong>atque</strong></span> <span class='ocrx_word' id='word_1_340' title='bbox 1767 4237 2101 4293; x_wconf 89' lang='lat' dir='ltr'><strong>charitatem</strong></span> 
     </span>
    </p>
   </div>
   <div class='ocr_carea' id='block_1_48' title="bbox 527 4324 2107 4395">
    <p class='ocr_par' dir='ltr' id='par_1_48' title="bbox 527 4324 2107 4395">
     <span class='ocr_line' id='line_1_48' title="bbox 527 4324 2107 4395; baseline 0.004 -17"><span class='ocrx_word' id='word_1_341' title='bbox 527 4324 784 4394; x_wconf 86' lang='lat' dir='ltr'><strong>capiunt;</strong></span> <span class='ocrx_word' id='word_1_342' title='bbox 830 4333 888 4379; x_wconf 84' lang='lat' dir='ltr'><strong>et</strong></span> <span class='ocrx_word' id='word_1_343' title='bbox 927 4332 986 4378; x_wconf 89' lang='lat' dir='ltr'><strong>ut</strong></span> <span class='ocrx_word' id='word_1_344' title='bbox 1037 4338 1230 4379; x_wconf 88' lang='lat' dir='ltr'><strong>rursus</strong></span> <span class='ocrx_word' id='word_1_345' title='bbox 1289 4324 1541 4395; x_wconf 89' lang='lat' dir='ltr'><strong>apertius</strong></span> <span class='ocrx_word' id='word_1_346' title='bbox 1581 4325 1800 4381; x_wconf 91' lang='lat' dir='ltr'><strong>dicam:</strong></span> <span class='ocrx_word' id='word_1_347' title='bbox 1854 4328 2107 4385; x_wconf 84' lang='lat' dir='ltr'><strong>Movetur</strong></span> 
     </span>
    </p>
   </div>
   <div class='ocr_carea' id='block_1_49' title="bbox 2204 484 3817 560">
    <p class='ocr_par' dir='ltr' id='par_1_49' title="bbox 2204 484 3817 560">
     <span class='ocr_line' id='line_1_49' title="bbox 2204 484 3817 560; baseline 0.002 -23"><span class='ocrx_word' id='word_1_348' title='bbox 2204 484 2354 538; x_wconf 70' lang='grc' dir='ltr'>ἕλκει</span> <span class='ocrx_word' id='word_1_349' title='bbox 2383 485 2452 540; x_wconf 77' lang='grc' dir='ltr'>τὰ</span> <span class='ocrx_word' id='word_1_350' title='bbox 2476 488 2775 558; x_wconf 78' lang='grc' dir='ltr'>κινούμενα</span> <span class='ocrx_word' id='word_1_351' title='bbox 2797 487 3175 560; x_wconf 79' lang='grc' dir='ltr'><strong>προνοητικῶς</strong></span> <span class='ocrx_word' id='word_1_352' title='bbox 3215 486 3297 550; x_wconf 80' lang='grc' dir='ltr'><strong>ὡς</strong></span> <span class='ocrx_word' id='word_1_353' title='bbox 3340 486 3509 550; x_wconf 82' lang='grc' dir='ltr'>τέλος</span> <span class='ocrx_word' id='word_1_354' title='bbox 3543 486 3645 540; x_wconf 75' lang='grc' dir='ltr'>καὶ</span> <span class='ocrx_word' id='word_1_355' title='bbox 3697 488 3817 557; x_wconf 77' lang='grc' dir='ltr'><strong>ὀρε-</strong></span> 
     </span>
    </p>
   </div>
   <div class='ocr_carea' id='block_1_50' title="bbox 2202 574 3819 648">
    <p class='ocr_par' dir='ltr' id='par_1_50' title="bbox 2202 574 3819 648">
     <span class='ocr_line' id='line_1_50' title="bbox 2202 574 3819 648; baseline 0.001 -19"><span class='ocrx_word' id='word_1_356' title='bbox 2202 574 2287 641; x_wconf 85' lang='grc' dir='ltr'>ζει</span> <span class='ocrx_word' id='word_1_357' title='bbox 2322 576 2505 648; x_wconf 71' lang='grc'><strong>(203</strong></span> <span class='ocrx_word' id='word_1_358' title='bbox 2533 579 2622 648; x_wconf 81' lang='lat' dir='ltr'><strong>b).</strong></span> <span class='ocrx_word' id='word_1_359' title='bbox 2649 580 2711 632; x_wconf 78' lang='lat' dir='ltr'><strong><em>El</em></strong></span> <span class='ocrx_word' id='word_1_360' title='bbox 2759 579 2817 634; x_wconf 62' lang='grc' dir='ltr'>δὲ</span> <span class='ocrx_word' id='word_1_361' title='bbox 2859 580 2967 633; x_wconf 78' lang='grc' dir='ltr'><strong>πᾶν</strong></span> <span class='ocrx_word' id='word_1_362' title='bbox 2994 578 3322 647; x_wconf 83' lang='grc' dir='ltr'>κινούμενον</span> <span class='ocrx_word' id='word_1_363' title='bbox 3352 580 3457 631; x_wconf 78' lang='grc' dir='ltr'><strong>καὶ</strong></span> <span class='ocrx_word' id='word_1_364' title='bbox 3487 578 3736 647; x_wconf 67' lang='grc' dir='ltr'>γενητὸν</span> <span class='ocrx_word' id='word_1_365' title='bbox 3753 579 3819 631; x_wconf 81' lang='grc' dir='ltr'>δι’</span> 
     </span>
    </p>
   </div>
   <div class='ocr_carea' id='block_1_51' title="bbox 2202 654 3819 740">
    <p class='ocr_par' dir='ltr' id='par_1_51' title="bbox 2202 654 3819 740">
     <span class='ocr_line' id='line_1_51' title="bbox 2202 654 3819 740; baseline -0.001 -16"><span class='ocrx_word' id='word_1_366' title='bbox 2202 670 2383 724; x_wconf 72' lang='grc' dir='ltr'>αἰτίαν</span> <span class='ocrx_word' id='word_1_367' title='bbox 2404 670 2522 722; x_wconf 78' lang='grc' dir='ltr'>ἐστι</span> <span class='ocrx_word' id='word_1_368' title='bbox 2543 688 2603 723; x_wconf 86' lang='grc' dir='ltr'><strong>τε</strong></span> <span class='ocrx_word' id='word_1_369' title='bbox 2638 670 2733 724; x_wconf 70' lang='grc' dir='ltr'><strong>καὶ</strong></span> <span class='ocrx_word' id='word_1_370' title='bbox 2764 673 2995 724; x_wconf 87' lang='grc' dir='ltr'>κινεῖται</span> <span class='ocrx_word' id='word_1_371' title='bbox 3032 671 3129 723; x_wconf 76' lang='grc' dir='ltr'>καὶ</span> <span class='ocrx_word' id='word_1_372' title='bbox 3152 669 3484 740; x_wconf 80' lang='grc' dir='ltr'>γεγένηται,</span> <span class='ocrx_word' id='word_1_373' title='bbox 3518 654 3637 723; x_wconf 69' lang='grc' dir='ltr'>πᾶν</span> <span class='ocrx_word' id='word_1_374' title='bbox 3668 670 3703 722; x_wconf 83' lang='grc' dir='ltr'><strong>δ</strong></span> <span class='ocrx_word' id='word_1_375' title='bbox 3745 672 3819 740; x_wconf 79' lang='grc' dir='ltr'>μὴ</span> 
     </span>
    </p>
   </div>
   <div class='ocr_carea' id='block_1_52' title="bbox 2201 760 3819 837">
    <p class='ocr_par' dir='ltr' id='par_1_52' title="bbox 2201 760 3819 837">
     <span class='ocr_line' id='line_1_52' title="bbox 2201 760 3819 837; baseline 0 -24"><span class='ocrx_word' id='word_1_376' title='bbox 2201 761 2268 813; x_wconf 89' lang='grc' dir='ltr'><strong>δι’</strong></span> <span class='ocrx_word' id='word_1_377' title='bbox 2304 760 2483 835; x_wconf 77' lang='grc' dir='ltr'>αἰτίαν</span> <span class='ocrx_word' id='word_1_378' title='bbox 2521 763 2671 815; x_wconf 76' lang='grc' dir='ltr'>ἐστὶν</span> <span class='ocrx_word' id='word_1_379' title='bbox 2716 762 2839 815; x_wconf 77' lang='grc' dir='ltr'>οὐδὲ</span> <span class='ocrx_word' id='word_1_380' title='bbox 2888 763 3116 831; x_wconf 81' lang='grc' dir='ltr'>ποιητόν</span> <span class='ocrx_word' id='word_1_381' title='bbox 3158 762 3343 837; x_wconf 62' lang='grc' dir='ltr'>ἐστιν,</span> <span class='ocrx_word' id='word_1_382' title='bbox 3398 760 3530 814; x_wconf 73' lang='grc' dir='ltr'>οὐδὲ</span> <span class='ocrx_word' id='word_1_383' title='bbox 3588 761 3819 830; x_wconf 71' lang='grc' dir='ltr'>κινητὸν</span> 
     </span>
    </p>
   </div>
   <div class='ocr_carea' id='block_1_53' title="bbox 2200 850 3817 924">
    <p class='ocr_par' dir='ltr' id='par_1_53' title="bbox 2200 850 3817 924">
     <span class='ocr_line' id='line_1_53' title="bbox 2200 850 3817 924; baseline -0.002 -19"><span class='ocrx_word' id='word_1_384' title='bbox 2200 852 2465 923; x_wconf 81' lang='grc' dir='ltr'>δηλονότι.</span> <span class='ocrx_word' id='word_1_385' title='bbox 2528 854 2603 907; x_wconf 78' lang='grc' dir='ltr'><strong>Οὐ</strong></span> <span class='ocrx_word' id='word_1_386' title='bbox 2654 855 2763 924; x_wconf 81' lang='grc' dir='ltr'><strong>γὰρ</strong></span> <span class='ocrx_word' id='word_1_387' title='bbox 2808 856 3045 906; x_wconf 87' lang='grc' dir='ltr'>κινεῖται</span> <span class='ocrx_word' id='word_1_388' title='bbox 3093 852 3155 904; x_wconf 84' lang='grc' dir='ltr'><strong>τδ</strong></span> <span class='ocrx_word' id='word_1_389' title='bbox 3193 853 3522 907; x_wconf 74' lang='grc' dir='ltr'>παντῖιπασι</span> <span class='ocrx_word' id='word_1_390' title='bbox 3571 852 3653 920; x_wconf 81' lang='grc' dir='ltr'>μὴ</span> <span class='ocrx_word' id='word_1_391' title='bbox 3692 850 3817 920; x_wconf 79' lang='grc' dir='ltr'>ἔχον</span> 
     </span>
    </p>
   </div>
   <div class='ocr_carea' id='block_1_54' title="bbox 2201 940 3817 1006">
    <p class='ocr_par' dir='ltr' id='par_1_54' title="bbox 2201 940 3817 1006">
     <span class='ocr_line' id='line_1_54' title="bbox 2201 940 3817 1006; baseline -0.001 -11"><span class='ocrx_word' id='word_1_392' title='bbox 2201 943 2295 996; x_wconf 76' lang='grc' dir='ltr'>τοῦ</span> <span class='ocrx_word' id='word_1_393' title='bbox 2324 940 2465 997; x_wconf 78' lang='grc' dir='ltr'>εἶναι</span> <span class='ocrx_word' id='word_1_394' title='bbox 2496 946 2695 997; x_wconf 79' lang='grc' dir='ltr'><strong>αἰτίαν.</strong></span> <span class='ocrx_word' id='word_1_395' title='bbox 2726 946 2790 998; x_wconf 76' lang='lat' dir='ltr'><strong>Ei</strong></span> <span class='ocrx_word' id='word_1_396' title='bbox 2825 944 2883 997; x_wconf 80' lang='grc' dir='ltr'>δὲ</span> <span class='ocrx_word' id='word_1_397' title='bbox 2927 945 2990 997; x_wconf 81' lang='grc' dir='ltr'>τὸ</span> <span class='ocrx_word' id='word_1_398' title='bbox 3021 945 3266 998; x_wconf 80' lang='grc' dir='ltr'>ἀναίτιον</span> <span class='ocrx_word' id='word_1_399' title='bbox 3294 943 3523 1006; x_wconf 78' lang='grc' dir='ltr'>πάντως</span> <span class='ocrx_word' id='word_1_400' title='bbox 3560 945 3663 996; x_wconf 73' lang='grc' dir='ltr'>καὶ</span> <span class='ocrx_word' id='word_1_401' title='bbox 3694 943 3817 995; x_wconf 68' lang='grc' dir='ltr'><strong>ἀκίο</strong></span> 
     </span>
    </p>
   </div>
   <div class='ocr_carea' id='block_1_55' title="bbox 2194 1028 3809 1109">
    <p class='ocr_par' dir='ltr' id='par_1_55' title="bbox 2194 1028 3809 1109">
     <span class='ocr_line' id='line_1_55' title="bbox 2194 1028 3809 1109; baseline -0.001 -24"><span class='ocrx_word' id='word_1_402' title='bbox 2194 1051 2384 1109; x_wconf 30' lang='grc' dir='ltr'>ενητον,</span> <span class='ocrx_word' id='word_1_403' title='bbox 2418 1036 2677 1104; x_wconf 81' lang='grc' dir='ltr'>ἀκίνητον</span> <span class='ocrx_word' id='word_1_404' title='bbox 2705 1034 2813 1106; x_wconf 78' lang='grc' dir='ltr'>ἄρα</span> <span class='ocrx_word' id='word_1_405' title='bbox 2844 1034 2905 1087; x_wconf 79' lang='grc' dir='ltr'>τὸ</span> <span class='ocrx_word' id='word_1_406' title='bbox 2935 1034 3121 1098; x_wconf 84' lang='grc' dir='ltr'>Θεῖον,</span> <span class='ocrx_word' id='word_1_407' title='bbox 3172 1034 3250 1097; x_wconf 83' lang='grc' dir='ltr'>ὡς</span> <span class='ocrx_word' id='word_1_408' title='bbox 3295 1033 3390 1086; x_wconf 73' lang='grc' dir='ltr'>τοῦ</span> <span class='ocrx_word' id='word_1_409' title='bbox 3432 1028 3583 1086; x_wconf 73' lang='grc' dir='ltr'>εἶναι</span> <span class='ocrx_word' id='word_1_410' title='bbox 3634 1033 3809 1102; x_wconf 75' lang='grc' dir='ltr'>μηδε·</span> 
     </span>
    </p>
   </div>
   <div class='ocr_carea' id='block_1_56' title="bbox 2207 1125 3810 1195">
    <p class='ocr_par' dir='ltr' id='par_1_56' title="bbox 2207 1125 3810 1195">
     <span class='ocr_line' id='line_1_56' title="bbox 2207 1125 3810 1195; baseline -0.001 -18"><span class='ocrx_word' id='word_1_411' title='bbox 2207 1126 2336 1195; x_wconf 78' lang='grc' dir='ltr'>μίαν</span> <span class='ocrx_word' id='word_1_412' title='bbox 2368 1125 2492 1195; x_wconf 75' lang='grc' dir='ltr'>ἔχον</span> <span class='ocrx_word' id='word_1_413' title='bbox 2545 1126 2751 1188; x_wconf 76' lang='grc' dir='ltr'>αἰτίαν.</span> <span class='ocrx_word' id='word_1_414' title='bbox 2793 1126 2890 1179; x_wconf 82' lang='grc' dir='ltr'>καὶ</span> <span class='ocrx_word' id='word_1_415' title='bbox 2920 1126 3142 1179; x_wconf 87' lang='grc' dir='ltr'>πάντων</span> <span class='ocrx_word' id='word_1_416' title='bbox 3190 1125 3302 1179; x_wconf 82' lang='grc' dir='ltr'>τῶν</span> <span class='ocrx_word' id='word_1_417' title='bbox 3343 1125 3525 1178; x_wconf 74' lang='grc' dir='ltr'>ὄντων</span> <span class='ocrx_word' id='word_1_418' title='bbox 3548 1126 3810 1195; x_wconf 63' lang='grc' dir='ltr'>ὑπάρχοι</span> 
     </span>
    </p>
   </div>
   <div class='ocr_carea' id='block_1_57' title="bbox 2202 1212 3809 1287">
    <p class='ocr_par' dir='ltr' id='par_1_57' title="bbox 2202 1212 3809 1287">
     <span class='ocr_line' id='line_1_57' title="bbox 2202 1212 3809 1287; baseline 0.001 -20"><span class='ocrx_word' id='word_1_419' title='bbox 2202 1216 2370 1269; x_wconf 84' lang='grc' dir='ltr'>αἰτία.</span> <span class='ocrx_word' id='word_1_420' title='bbox 2432 1215 2556 1279; x_wconf 84' lang='grc' dir='ltr'>Πῶς</span> <span class='ocrx_word' id='word_1_421' title='bbox 2584 1212 2698 1282; x_wconf 78' lang='grc' dir='ltr'>οὖν,</span> <span class='ocrx_word' id='word_1_422' title='bbox 2744 1216 2877 1280; x_wconf 76' lang='grc' dir='ltr'>ἴσως</span> <span class='ocrx_word' id='word_1_423' title='bbox 2927 1218 3044 1287; x_wconf 80' lang='grc' dir='ltr'>ἐρεῖ</span> <span class='ocrx_word' id='word_1_424' title='bbox 3070 1233 3177 1281; x_wconf 88' lang='grc' dir='ltr'>τις,</span> <span class='ocrx_word' id='word_1_425' title='bbox 3221 1218 3250 1267; x_wconf 86' lang='grc' dir='ltr'><strong>ὁ</strong></span> <span class='ocrx_word' id='word_1_426' title='bbox 3289 1215 3617 1285; x_wconf 64' lang='grc' dir='ltr'>θαυμαστὸς</span> <span class='ocrx_word' id='word_1_427' title='bbox 3649 1212 3809 1279; x_wconf 71' lang='grc' dir='ltr'>οὗτος</span> 
     </span>
    </p>
   </div>
   <div class='ocr_carea' id='block_1_58' title="bbox 2203 1307 3809 1378">
    <p class='ocr_par' dir='ltr' id='par_1_58' title="bbox 2203 1307 3809 1378">
     <span class='ocr_line' id='line_1_58' title="bbox 2203 1307 3809 1378; baseline -0.001 -18"><span class='ocrx_word' id='word_1_428' title='bbox 2203 1308 2524 1372; x_wconf 84' lang='grc' dir='ltr'>διδάσκαλος</span> <span class='ocrx_word' id='word_1_429' title='bbox 2550 1307 2867 1378; x_wconf 81' lang='grc' dir='ltr'>κινούμενον</span> <span class='ocrx_word' id='word_1_430' title='bbox 2898 1308 3109 1376; x_wconf 72' lang='grc' dir='ltr'>εἰσάγει</span> <span class='ocrx_word' id='word_1_431' title='bbox 3148 1309 3209 1360; x_wconf 82' lang='grc' dir='ltr'>τὸ</span> <span class='ocrx_word' id='word_1_432' title='bbox 3240 1309 3401 1360; x_wconf 80' lang='grc' dir='ltr'>Θεῖον</span> <span class='ocrx_word' id='word_1_433' title='bbox 3433 1310 3496 1360; x_wconf 83' lang='grc' dir='ltr'>ὲν</span> <span class='ocrx_word' id='word_1_434' title='bbox 3522 1311 3645 1370; x_wconf 81' lang='grc' dir='ltr'><strong>τοίς</strong></span> <span class='ocrx_word' id='word_1_435' title='bbox 3669 1323 3809 1373; x_wconf 81' lang='grc' dir='ltr'>προ-</span> 
     </span>
    </p>
   </div>
   <div class='ocr_carea' id='block_1_59' title="bbox 2204 1400 3806 1471">
    <p class='ocr_par' dir='ltr' id='par_1_59' title="bbox 2204 1400 3806 1471">
     <span class='ocr_line' id='line_1_59' title="bbox 2204 1400 3806 1471; baseline 0.001 -19"><span class='ocrx_word' id='word_1_436' title='bbox 2204 1400 2453 1465; x_wconf 82' lang='grc' dir='ltr'>τεθεῖσι;</span> <span class='ocrx_word' id='word_1_437' title='bbox 2490 1400 2633 1471; x_wconf 71' lang='grc' dir='ltr'>Πρὸς</span> <span class='ocrx_word' id='word_1_438' title='bbox 2672 1400 2732 1453; x_wconf 82' lang='grc' dir='ltr'><strong>δν</strong></span> <span class='ocrx_word' id='word_1_439' title='bbox 2762 1400 2998 1470; x_wconf 80' lang='grc' dir='ltr'><strong>ἐροῦμεν</strong></span> <span class='ocrx_word' id='word_1_440' title='bbox 3029 1400 3113 1452; x_wconf 82' lang='grc' dir='ltr'>ὅτι</span> <span class='ocrx_word' id='word_1_441' title='bbox 3154 1401 3363 1464; x_wconf 76' lang='grc' dir='ltr'>παντὸς</span> <span class='ocrx_word' id='word_1_442' title='bbox 3409 1400 3627 1470; x_wconf 79' lang='grc' dir='ltr'>μᾶλλον</span> <span class='ocrx_word' id='word_1_443' title='bbox 3662 1400 3806 1471; x_wconf 66' lang='grc' dir='ltr'>ᾔδει,</span> 
     </span>
    </p>
   </div>
   <div class='ocr_carea' id='block_1_60' title="bbox 2203 1489 3811 1562">
    <p class='ocr_par' dir='ltr' id='par_1_60' title="bbox 2203 1489 3811 1562">
     <span class='ocr_line' id='line_1_60' title="bbox 2203 1489 3811 1562; baseline -0.001 -19"><span class='ocrx_word' id='word_1_444' title='bbox 2203 1490 2264 1543; x_wconf 82' lang='grc' dir='ltr'><strong>τό</strong></span> <span class='ocrx_word' id='word_1_445' title='bbox 2290 1504 2302 1516; x_wconf 83' lang='grc'><em>’</em></span> <span class='ocrx_word' id='word_1_446' title='bbox 2347 1489 2616 1560; x_wconf 86' lang='grc' dir='ltr'>Ἑκάστης</span> <span class='ocrx_word' id='word_1_447' title='bbox 2670 1490 2866 1560; x_wconf 80' lang='grc' dir='ltr'>τέχνης</span> <span class='ocrx_word' id='word_1_448' title='bbox 2918 1490 3237 1554; x_wconf 68' lang='grc' dir='ltr'>συνεκτικὸς</span> <span class='ocrx_word' id='word_1_449' title='bbox 3291 1491 3475 1560; x_wconf 84' lang='grc' dir='ltr'>λόγος,</span> <span class='ocrx_word' id='word_1_450' title='bbox 3538 1492 3811 1562; x_wconf 71' lang='grc' dir='ltr'>ἀκίνητος</span> 
     </span>
    </p>
   </div>
   <div class='ocr_carea' id='block_1_61' title="bbox 2208 1580 3808 1653">
    <p class='ocr_par' dir='ltr' id='par_1_61' title="bbox 2208 1580 3808 1653">
     <span class='ocr_line' id='line_1_61' title="bbox 2208 1580 3808 1653; baseline 0.002 -20"><span class='ocrx_word' id='word_1_451' title='bbox 2208 1580 2388 1651; x_wconf 83' lang='grc' dir='ltr'>μένων</span> <span class='ocrx_word' id='word_1_452' title='bbox 2438 1581 2791 1635; x_wconf 86' lang='grc' dir='ltr'>παντάπασιν</span> <span class='ocrx_word' id='word_1_453' title='bbox 2842 1581 2926 1647; x_wconf 81' lang='grc' dir='ltr'><strong>ἐφ’</strong></span> <span class='ocrx_word' id='word_1_454' title='bbox 2961 1580 3179 1645; x_wconf 81' lang='grc' dir='ltr'>ἑαυτὸν,</span> <span class='ocrx_word' id='word_1_455' title='bbox 3234 1581 3323 1634; x_wconf 80' lang='grc' dir='ltr'>ἵνα</span> <span class='ocrx_word' id='word_1_456' title='bbox 3377 1582 3808 1653; x_wconf 72' lang='grc' dir='ltr'><strong>παραδείγματι</strong></span> 
     </span>
    </p>
   </div>
   <div class='ocr_carea' id='block_1_62' title="bbox 2205 1667 3812 1744">
    <p class='ocr_par' dir='ltr' id='par_1_62' title="bbox 2205 1667 3812 1744">
     <span class='ocr_line' id='line_1_62' title="bbox 2205 1667 3812 1744; baseline 0.002 -21"><span class='ocrx_word' id='word_1_457' title='bbox 2205 1671 2525 1743; x_wconf 78' lang='grc' dir='ltr'><strong>χρήσωμαι,</strong></span> <span class='ocrx_word' id='word_1_458' title='bbox 2580 1670 2703 1724; x_wconf 84' lang='grc' dir='ltr'>καθ’</span> <span class='ocrx_word' id='word_1_459' title='bbox 2753 1670 2995 1724; x_wconf 64' lang='grc' dir='ltr'>ἕκαστον</span> <span class='ocrx_word' id='word_1_460' title='bbox 3023 1667 3165 1735; x_wconf 71' lang='grc' dir='ltr'>εἶδος</span> <span class='ocrx_word' id='word_1_461' title='bbox 3193 1672 3303 1725; x_wconf 81' lang='grc' dir='ltr'>τῶν</span> <span class='ocrx_word' id='word_1_462' title='bbox 3341 1674 3449 1727; x_wconf 75' lang='grc' dir='ltr'>ὑπὸ</span> <span class='ocrx_word' id='word_1_463' title='bbox 3474 1676 3581 1744; x_wconf 81' lang='grc' dir='ltr'>τὴν</span> <span class='ocrx_word' id='word_1_464' title='bbox 3632 1676 3812 1744; x_wconf 75' lang='grc' dir='ltr'>αὐτὴν</span> 
     </span>
    </p>
   </div>
   <div class='ocr_carea' id='block_1_63' title="bbox 2208 1763 3811 1837">
    <p class='ocr_par' dir='ltr' id='par_1_63' title="bbox 2208 1763 3811 1837">
     <span class='ocr_line' id='line_1_63' title="bbox 2208 1763 3811 1837; baseline 0.005 -24"><span class='ocrx_word' id='word_1_465' title='bbox 2208 1764 2401 1834; x_wconf 84' lang='grc' dir='ltr'>τέχνην</span> <span class='ocrx_word' id='word_1_466' title='bbox 2453 1763 2858 1835; x_wconf 81' lang='grc' dir='ltr'>μορφούμενος,</span> <span class='ocrx_word' id='word_1_467' title='bbox 2910 1764 3184 1818; x_wconf 77' lang='grc' dir='ltr'>κινεῖσθαι</span> <span class='ocrx_word' id='word_1_468' title='bbox 3234 1766 3456 1835; x_wconf 74' lang='grc' dir='ltr'>λέγεται</span> <span class='ocrx_word' id='word_1_469' title='bbox 3503 1767 3587 1837; x_wconf 84' lang='grc' dir='ltr'>τῷ</span> <span class='ocrx_word' id='word_1_470' title='bbox 3632 1773 3811 1821; x_wconf 79' lang='grc' dir='ltr'>κινεῖν</span> 
     </span>
    </p>
   </div>
   <div class='ocr_carea' id='block_1_64' title="bbox 2211 1856 3811 1931">
    <p class='ocr_par' dir='ltr' id='par_1_64' title="bbox 2211 1856 3811 1931">
     <span class='ocr_line' id='line_1_64' title="bbox 2211 1856 3811 1931; baseline 0.004 -23"><span class='ocrx_word' id='word_1_471' title='bbox 2211 1857 2415 1926; x_wconf 84' lang='grc' dir='ltr'>μᾶλλον</span> <span class='ocrx_word' id='word_1_472' title='bbox 2447 1856 2572 1909; x_wconf 84' lang='grc' dir='ltr'>καθ’</span> <span class='ocrx_word' id='word_1_473' title='bbox 2607 1857 2800 1911; x_wconf 76' lang='grc' dir='ltr'>ἑαυτὸν</span> <span class='ocrx_word' id='word_1_474' title='bbox 2844 1858 2907 1911; x_wconf 81' lang='grc' dir='ltr'>τὸ</span> <span class='ocrx_word' id='word_1_475' title='bbox 2941 1858 3364 1931; x_wconf 75' lang='grc' dir='ltr'>τεχνούμενονῆ</span> <span class='ocrx_word' id='word_1_476' title='bbox 3400 1858 3480 1930; x_wconf 83' lang='grc' dir='ltr'><strong>τῷ</strong></span> <span class='ocrx_word' id='word_1_477' title='bbox 3522 1863 3811 1915; x_wconf 79' lang='grc' dir='ltr'>κινεῖσθαι</span> 
     </span>
    </p>
   </div>
   <div class='ocr_carea' id='block_1_65' title="bbox 2210 1949 3811 2023">
    <p class='ocr_par' dir='ltr' id='par_1_65' title="bbox 2210 1949 3811 2023">
     <span class='ocr_line' id='line_1_65' title="bbox 2210 1949 3811 2023; baseline 0.002 -22"><span class='ocrx_word' id='word_1_478' title='bbox 2210 1949 2642 2018; x_wconf 81' lang='grc' dir='ltr'>προφαινόμενος</span> <span class='ocrx_word' id='word_1_479' title='bbox 2664 1966 2679 1981; x_wconf 75' lang='grc' dir='ltr'><strong><em>ο</em></strong></span> <span class='ocrx_word' id='word_1_480' title='bbox 2731 1950 2787 2021; x_wconf 79' lang='grc' dir='ltr'>ἢ,</span> <span class='ocrx_word' id='word_1_481' title='bbox 2826 1949 2902 2015; x_wconf 85' lang='grc' dir='ltr'>ὡς</span> <span class='ocrx_word' id='word_1_482' title='bbox 2947 1951 3066 2021; x_wconf 78' lang='grc' dir='ltr'><strong>φῶς</strong></span> <span class='ocrx_word' id='word_1_483' title='bbox 3097 1952 3235 2022; x_wconf 73' lang='grc' dir='ltr'>πρὸς</span> <span class='ocrx_word' id='word_1_484' title='bbox 3286 1952 3347 2004; x_wconf 82' lang='grc' dir='ltr'>τὸ</span> <span class='ocrx_word' id='word_1_485' title='bbox 3380 1955 3519 2023; x_wconf 76' lang='grc' dir='ltr'>ὁρᾷν</span> <span class='ocrx_word' id='word_1_486' title='bbox 3547 1954 3659 2023; x_wconf 72' lang='grc' dir='ltr'><strong>τὴν</strong></span> <span class='ocrx_word' id='word_1_487' title='bbox 3684 1955 3811 2023; x_wconf 60' lang='grc' dir='ltr'>ὃςιν</span> 
     </span>
    </p>
   </div>
   <div class='ocr_carea' id='block_1_66' title="bbox 2208 2038 3812 2113">
    <p class='ocr_par' dir='ltr' id='par_1_66' title="bbox 2208 2038 3812 2113">
     <span class='ocr_line' id='line_1_66' title="bbox 2208 2038 3812 2113; baseline 0.003 -22"><span class='ocrx_word' id='word_1_488' title='bbox 2208 2039 2376 2092; x_wconf 85' lang='grc' dir='ltr'>κινῶν</span> <span class='ocrx_word' id='word_1_489' title='bbox 2402 2038 2624 2106; x_wconf 80' lang='grc' dir='ltr'>λέγεται</span> <span class='ocrx_word' id='word_1_490' title='bbox 2675 2039 2969 2104; x_wconf 83' lang='grc' dir='ltr'>κινεῖσθαι,</span> <span class='ocrx_word' id='word_1_491' title='bbox 3003 2040 3285 2109; x_wconf 79' lang='grc' dir='ltr'>κινητικὸν</span> <span class='ocrx_word' id='word_1_492' title='bbox 3323 2041 3573 2112; x_wconf 80' lang='grc' dir='ltr'>ὑπάρχον</span> <span class='ocrx_word' id='word_1_493' title='bbox 3620 2044 3812 2113; x_wconf 73' lang='grc' dir='ltr'>πάσης</span> 
     </span>
    </p>
   </div>
   <div class='ocr_carea' id='block_1_67' title="bbox 2207 2131 3810 2203">
    <p class='ocr_par' dir='ltr' id='par_1_67' title="bbox 2207 2131 3810 2203">
     <span class='ocr_line' id='line_1_67' title="bbox 2207 2131 3810 2203; baseline -0.006 -6"><span class='ocrx_word' id='word_1_494' title='bbox 2207 2132 2384 2199; x_wconf 59' lang='grc' dir='ltr'>ὅψεως</span> <span class='ocrx_word' id='word_1_495' title='bbox 2413 2131 2623 2202; x_wconf 82' lang='grc' dir='ltr'><strong>κυρίως</strong></span> <span class='ocrx_word' id='word_1_496' title='bbox 2649 2132 2797 2203; x_wconf 74' lang='grc' dir='ltr'>ἢπερ</span> <span class='ocrx_word' id='word_1_497' title='bbox 2826 2132 3069 2202; x_wconf 79' lang='grc' dir='ltr'>κινητὸν,</span> <span class='ocrx_word' id='word_1_498' title='bbox 3097 2131 3244 2185; x_wconf 78' lang='grc' dir='ltr'>οὕτω</span> <span class='ocrx_word' id='word_1_499' title='bbox 3278 2133 3377 2187; x_wconf 79' lang='grc' dir='ltr'><strong>καῖ</strong></span> <span class='ocrx_word' id='word_1_500' title='bbox 3400 2134 3460 2186; x_wconf 81' lang='grc' dir='ltr'>τὸ</span> <span class='ocrx_word' id='word_1_501' title='bbox 3482 2133 3652 2188; x_wconf 82' lang='grc' dir='ltr'>Θεῖον</span> <span class='ocrx_word' id='word_1_502' title='bbox 3684 2137 3810 2188; x_wconf 74' lang='grc' dir='ltr'>ἀκί-</span> 
     </span>
    </p>
   </div>
   <div class='ocr_carea' id='block_1_68' title="bbox 2208 2222 3809 2296">
    <p class='ocr_par' dir='ltr' id='par_1_68' title="bbox 2208 2222 3809 2296">
     <span class='ocr_line' id='line_1_68' title="bbox 2208 2222 3809 2296; baseline 0.002 -22"><span class='ocrx_word' id='word_1_503' title='bbox 2208 2239 2369 2291; x_wconf 87' lang='grc' dir='ltr'>νητον</span> <span class='ocrx_word' id='word_1_504' title='bbox 2400 2222 2576 2293; x_wconf 83' lang='grc' dir='ltr'>πάντη</span> <span class='ocrx_word' id='word_1_505' title='bbox 2627 2225 2754 2276; x_wconf 85' lang='grc' dir='ltr'>κατ’</span> <span class='ocrx_word' id='word_1_506' title='bbox 2796 2222 2986 2276; x_wconf 78' lang='grc' dir='ltr'>οὐσίαν</span> <span class='ocrx_word' id='word_1_507' title='bbox 3033 2223 3132 2276; x_wconf 80' lang='grc' dir='ltr'>καὶ</span> <span class='ocrx_word' id='word_1_508' title='bbox 3178 2222 3342 2292; x_wconf 77' lang='grc' dir='ltr'>φύσιν</span> <span class='ocrx_word' id='word_1_509' title='bbox 3392 2223 3681 2296; x_wconf 77' lang='grc' dir='ltr'>ὑπάρχον,</span> <span class='ocrx_word' id='word_1_510' title='bbox 3730 2226 3809 2289; x_wconf 73' lang='grc' dir='ltr'>ὥς</span> 
     </span>
    </p>
   </div>
   <div class='ocr_carea' id='block_1_69' title="bbox 2207 2314 3807 2389">
    <p class='ocr_par' dir='ltr' id='par_1_69' title="bbox 2207 2314 3807 2389">
     <span class='ocr_line' id='line_1_69' title="bbox 2207 2314 3807 2389; baseline 0.002 -20"><span class='ocrx_word' id='word_1_511' title='bbox 2207 2316 2436 2386; x_wconf 78' lang='grc' dir='ltr'>ἄπειρον</span> <span class='ocrx_word' id='word_1_512' title='bbox 2465 2315 2562 2369; x_wconf 73' lang='grc' dir='ltr'>καὶ</span> <span class='ocrx_word' id='word_1_513' title='bbox 2591 2314 2823 2386; x_wconf 77' lang='grc' dir='ltr'><strong>ἄσχετον</strong></span> <span class='ocrx_word' id='word_1_514' title='bbox 2852 2316 2944 2369; x_wconf 79' lang='grc' dir='ltr'>καὶ</span> <span class='ocrx_word' id='word_1_515' title='bbox 2974 2316 3248 2387; x_wconf 83' lang='grc' dir='ltr'>ἀόριστον,</span> <span class='ocrx_word' id='word_1_516' title='bbox 3274 2318 3538 2382; x_wconf 78' lang='grc' dir='ltr'>οἱονείτις</span> <span class='ocrx_word' id='word_1_517' title='bbox 3564 2322 3807 2389; x_wconf 74' lang='grc' dir='ltr'>ἐπιστη-</span> 
     </span>
    </p>
   </div>
   <div class='ocr_carea' id='block_1_70' title="bbox 2210 2406 3807 2480">
    <p class='ocr_par' dir='ltr' id='par_1_70' title="bbox 2210 2406 3807 2480">
     <span class='ocr_line' id='line_1_70' title="bbox 2210 2406 3807 2480; baseline 0.004 -21"><span class='ocrx_word' id='word_1_518' title='bbox 2210 2406 2431 2477; x_wconf 80' lang='grc' dir='ltr'>μονικὸς</span> <span class='ocrx_word' id='word_1_519' title='bbox 2499 2406 2659 2475; x_wconf 87' lang='grc' dir='ltr'>λόγος</span> <span class='ocrx_word' id='word_1_520' title='bbox 2709 2409 3036 2480; x_wconf 74' lang='grc' dir='ltr'>ἐνυπάρχων</span> <span class='ocrx_word' id='word_1_521' title='bbox 3077 2412 3199 2473; x_wconf 85' lang='grc' dir='ltr'>ταῖς</span> <span class='ocrx_word' id='word_1_522' title='bbox 3236 2409 3345 2463; x_wconf 82' lang='grc' dir='ltr'>τῶν</span> <span class='ocrx_word' id='word_1_523' title='bbox 3378 2410 3807 2475; x_wconf 73' lang='grc' dir='ltr'>ὄντωνοὺσίαις</span> 
     </span>
    </p>
   </div>
   <div class='ocr_carea' id='block_1_71' title="bbox 2207 2496 3807 2572">
    <p class='ocr_par' dir='ltr' id='par_1_71' title="bbox 2207 2496 3807 2572">
     <span class='ocr_line' id='line_1_71' title="bbox 2207 2496 3807 2572; baseline 0.004 -23"><span class='ocrx_word' id='word_1_524' title='bbox 2207 2498 2427 2565; x_wconf 83' lang='grc' dir='ltr'>λέγεται</span> <span class='ocrx_word' id='word_1_525' title='bbox 2466 2496 2759 2563; x_wconf 84' lang='grc' dir='ltr'>κινεῖσθαι,</span> <span class='ocrx_word' id='word_1_526' title='bbox 2797 2498 2874 2569; x_wconf 81' lang='grc' dir='ltr'>τῷ</span> <span class='ocrx_word' id='word_1_527' title='bbox 2912 2502 3082 2552; x_wconf 73' lang='grc' dir='ltr'>κινεῖν</span> <span class='ocrx_word' id='word_1_528' title='bbox 3140 2501 3519 2572; x_wconf 80' lang='grc' dir='ltr'>προνοητικῶς</span> <span class='ocrx_word' id='word_1_529' title='bbox 3562 2501 3807 2556; x_wconf 73' lang='grc' dir='ltr'>ἕκαστον</span> 
     </span>
    </p>
   </div>
   <div class='ocr_carea' id='block_1_72' title="bbox 2206 2588 3805 2659">
    <p class='ocr_par' dir='ltr' id='par_1_72' title="bbox 2206 2588 3805 2659">
     <span class='ocr_line' id='line_1_72' title="bbox 2206 2588 3805 2659; baseline 0.004 -17"><span class='ocrx_word' id='word_1_530' title='bbox 2206 2589 2317 2644; x_wconf 81' lang='grc' dir='ltr'><strong>τῶν</strong></span> <span class='ocrx_word' id='word_1_531' title='bbox 2344 2589 2517 2643; x_wconf 77' lang='grc' dir='ltr'>ὄντων</span> <span class='ocrx_word' id='word_1_532' title='bbox 2547 2588 2669 2643; x_wconf 84' lang='grc' dir='ltr'>καθ’</span> <span class='ocrx_word' id='word_1_533' title='bbox 2702 2588 2763 2643; x_wconf 84' lang='grc' dir='ltr'><strong>δν</strong></span> <span class='ocrx_word' id='word_1_534' title='bbox 2807 2590 3082 2644; x_wconf 84' lang='grc' dir='ltr'>κινεῖσθαι</span> <span class='ocrx_word' id='word_1_535' title='bbox 3115 2590 3329 2659; x_wconf 77' lang='grc' dir='ltr'>πέφυκε</span> <span class='ocrx_word' id='word_1_536' title='bbox 3367 2591 3552 2659; x_wconf 87' lang='grc' dir='ltr'>λόγον,</span> <span class='ocrx_word' id='word_1_537' title='bbox 3598 2594 3700 2647; x_wconf 75' lang='grc' dir='ltr'><strong>καὶ</strong></span> <span class='ocrx_word' id='word_1_538' title='bbox 3727 2595 3805 2657; x_wconf 75' lang='grc' dir='ltr'><strong>ὡς</strong></span> 
     </span>
    </p>
   </div>
   <div class='ocr_carea' id='block_1_73' title="bbox 2209 2676 3803 2753">
    <p class='ocr_par' dir='ltr' id='par_1_73' title="bbox 2209 2676 3803 2753">
     <span class='ocr_line' id='line_1_73' title="bbox 2209 2676 3803 2753; baseline 0.002 -18"><span class='ocrx_word' id='word_1_539' title='bbox 2209 2682 2383 2735; x_wconf 75' lang='grc' dir='ltr'>αἴτιον</span> <span class='ocrx_word' id='word_1_540' title='bbox 2419 2680 2599 2734; x_wconf 84' lang='grc' dir='ltr'>πάντα</span> <span class='ocrx_word' id='word_1_541' title='bbox 2623 2680 2696 2734; x_wconf 80' lang='grc' dir='ltr'><strong>τὰ</strong></span> <span class='ocrx_word' id='word_1_542' title='bbox 2732 2682 3194 2753; x_wconf 81' lang='grc' dir='ltr'>κατηγορούμενα</span> <span class='ocrx_word' id='word_1_543' title='bbox 3222 2682 3368 2735; x_wconf 79' lang='grc' dir='ltr'>κατὰ</span> <span class='ocrx_word' id='word_1_544' title='bbox 3400 2682 3514 2736; x_wconf 82' lang='grc' dir='ltr'><strong>τῶν</strong></span> <span class='ocrx_word' id='word_1_545' title='bbox 3544 2676 3625 2737; x_wconf 79' lang='grc' dir='ltr'><strong>ὧν</strong></span> <span class='ocrx_word' id='word_1_546' title='bbox 3654 2686 3803 2738; x_wconf 80' lang='grc' dir='ltr'>ἐστιν</span> 
     </span>
    </p>
   </div>
   <div class='ocr_carea' id='block_1_74' title="bbox 2208 2773 3802 2850">
    <p class='ocr_par' dir='ltr' id='par_1_74' title="bbox 2208 2773 3802 2850">
     <span class='ocr_line' id='line_1_74' title="bbox 2208 2773 3802 2850; baseline -0.001 -21"><span class='ocrx_word' id='word_1_547' title='bbox 2208 2776 2378 2830; x_wconf 80' lang='grc' dir='ltr'>αἴτιον</span> <span class='ocrx_word' id='word_1_548' title='bbox 2405 2773 2628 2837; x_wconf 80' lang='grc' dir='ltr'>ἀπαθῶς</span> <span class='ocrx_word' id='word_1_549' title='bbox 2663 2774 3075 2845; x_wconf 79' lang='grc' dir='ltr'>ἀναδεχόμενον.</span> <span class='ocrx_word' id='word_1_550' title='bbox 3117 2774 3415 2828; x_wconf 77' lang='grc' dir='ltr'>’Δνελεῖται</span> <span class='ocrx_word' id='word_1_551' title='bbox 3448 2776 3616 2830; x_wconf 78' lang='grc' dir='ltr'>τοῦτο</span> <span class='ocrx_word' id='word_1_552' title='bbox 3636 2776 3802 2850; x_wconf 78' lang='grc' dir='ltr'>ζητή-</span> 
     </span>
    </p>
   </div>
   <div class='ocr_carea' id='block_1_75' title="bbox 2211 2864 3801 2936">
    <p class='ocr_par' dir='ltr' id='par_1_75' title="bbox 2211 2864 3801 2936">
     <span class='ocr_line' id='line_1_75' title="bbox 2211 2864 3801 2936; baseline 0.002 -18"><span class='ocrx_word' id='word_1_553' title='bbox 2211 2882 2309 2928; x_wconf 87' lang='grc' dir='ltr'><strong>σας</strong></span> <span class='ocrx_word' id='word_1_554' title='bbox 2354 2865 2382 2916; x_wconf 83' lang='grc' dir='ltr'><strong>ό</strong></span> <span class='ocrx_word' id='word_1_555' title='bbox 2430 2864 2748 2934; x_wconf 83' lang='grc' dir='ltr'>θεοφάντωρ</span> <span class='ocrx_word' id='word_1_556' title='bbox 2809 2866 2905 2917; x_wconf 72' lang='grc' dir='ltr'><strong>καὶ</strong></span> <span class='ocrx_word' id='word_1_557' title='bbox 2966 2865 3143 2935; x_wconf 83' lang='grc' dir='ltr'><strong>μέγας</strong></span> <span class='ocrx_word' id='word_1_558' title='bbox 3193 2866 3595 2936; x_wconf 74' lang='grc' dir='ltr'>Ἀρεοπαγίτης</span> <span class='ocrx_word' id='word_1_559' title='bbox 3645 2868 3801 2936; x_wconf 74' lang='grc' dir='ltr'>ἅγιος</span> 
     </span>
    </p>
   </div>
   <div class='ocr_carea' id='block_1_76' title="bbox 2158 2936 3802 3027">
    <p class='ocr_par' dir='ltr' id='par_1_76' title="bbox 2158 2936 3802 3027">
     <span class='ocr_line' id='line_1_76' title="bbox 2158 2936 3802 3027; baseline 0.004 -21"><span class='ocrx_word' id='word_1_560' title='bbox 2158 2936 2165 2943; x_wconf 62' lang='grc'><em>’</em></span> <span class='ocrx_word' id='word_1_561' title='bbox 2210 2952 2489 3017; x_wconf 75' lang='grc' dir='ltr'>Διονύσιος</span> <span class='ocrx_word' id='word_1_562' title='bbox 2523 2956 2582 3007; x_wconf 84' lang='grc' dir='ltr'>ὲν</span> <span class='ocrx_word' id='word_1_563' title='bbox 2610 2947 2691 3017; x_wconf 73' lang='grc' dir='ltr'>οἷς</span> <span class='ocrx_word' id='word_1_564' title='bbox 2728 2970 2882 3023; x_wconf 82' lang='grc' dir='ltr'>φησι’</span> <span class='ocrx_word' id='word_1_565' title='bbox 2924 2975 2941 3006; x_wconf 84' lang='grc' dir='ltr'>ι</span> <span class='ocrx_word' id='word_1_566' title='bbox 2968 2954 3033 3008; x_wconf 76' lang='grc' dir='ltr'><strong>Τί</strong></span> <span class='ocrx_word' id='word_1_567' title='bbox 3073 2955 3272 3027; x_wconf 74' lang='grc' dir='ltr'>δήποτε</span> <span class='ocrx_word' id='word_1_568' title='bbox 3311 2957 3374 3009; x_wconf 82' lang='grc' dir='ltr'>τὸ</span> <span class='ocrx_word' id='word_1_569' title='bbox 3404 2957 3565 3010; x_wconf 77' lang='grc' dir='ltr'>Θεῖον</span> <span class='ocrx_word' id='word_1_570' title='bbox 3602 2960 3655 3011; x_wconf 79' lang='grc' dir='ltr'><strong>οῖ</strong></span> <span class='ocrx_word' id='word_1_571' title='bbox 3682 2959 3802 3012; x_wconf 83' lang='grc' dir='ltr'>θεο-</span> 
     </span>
    </p>
   </div>
   <div class='ocr_carea' id='block_1_77' title="bbox 2131 3046 3801 3149">
    <p class='ocr_par' dir='ltr' id='par_1_77' title="bbox 2131 3046 3801 3149">
     <span class='ocr_line' id='line_1_77' title="bbox 2131 3046 3801 3149; baseline 0.003 -50"><span class='ocrx_word' id='word_1_572' title='bbox 2131 3088 2177 3149; x_wconf 78' lang='lat' dir='ltr'>c</span> <span class='ocrx_word' id='word_1_573' title='bbox 2209 3046 2358 3115; x_wconf 88' lang='grc' dir='ltr'>λόγοι</span> <span class='ocrx_word' id='word_1_574' title='bbox 2398 3047 2529 3100; x_wconf 82' lang='grc' dir='ltr'>ποτὲ</span> <span class='ocrx_word' id='word_1_575' title='bbox 2581 3046 2681 3116; x_wconf 83' lang='grc' dir='ltr'>μὲν</span> <span class='ocrx_word' id='word_1_576' title='bbox 2735 3046 2939 3118; x_wconf 75' lang='grc' dir='ltr'>ἔρωτα,</span> <span class='ocrx_word' id='word_1_577' title='bbox 2989 3047 3121 3101; x_wconf 85' lang='grc' dir='ltr'>ποτὲ</span> <span class='ocrx_word' id='word_1_578' title='bbox 3167 3047 3225 3100; x_wconf 83' lang='grc' dir='ltr'>δὲ</span> <span class='ocrx_word' id='word_1_579' title='bbox 3275 3049 3522 3119; x_wconf 77' lang='grc' dir='ltr'>ἀγάπην,</span> <span class='ocrx_word' id='word_1_580' title='bbox 3560 3050 3699 3103; x_wconf 70' lang='grc' dir='ltr'>ποτὲ</span> <span class='ocrx_word' id='word_1_581' title='bbox 3742 3050 3801 3104; x_wconf 74' lang='grc' dir='ltr'>δὲ</span> 
     </span>
    </p>
   </div>
   <div class='ocr_carea' id='block_1_78' title="bbox 2208 3137 3799 3213">
    <p class='ocr_par' dir='ltr' id='par_1_78' title="bbox 2208 3137 3799 3213">
     <span class='ocr_line' id='line_1_78' title="bbox 2208 3137 3799 3213; baseline 0.002 -21"><span class='ocrx_word' id='word_1_582' title='bbox 2208 3137 2439 3208; x_wconf 75' lang='grc' dir='ltr'>ἐραστὸν</span> <span class='ocrx_word' id='word_1_583' title='bbox 2487 3140 2583 3191; x_wconf 74' lang='grc' dir='ltr'>καὶ</span> <span class='ocrx_word' id='word_1_584' title='bbox 2616 3139 2902 3209; x_wconf 84' lang='grc' dir='ltr'>ἀγαπητὸν</span> <span class='ocrx_word' id='word_1_585' title='bbox 2945 3139 3318 3206; x_wconf 85' lang='grc' dir='ltr'>άποκαλοῦσι;</span> <span class='ocrx_word' id='word_1_586' title='bbox 3345 3160 3365 3192; x_wconf 71' lang='grc' dir='ltr'><strong><em>ο</em></strong></span> <span class='ocrx_word' id='word_1_587' title='bbox 3420 3142 3799 3213; x_wconf 77' lang='grc' dir='ltr'>Συμπεραινει</span> 
     </span>
    </p>
   </div>
   <div class='ocr_carea' id='block_1_79' title="bbox 2206 3228 3797 3304">
    <p class='ocr_par' dir='ltr' id='par_1_79' title="bbox 2206 3228 3797 3304">
     <span class='ocr_line' id='line_1_79' title="bbox 2206 3228 3797 3304; baseline 0.004 -22"><span class='ocrx_word' id='word_1_588' title='bbox 2206 3228 2299 3282; x_wconf 79' lang='grc' dir='ltr'>τὸν</span> <span class='ocrx_word' id='word_1_589' title='bbox 2319 3228 2479 3297; x_wconf 87' lang='grc' dir='ltr'>λόγον</span> <span class='ocrx_word' id='word_1_590' title='bbox 2502 3228 2702 3282; x_wconf 75' lang='grc' dir='ltr'>οὑτωσὶ</span> <span class='ocrx_word' id='word_1_591' title='bbox 2728 3229 2974 3297; x_wconf 63' lang='grc' dir='ltr'>φάσκωνο</span> <span class='ocrx_word' id='word_1_592' title='bbox 3012 3231 3277 3304; x_wconf 78' lang='grc' dir='ltr'>ι”υτιπερ</span> <span class='ocrx_word' id='word_1_593' title='bbox 3298 3231 3377 3302; x_wconf 78' lang='grc' dir='ltr'><strong>τῷ</strong></span> <span class='ocrx_word' id='word_1_594' title='bbox 3411 3232 3515 3302; x_wconf 78' lang='grc' dir='ltr'>μὲν</span> <span class='ocrx_word' id='word_1_595' title='bbox 3539 3237 3797 3301; x_wconf 75' lang='grc' dir='ltr'>κινεῖται,</span> 
     </span>
    </p>
   </div>
   <div class='ocr_carea' id='block_1_80' title="bbox 2204 3318 3797 3398">
    <p class='ocr_par' dir='ltr' id='par_1_80' title="bbox 2204 3318 3797 3398">
     <span class='ocr_line' id='line_1_80' title="bbox 2204 3318 3797 3398; baseline 0.003 -22"><span class='ocrx_word' id='word_1_596' title='bbox 2204 3322 2284 3393; x_wconf 83' lang='grc' dir='ltr'><strong>τῷ</strong></span> <span class='ocrx_word' id='word_1_597' title='bbox 2313 3322 2567 3377; x_wconf 80' lang='grc' dir='ltr'>δὲκινεῖ·</span> <span class='ocrx_word' id='word_1_598' title='bbox 2605 3341 2624 3373; x_wconf 72' lang='grc' dir='ltr'><strong>ι</strong></span> <span class='ocrx_word' id='word_1_599' title='bbox 2661 3323 2755 3376; x_wconf 79' lang='grc' dir='ltr'>καὶ</span> <span class='ocrx_word' id='word_1_600' title='bbox 2791 3323 3123 3394; x_wconf 83' lang='grc' dir='ltr'>σαφέστερον</span> <span class='ocrx_word' id='word_1_601' title='bbox 3154 3318 3349 3387; x_wconf 75' lang='grc' dir='ltr'>εῖπεῖν,</span> <span class='ocrx_word' id='word_1_602' title='bbox 3395 3325 3483 3390; x_wconf 83' lang='grc' dir='ltr'>Ὠς</span> <span class='ocrx_word' id='word_1_603' title='bbox 3520 3328 3623 3396; x_wconf 82' lang='grc' dir='ltr'>μὲν</span> <span class='ocrx_word' id='word_1_604' title='bbox 3653 3328 3797 3398; x_wconf 73' lang='grc' dir='ltr'>ἔρως</span> 
     </span>
    </p>
   </div>
   <div class='ocr_carea' id='block_1_81' title="bbox 2207 3413 3798 3487">
    <p class='ocr_par' dir='ltr' id='par_1_81' title="bbox 2207 3413 3798 3487">
     <span class='ocr_line' id='line_1_81' title="bbox 2207 3413 3798 3487; baseline 0.003 -18"><span class='ocrx_word' id='word_1_605' title='bbox 2207 3415 2454 3487; x_wconf 85' lang='grc' dir='ltr'>ὑπάρχον</span> <span class='ocrx_word' id='word_1_606' title='bbox 2482 3413 2667 3486; x_wconf 55' lang='grc' dir='ltr'><strong>(θοῇ</strong></span> <span class='ocrx_word' id='word_1_607' title='bbox 2696 3431 2726 3468; x_wconf 89' lang='lat' dir='ltr'><strong>a</strong></span> <span class='ocrx_word' id='word_1_608' title='bbox 2750 3418 2769 3481; x_wconf 90' lang='lat'><strong>)</strong></span> <span class='ocrx_word' id='word_1_609' title='bbox 2798 3415 2858 3467; x_wconf 80' lang='grc' dir='ltr'>τὸ</span> <span class='ocrx_word' id='word_1_610' title='bbox 2886 3416 3040 3469; x_wconf 87' lang='grc' dir='ltr'><strong>Θείον</strong></span> <span class='ocrx_word' id='word_1_611' title='bbox 3078 3417 3175 3468; x_wconf 81' lang='grc' dir='ltr'>καὶ</span> <span class='ocrx_word' id='word_1_612' title='bbox 3203 3417 3390 3487; x_wconf 80' lang='grc' dir='ltr'>ἀγάπη</span> <span class='ocrx_word' id='word_1_613' title='bbox 3425 3422 3687 3485; x_wconf 82' lang='grc' dir='ltr'>κινεῖται,</span> <span class='ocrx_word' id='word_1_614' title='bbox 3721 3420 3798 3484; x_wconf 76' lang='grc' dir='ltr'>ὡς</span> 
     </span>
    </p>
   </div>
   <div class='ocr_carea' id='block_1_82' title="bbox 2205 3504 3797 3576">
    <p class='ocr_par' dir='ltr' id='par_1_82' title="bbox 2205 3504 3797 3576">
     <span class='ocr_line' id='line_1_82' title="bbox 2205 3504 3797 3576; baseline 0.004 -19"><span class='ocrx_word' id='word_1_615' title='bbox 2205 3505 2264 3558; x_wconf 84' lang='grc' dir='ltr'>δὲ</span> <span class='ocrx_word' id='word_1_616' title='bbox 2294 3504 2523 3575; x_wconf 76' lang='grc' dir='ltr'>ὲραστδν</span> <span class='ocrx_word' id='word_1_617' title='bbox 2556 3505 2650 3558; x_wconf 78' lang='grc' dir='ltr'>καὶ</span> <span class='ocrx_word' id='word_1_618' title='bbox 2676 3504 2961 3573; x_wconf 73' lang='grc' dir='ltr'>ἀγαπητὸν</span> <span class='ocrx_word' id='word_1_619' title='bbox 2987 3508 3132 3558; x_wconf 85' lang='grc' dir='ltr'>κινεῖ</span> <span class='ocrx_word' id='word_1_620' title='bbox 3156 3507 3291 3576; x_wconf 80' lang='grc' dir='ltr'>πρὸς</span> <span class='ocrx_word' id='word_1_621' title='bbox 3316 3507 3483 3561; x_wconf 75' lang='grc' dir='ltr'>ἑαυτὸ</span> <span class='ocrx_word' id='word_1_622' title='bbox 3509 3510 3700 3564; x_wconf 74' lang='grc' dir='ltr'>πάντα</span> <span class='ocrx_word' id='word_1_623' title='bbox 3730 3512 3797 3563; x_wconf 74' lang='grc' dir='ltr'>τὰ</span> 
     </span>
    </p>
   </div>
   <div class='ocr_carea' id='block_1_83' title="bbox 2207 3593 3797 3667">
    <p class='ocr_par' dir='ltr' id='par_1_83' title="bbox 2207 3593 3797 3667">
     <span class='ocr_line' id='line_1_83' title="bbox 2207 3593 3797 3667; baseline 0.003 -20"><span class='ocrx_word' id='word_1_624' title='bbox 2207 3594 2411 3665; x_wconf 68' lang='grc' dir='ltr'>ἔρωτος</span> <span class='ocrx_word' id='word_1_625' title='bbox 2438 3594 2531 3648; x_wconf 79' lang='grc' dir='ltr'>καὶ</span> <span class='ocrx_word' id='word_1_626' title='bbox 2558 3593 2780 3663; x_wconf 82' lang='grc' dir='ltr'>ἀγάπης</span> <span class='ocrx_word' id='word_1_627' title='bbox 2814 3594 3074 3667; x_wconf 77' lang='grc' dir='ltr'>δεκτικά·</span> <span class='ocrx_word' id='word_1_628' title='bbox 3124 3594 3220 3647; x_wconf 78' lang='grc' dir='ltr'>καὶ</span> <span class='ocrx_word' id='word_1_629' title='bbox 3264 3597 3601 3667; x_wconf 75' lang='grc' dir='ltr'>τρανότερον</span> <span class='ocrx_word' id='word_1_630' title='bbox 3642 3595 3797 3663; x_wconf 80' lang='grc' dir='ltr'>αὖθις</span> 
     </span>
    </p>
   </div>
   <div class='ocr_carea' id='block_1_84' title="bbox 2209 3684 3794 3768">
    <p class='ocr_par' dir='ltr' id='par_1_84' title="bbox 2209 3684 3794 3768">
     <span class='ocr_line' id='line_1_84' title="bbox 2209 3684 3794 3768; baseline 0.004 -30"><span class='ocrx_word' id='word_1_631' title='bbox 2209 3685 2395 3755; x_wconf 79' lang='grc' dir='ltr'>φάναι·</span> <span class='ocrx_word' id='word_1_632' title='bbox 2430 3685 2679 3738; x_wconf 81' lang='grc' dir='ltr'>Κινείται</span> <span class='ocrx_word' id='word_1_633' title='bbox 2715 3684 2815 3755; x_wconf 81' lang='grc' dir='ltr'>μὲν</span> <span class='ocrx_word' id='word_1_634' title='bbox 2844 3684 2918 3746; x_wconf 85' lang='grc' dir='ltr'><strong>ὡς</strong></span> <span class='ocrx_word' id='word_1_635' title='bbox 2953 3684 3136 3754; x_wconf 82' lang='grc' dir='ltr'>σχέσιν</span> <span class='ocrx_word' id='word_1_636' title='bbox 3178 3687 3445 3768; x_wconf 52' lang='grc' dir='ltr'>ἑψοιοῦν</span> <span class='ocrx_word' id='word_1_637' title='bbox 3488 3689 3794 3745; x_wconf 75' lang='grc' dir='ltr'>ἐνδιάθετον</span> 
     </span>
    </p>
   </div>
   <div class='ocr_carea' id='block_1_85' title="bbox 2208 3772 3793 3846">
    <p class='ocr_par' dir='ltr' id='par_1_85' title="bbox 2208 3772 3793 3846">
     <span class='ocr_line' id='line_1_85' title="bbox 2208 3772 3793 3846; baseline 0.004 -19"><span class='ocrx_word' id='word_1_638' title='bbox 2208 3775 2412 3846; x_wconf 77' lang='grc' dir='ltr'>ἔρωτος</span> <span class='ocrx_word' id='word_1_639' title='bbox 2455 3774 2551 3828; x_wconf 77' lang='grc' dir='ltr'>καὶ</span> <span class='ocrx_word' id='word_1_640' title='bbox 2585 3774 2809 3844; x_wconf 81' lang='grc' dir='ltr'>ἀγάπης</span> <span class='ocrx_word' id='word_1_641' title='bbox 2833 3776 2945 3836; x_wconf 82' lang='grc' dir='ltr'>τοῖς</span> <span class='ocrx_word' id='word_1_642' title='bbox 2975 3772 3182 3828; x_wconf 87' lang='grc' dir='ltr'>τούτων</span> <span class='ocrx_word' id='word_1_643' title='bbox 3219 3775 3514 3843; x_wconf 80' lang='grc' dir='ltr'>δεκτικοῖς,</span> <span class='ocrx_word' id='word_1_644' title='bbox 3567 3784 3715 3833; x_wconf 84' lang='grc' dir='ltr'>κινεῖ</span> <span class='ocrx_word' id='word_1_645' title='bbox 3740 3781 3793 3834; x_wconf 76' lang='grc' dir='ltr'>δὲ</span> 
     </span>
    </p>
   </div>
   <div class='ocr_carea' id='block_1_86' title="bbox 2206 3854 3795 3938">
    <p class='ocr_par' dir='ltr' id='par_1_86' title="bbox 2206 3854 3795 3938">
     <span class='ocr_line' id='line_1_86' title="bbox 2206 3854 3795 3938; baseline 0.004 -22"><span class='ocrx_word' id='word_1_646' title='bbox 2206 3864 2281 3928; x_wconf 82' lang='grc' dir='ltr'>ὡς</span> <span class='ocrx_word' id='word_1_647' title='bbox 2328 3854 2576 3917; x_wconf 76' lang='grc' dir='ltr'>ἔλκτικδν</span> <span class='ocrx_word' id='word_1_648' title='bbox 2610 3864 2771 3933; x_wconf 80' lang='grc' dir='ltr'>φύσει</span> <span class='ocrx_word' id='word_1_649' title='bbox 2808 3862 2908 3932; x_wconf 82' lang='grc' dir='ltr'>τῆς</span> <span class='ocrx_word' id='word_1_650' title='bbox 2956 3860 3066 3914; x_wconf 82' lang='grc' dir='ltr'><strong>τῶν</strong></span> <span class='ocrx_word' id='word_1_651' title='bbox 3113 3863 3201 3915; x_wconf 81' lang='grc' dir='ltr'><strong>ἐπ’</strong></span> <span class='ocrx_word' id='word_1_652' title='bbox 3248 3864 3401 3935; x_wconf 78' lang='grc' dir='ltr'>αὐτῷ</span> <span class='ocrx_word' id='word_1_653' title='bbox 3448 3870 3795 3938; x_wconf 73' lang='grc' dir='ltr'>κινουμένων</span> 
     </span>
    </p>
   </div>
   <div class='ocr_carea' id='block_1_87' title="bbox 2208 3954 3796 4030">
    <p class='ocr_par' dir='ltr' id='par_1_87' title="bbox 2208 3954 3796 4030">
     <span class='ocr_line' id='line_1_87' title="bbox 2208 3954 3796 4030; baseline 0.004 -22"><span class='ocrx_word' id='word_1_654' title='bbox 2208 3954 2451 4025; x_wconf 79' lang='grc' dir='ltr'>ἐφέσεως</span> <span class='ocrx_word' id='word_1_655' title='bbox 2475 3968 2489 3982; x_wconf 82' lang='grc'><strong><em>⁸</em></strong></span> <span class='ocrx_word' id='word_1_656' title='bbox 2516 3954 2613 4007; x_wconf 78' lang='grc' dir='ltr'>καὶ</span> <span class='ocrx_word' id='word_1_657' title='bbox 2648 3954 2833 4009; x_wconf 84' lang='grc' dir='ltr'>πάλιν·</span> <span class='ocrx_word' id='word_1_658' title='bbox 2874 3955 3034 4007; x_wconf 76' lang='grc' dir='ltr'><strong>Κινεῖ</strong></span> <span class='ocrx_word' id='word_1_659' title='bbox 3074 3954 3174 4007; x_wconf 77' lang='grc' dir='ltr'>καὶ</span> <span class='ocrx_word' id='word_1_660' title='bbox 3204 3957 3462 4022; x_wconf 80' lang='grc' dir='ltr'>κινεῖται,</span> <span class='ocrx_word' id='word_1_661' title='bbox 3500 3959 3581 4023; x_wconf 85' lang='grc' dir='ltr'>ὡς</span> <span class='ocrx_word' id='word_1_662' title='bbox 3631 3960 3796 4030; x_wconf 74' lang='grc' dir='ltr'>διψῶν</span> 
     </span>
    </p>
   </div>
   <div class='ocr_carea' id='block_1_88' title="bbox 2207 4043 3793 4125">
    <p class='ocr_par' dir='ltr' id='par_1_88' title="bbox 2207 4043 3793 4125">
     <span class='ocr_line' id='line_1_88' title="bbox 2207 4043 3793 4125; baseline 0.003 -27"><span class='ocrx_word' id='word_1_663' title='bbox 2207 4046 2268 4099; x_wconf 84' lang='grc' dir='ltr'>τὸ</span> <span class='ocrx_word' id='word_1_664' title='bbox 2303 4044 2581 4115; x_wconf 76' lang='grc' dir='ltr'>διψᾶσθαι,</span> <span class='ocrx_word' id='word_1_665' title='bbox 2624 4043 2718 4098; x_wconf 73' lang='grc' dir='ltr'>καὶ</span> <span class='ocrx_word' id='word_1_666' title='bbox 2747 4043 2892 4116; x_wconf 76' lang='grc' dir='ltr'><strong>ὲρῶν</strong></span> <span class='ocrx_word' id='word_1_667' title='bbox 2934 4045 2996 4099; x_wconf 80' lang='grc' dir='ltr'><strong>τὺ</strong></span> <span class='ocrx_word' id='word_1_668' title='bbox 3034 4045 3287 4115; x_wconf 72' lang='grc' dir='ltr'>ἐρᾶσθαι,</span> <span class='ocrx_word' id='word_1_669' title='bbox 3328 4048 3425 4101; x_wconf 81' lang='grc' dir='ltr'>καὶ</span> <span class='ocrx_word' id='word_1_670' title='bbox 3458 4050 3700 4125; x_wconf 74' lang='grc' dir='ltr'>ἀγαπῷν</span> <span class='ocrx_word' id='word_1_671' title='bbox 3737 4052 3793 4103; x_wconf 76' lang='grc' dir='ltr'>τὸ</span> 
     </span>
    </p>
   </div>
   <div class='ocr_carea' id='block_1_89' title="bbox 2209 4134 3795 4219">
    <p class='ocr_par' dir='ltr' id='par_1_89' title="bbox 2209 4134 3795 4219">
     <span class='ocr_line' id='line_1_89' title="bbox 2209 4134 3795 4219; baseline 0.003 -28"><span class='ocrx_word' id='word_1_672' title='bbox 2209 4139 2547 4208; x_wconf 80' lang='grc' dir='ltr'>ἀγαπᾶσθαι.</span> <span class='ocrx_word' id='word_1_673' title='bbox 2573 4136 2733 4191; x_wconf 79' lang='grc' dir='ltr'>Κατὰ</span> <span class='ocrx_word' id='word_1_674' title='bbox 2754 4134 2946 4219; x_wconf 65' lang='grc' dir='ltr'><strong>¹τοῦτον</strong></span> <span class='ocrx_word' id='word_1_675' title='bbox 2974 4138 3175 4209; x_wconf 84' lang='grc' dir='ltr'>τρόπον</span> <span class='ocrx_word' id='word_1_676' title='bbox 3199 4139 3296 4191; x_wconf 82' lang='grc' dir='ltr'>καὶ</span> <span class='ocrx_word' id='word_1_677' title='bbox 3315 4140 3345 4192; x_wconf 77' lang='grc' dir='ltr'><strong>ό</strong></span> <span class='ocrx_word' id='word_1_678' title='bbox 3375 4140 3629 4211; x_wconf 80' lang='grc' dir='ltr'>θεόφρων</span> <span class='ocrx_word' id='word_1_679' title='bbox 3656 4144 3795 4213; x_wconf 66' lang='lat' dir='ltr'><strong>rm;-</strong></span> 
     </span>
    </p>
   </div>
   <div class='ocr_carea' id='block_1_90' title="bbox 2208 4229 3790 4306">
    <p class='ocr_par' dir='ltr' id='par_1_90' title="bbox 2208 4229 3790 4306">
     <span class='ocr_line' id='line_1_90' title="bbox 2208 4229 3790 4306; baseline 0.003 -21"><span class='ocrx_word' id='word_1_680' title='bbox 2208 4230 2394 4302; x_wconf 87' lang='grc' dir='ltr'>γόριός</span> <span class='ocrx_word' id='word_1_681' title='bbox 2421 4245 2577 4302; x_wconf 82' lang='grc' dir='ltr'>φησι⁶</span> <span class='ocrx_word' id='word_1_682' title='bbox 2614 4247 2634 4282; x_wconf 83' lang='grc' dir='ltr'>ι</span> <span class='ocrx_word' id='word_1_683' title='bbox 2656 4229 2843 4293; x_wconf 77' lang='grc' dir='ltr'>Μονάς</span> <span class='ocrx_word' id='word_1_684' title='bbox 2869 4229 2963 4283; x_wconf 81' lang='grc' dir='ltr'><strong>ἀπ’</strong></span> <span class='ocrx_word' id='word_1_685' title='bbox 2990 4229 3169 4301; x_wconf 83' lang='grc' dir='ltr'>ἀρχῆς</span> <span class='ocrx_word' id='word_1_686' title='bbox 3202 4233 3285 4295; x_wconf 77' lang='grc' dir='ltr'><strong>εις</strong></span> <span class='ocrx_word' id='word_1_687' title='bbox 3306 4232 3479 4287; x_wconf 84' lang='grc' dir='ltr'>δυάδα</span> <span class='ocrx_word' id='word_1_688' title='bbox 3511 4238 3790 4306; x_wconf 78' lang='grc' dir='ltr'>κινηθεῖσα</span> 
     </span>
    </p>
   </div>
   <div class='ocr_carea' id='block_1_91' title="bbox 2212 4318 3791 4394">
    <p class='ocr_par' dir='ltr' id='par_1_91' title="bbox 2212 4318 3791 4394">
     <span class='ocr_line' id='line_1_91' title="bbox 2212 4318 3791 4394; baseline -0.002 -17"><span class='ocrx_word' id='word_1_689' title='bbox 2212 4322 2373 4394; x_wconf 84' lang='grc' dir='ltr'>μέχρι</span> <span class='ocrx_word' id='word_1_690' title='bbox 2403 4318 2634 4394; x_wconf 85' lang='grc' dir='ltr'>Τριάδος</span> <span class='ocrx_word' id='word_1_691' title='bbox 2682 4318 2832 4391; x_wconf 77' lang='grc' dir='ltr'>ἔστη.</span> <span class='ocrx_word' id='word_1_692' title='bbox 2863 4338 2883 4372; x_wconf 75' lang='grc' dir='ltr'><strong>ι</strong></span> <span class='ocrx_word' id='word_1_693' title='bbox 2940 4319 3188 4375; x_wconf 78' lang='grc' dir='ltr'>Κινεῖται</span> <span class='ocrx_word' id='word_1_694' title='bbox 3226 4321 3338 4392; x_wconf 77' lang='grc' dir='ltr'>γὰρ</span> <span class='ocrx_word' id='word_1_695' title='bbox 3376 4324 3434 4375; x_wconf 85' lang='grc' dir='ltr'>ὲν</span> <span class='ocrx_word' id='word_1_696' title='bbox 3473 4322 3555 4393; x_wconf 78' lang='grc' dir='ltr'><strong>τῷ</strong></span> <span class='ocrx_word' id='word_1_697' title='bbox 3592 4324 3791 4394; x_wconf 76' lang='grc' dir='ltr'>ταύτης</span> 
     </span>
    </p>
   </div>
   <div class='ocr_carea' id='block_1_92' title="bbox 527 4410 2103 4490">
    <p class='ocr_par' dir='ltr' id='par_1_92' title="bbox 527 4413 2103 4490">
     <span class='ocr_line' id='line_1_92' title="bbox 527 4413 2103 4490; baseline 0.004 -21"><span class='ocrx_word' id='word_1_698' title='bbox 527 4414 658 4469; x_wconf 86' lang='lat' dir='ltr'><strong>dum</strong></span> <span class='ocrx_word' id='word_1_699' title='bbox 694 4413 954 4469; x_wconf 79' lang='lat' dir='ltr'><strong>aﬂ&#39;ectum</strong></span> <span class='ocrx_word' id='word_1_700' title='bbox 988 4414 1195 4469; x_wconf 87' lang='lat' dir='ltr'><strong>amoris</strong></span> <span class='ocrx_word' id='word_1_701' title='bbox 1215 4423 1273 4469; x_wconf 87' lang='lat' dir='ltr'><strong>et</strong></span> <span class='ocrx_word' id='word_1_702' title='bbox 1325 4415 1835 4473; x_wconf 88' lang='lat' dir='ltr'><strong>charitatisinserit</strong></span> <span class='ocrx_word' id='word_1_703' title='bbox 1863 4419 1946 4474; x_wconf 87' lang='lat' dir='ltr'><strong>eis</strong></span> <span class='ocrx_word' id='word_1_704' title='bbox 1979 4436 2103 4490; x_wconf 69' lang='lat' dir='ltr'><strong>quae</strong></span> 
     </span>
    </p>
   </div>
   <div class='ocr_carea' id='block_1_93' title="bbox 2205 4410 3785 4490">
    <p class='ocr_par' dir='ltr' id='par_1_93' title="bbox 2205 4410 3785 4484">
     <span class='ocr_line' id='line_1_93' title="bbox 2205 4410 3785 4484; baseline 0.001 -17"><span class='ocrx_word' id='word_1_705' title='bbox 2205 4412 2437 4483; x_wconf 85' lang='grc' dir='ltr'>δεκτικῷ</span> <span class='ocrx_word' id='word_1_706' title='bbox 2480 4411 2579 4483; x_wconf 82' lang='grc' dir='ltr'><strong>νῷ,</strong></span> <span class='ocrx_word' id='word_1_707' title='bbox 2632 4410 2746 4465; x_wconf 82' lang='grc' dir='ltr'>εῖτε</span> <span class='ocrx_word' id='word_1_708' title='bbox 2802 4411 3106 4483; x_wconf 76' lang='grc' dir='ltr'>ἀγγελικῷ,</span> <span class='ocrx_word' id='word_1_709' title='bbox 3150 4413 3263 4466; x_wconf 71' lang='grc' dir='ltr'>εἴτε</span> <span class='ocrx_word' id='word_1_710' title='bbox 3320 4413 3675 4484; x_wconf 73' lang='grc' dir='ltr'>ἀνθρωπίνῳ,</span> <span class='ocrx_word' id='word_1_711' title='bbox 3723 4416 3785 4469; x_wconf 80' lang='grc' dir='ltr'>δι’</span> 
     </span>
    </p>
   </div>
   <div class='ocr_carea' id='block_1_94' title="bbox 527 4507 2104 4576">
    <p class='ocr_par' dir='ltr' id='par_1_94' title="bbox 527 4507 2104 4576">
     <span class='ocr_line' id='line_1_94' title="bbox 527 4507 2104 4576; baseline 0.005 -15"><span class='ocrx_word' id='word_1_712' title='bbox 527 4508 729 4562; x_wconf 86' lang='lat' dir='ltr'><strong>horum</strong></span> <span class='ocrx_word' id='word_1_713' title='bbox 776 4507 999 4576; x_wconf 83' lang='lat' dir='ltr'><strong>capacia</strong></span> <span class='ocrx_word' id='word_1_714' title='bbox 1050 4514 1200 4572; x_wconf 91' lang='lat' dir='ltr'><strong>sunt,</strong></span> <span class='ocrx_word' id='word_1_715' title='bbox 1263 4517 1447 4561; x_wconf 91' lang='lat' dir='ltr'><strong>movet</strong></span> <span class='ocrx_word' id='word_1_716' title='bbox 1489 4515 1680 4563; x_wconf 89' lang='lat' dir='ltr'><strong>contra</strong></span> <span class='ocrx_word' id='word_1_717' title='bbox 1722 4509 1853 4564; x_wconf 90' lang='lat' dir='ltr'><strong>dum</strong></span> <span class='ocrx_word' id='word_1_718' title='bbox 1906 4523 2104 4569; x_wconf 88' lang='lat' dir='ltr'><strong>natura</strong></span> 
     </span>
    </p>
   </div>
   <div class='ocr_carea' id='block_1_95' title="bbox 529 4599 2103 4673">
    <p class='ocr_par' dir='ltr' id='par_1_95' title="bbox 529 4599 2103 4673">
     <span class='ocr_line' id='line_1_95' title="bbox 529 4599 2103 4673; baseline 0.001 -19"><span class='ocrx_word' id='word_1_719' title='bbox 529 4600 754 4655; x_wconf 87' lang='lat' dir='ltr'><strong>attrahit</strong></span> <span class='ocrx_word' id='word_1_720' title='bbox 806 4613 997 4653; x_wconf 88' lang='lat' dir='ltr'><strong>eorum</strong></span> <span class='ocrx_word' id='word_1_721' title='bbox 1056 4615 1178 4669; x_wconf 68' lang='lat' dir='ltr'><strong>quae</strong></span> <span class='ocrx_word' id='word_1_722' title='bbox 1246 4599 1313 4654; x_wconf 95' lang='lat' dir='ltr'><strong>ad</strong></span> <span class='ocrx_word' id='word_1_723' title='bbox 1382 4614 1442 4654; x_wconf 87' lang='lat' dir='ltr'><strong>se</strong></span> <span class='ocrx_word' id='word_1_724' title='bbox 1498 4608 1828 4655; x_wconf 90' lang='lat' dir='ltr'><strong>moveantur</strong></span> <span class='ocrx_word' id='word_1_725' title='bbox 1888 4603 2103 4673; x_wconf 86' lang='lat' dir='ltr'><strong>appeti-</strong></span> 
     </span>
    </p>
   </div>
   <div class='ocr_carea' id='block_1_96' title="bbox 531 4692 2104 4765">
    <p class='ocr_par' dir='ltr' id='par_1_96' title="bbox 531 4692 2104 4765">
     <span class='ocr_line' id='line_1_96' title="bbox 531 4692 2104 4765; baseline 0.001 -18"><span class='ocrx_word' id='word_1_726' title='bbox 531 4704 683 4758; x_wconf 83' lang='lat' dir='ltr'><strong>tum;</strong></span> <span class='ocrx_word' id='word_1_727' title='bbox 744 4702 802 4748; x_wconf 87' lang='lat' dir='ltr'><strong>et</strong></span> <span class='ocrx_word' id='word_1_728' title='bbox 850 4708 1043 4747; x_wconf 88' lang='lat' dir='ltr'><strong>rursus</strong></span> <span class='ocrx_word' id='word_1_729' title='bbox 1103 4711 1116 4746; x_wconf 93' lang='lat'><strong>:</strong></span> <span class='ocrx_word' id='word_1_730' title='bbox 1179 4692 1359 4748; x_wconf 84' lang='lat' dir='ltr'><strong>Movet</strong></span> <span class='ocrx_word' id='word_1_731' title='bbox 1399 4703 1455 4749; x_wconf 90' lang='lat' dir='ltr'><strong>et</strong></span> <span class='ocrx_word' id='word_1_732' title='bbox 1508 4703 1762 4748; x_wconf 88' lang='lat' dir='ltr'><strong>movetur</strong></span> <span class='ocrx_word' id='word_1_733' title='bbox 1819 4695 1976 4765; x_wconf 88' lang='lat' dir='ltr'><strong>quasi</strong></span> <span class='ocrx_word' id='word_1_734' title='bbox 2025 4695 2104 4749; x_wconf 87' lang='lat' dir='ltr'><strong>si-</strong></span> 
     </span>
    </p>
   </div>
   <div class='ocr_carea' id='block_1_97' title="bbox 532 4785 2102 4859">
    <p class='ocr_par' dir='ltr' id='par_1_97' title="bbox 532 4785 2102 4859">
     <span class='ocr_line' id='line_1_97' title="bbox 532 4785 2102 4859; baseline 0.001 -18"><span class='ocrx_word' id='word_1_735' title='bbox 532 4787 675 4842; x_wconf 88' lang='lat' dir='ltr'><strong>tiens</strong></span> <span class='ocrx_word' id='word_1_736' title='bbox 726 4785 891 4848; x_wconf 87' lang='lat' dir='ltr'><strong>sitiri,</strong></span> <span class='ocrx_word' id='word_1_737' title='bbox 938 4794 993 4839; x_wconf 90' lang='lat' dir='ltr'><strong>et</strong></span> <span class='ocrx_word' id='word_1_738' title='bbox 1031 4800 1223 4839; x_wconf 87' lang='lat' dir='ltr'><strong>amans</strong></span> <span class='ocrx_word' id='word_1_739' title='bbox 1265 4787 1459 4851; x_wconf 87' lang='lat' dir='ltr'><strong>amari,</strong></span> <span class='ocrx_word' id='word_1_740' title='bbox 1519 4796 1575 4842; x_wconf 88' lang='lat' dir='ltr'><strong>et</strong></span> <span class='ocrx_word' id='word_1_741' title='bbox 1633 4786 1872 4858; x_wconf 80' lang='lat' dir='ltr'><strong>diligens</strong></span> <span class='ocrx_word' id='word_1_742' title='bbox 1925 4786 2102 4859; x_wconf 79' lang='lat' dir='ltr'><strong>diligi.</strong></span> 
     </span>
    </p>
   </div>
   <div class='ocr_carea' id='block_1_98' title="bbox 528 4875 2104 4946">
    <p class='ocr_par' dir='ltr' id='par_1_98' title="bbox 528 4875 2104 4946">
     <span class='ocr_line' id='line_1_98' title="bbox 528 4875 2104 4946; baseline 0 -15"><span class='ocrx_word' id='word_1_743' title='bbox 528 4876 644 4942; x_wconf 84' lang='lat' dir='ltr'><strong>Qua</strong></span> <span class='ocrx_word' id='word_1_744' title='bbox 694 4875 964 4931; x_wconf 82' lang='lat' dir='ltr'><strong>sententia</strong></span> <span class='ocrx_word' id='word_1_745' title='bbox 1025 4875 1191 4928; x_wconf 83' lang='lat' dir='ltr'><strong>etiam</strong></span> <span class='ocrx_word' id='word_1_746' title='bbox 1261 4875 1486 4929; x_wconf 90' lang='lat' dir='ltr'><strong>divinus</strong></span> <span class='ocrx_word' id='word_1_747' title='bbox 1549 4875 1849 4946; x_wconf 79' lang='lat' dir='ltr'><strong>Gregorius</strong></span> <span class='ocrx_word' id='word_1_748' title='bbox 1900 4876 2040 4931; x_wconf 82' lang='lat' dir='ltr'><strong>dixit</strong></span> <span class='ocrx_word' id='word_1_749' title='bbox 2092 4896 2104 4931; x_wconf 91' lang='lat'><strong>:</strong></span> 
     </span>
    </p>
   </div>
   <div class='ocr_carea' id='block_1_99' title="bbox 538 4965 2104 5035">
    <p class='ocr_par' dir='ltr' id='par_1_99' title="bbox 538 4965 2104 5035">
     <span class='ocr_line' id='line_1_99' title="bbox 538 4965 2104 5035; baseline 0.001 -17"><span class='ocrx_word' id='word_1_750' title='bbox 538 4986 559 5018; x_wconf 75' lang='grc' dir='ltr'><strong><em>ο</em></strong></span> <span class='ocrx_word' id='word_1_751' title='bbox 600 4966 792 5022; x_wconf 77' lang='lat' dir='ltr'><strong>Unitas</strong></span> <span class='ocrx_word' id='word_1_752' title='bbox 845 4965 1118 5035; x_wconf 75' lang='lat' dir='ltr'><strong>principio</strong></span> <span class='ocrx_word' id='word_1_753' title='bbox 1181 4966 1234 5019; x_wconf 89' lang='lat' dir='ltr'><strong>in</strong></span> <span class='ocrx_word' id='word_1_754' title='bbox 1288 4966 1565 5019; x_wconf 88' lang='lat' dir='ltr'><strong>binarium</strong></span> <span class='ocrx_word' id='word_1_755' title='bbox 1623 4974 1769 5020; x_wconf 89' lang='lat' dir='ltr'><strong>mota</strong></span> <span class='ocrx_word' id='word_1_756' title='bbox 1822 4968 1877 5019; x_wconf 91' lang='lat' dir='ltr'><strong>in</strong></span> <span class='ocrx_word' id='word_1_757' title='bbox 1918 4967 2104 5020; x_wconf 88' lang='lat' dir='ltr'><strong>Trini-</strong></span> 
     </span>
    </p>
   </div>
   <div class='ocr_carea' id='block_1_100' title="bbox 530 5057 2109 5128">
    <p class='ocr_par' dir='ltr' id='par_1_100' title="bbox 530 5057 2109 5128">
     <span class='ocr_line' id='line_1_100' title="bbox 530 5057 2109 5128; baseline 0.002 -18"><span class='ocrx_word' id='word_1_758' title='bbox 530 5067 642 5110; x_wconf 81' lang='lat' dir='ltr'><strong>tate</strong></span> <span class='ocrx_word' id='word_1_759' title='bbox 695 5057 964 5112; x_wconf 88' lang='lat' dir='ltr'><strong>constitit.</strong></span> <span class='ocrx_word' id='word_1_760' title='bbox 1018 5076 1035 5106; x_wconf 84' lang='grc'><strong>›</strong></span> <span class='ocrx_word' id='word_1_761' title='bbox 1080 5057 1329 5113; x_wconf 78' lang='lat' dir='ltr'><strong>Movetur</strong></span> <span class='ocrx_word' id='word_1_762' title='bbox 1374 5058 1521 5112; x_wconf 87' lang='lat' dir='ltr'><strong>enim</strong></span> <span class='ocrx_word' id='word_1_763' title='bbox 1582 5057 1636 5111; x_wconf 88' lang='lat' dir='ltr'><strong>in</strong></span> <span class='ocrx_word' id='word_1_764' title='bbox 1690 5067 1876 5112; x_wconf 90' lang='lat' dir='ltr'><strong>mente</strong></span> <span class='ocrx_word' id='word_1_765' title='bbox 1934 5059 2109 5128; x_wconf 84' lang='lat' dir='ltr'><strong>ip‘sius</strong></span> 
     </span>
    </p>
   </div>
   <div class='ocr_carea' id='block_1_101' title="bbox 534 5148 2111 5219">
    <p class='ocr_par' dir='ltr' id='par_1_101' title="bbox 534 5148 2111 5219">
     <span class='ocr_line' id='line_1_101' title="bbox 534 5148 2111 5219; baseline 0.003 -20"><span class='ocrx_word' id='word_1_766' title='bbox 534 5164 755 5218; x_wconf 81' lang='lat' dir='ltr'><strong>capace,</strong></span> <span class='ocrx_word' id='word_1_767' title='bbox 781 5151 896 5202; x_wconf 89' lang='lat' dir='ltr'><strong>sive</strong></span> <span class='ocrx_word' id='word_1_768' title='bbox 926 5148 1191 5218; x_wconf 78' lang='lat' dir='ltr'><strong>angelica,</strong></span> <span class='ocrx_word' id='word_1_769' title='bbox 1225 5149 1340 5202; x_wconf 86' lang='lat' dir='ltr'><strong>sive</strong></span> <span class='ocrx_word' id='word_1_770' title='bbox 1376 5149 1641 5216; x_wconf 87' lang='lat' dir='ltr'><strong>humana,</strong></span> <span class='ocrx_word' id='word_1_771' title='bbox 1684 5165 1783 5218; x_wconf 88' lang='lat' dir='ltr'><strong>per</strong></span> <span class='ocrx_word' id='word_1_772' title='bbox 1830 5150 2021 5219; x_wconf 80' lang='lat' dir='ltr'><strong>ipsam</strong></span> <span class='ocrx_word' id='word_1_773' title='bbox 2053 5161 2111 5204; x_wconf 88' lang='lat' dir='ltr'><strong>et</strong></span> 
     </span>
    </p>
   </div>
   <div class='ocr_carea' id='block_1_102' title="bbox 535 5239 2105 5309">
    <p class='ocr_par' dir='ltr' id='par_1_102' title="bbox 535 5239 2105 5309">
     <span class='ocr_line' id='line_1_102' title="bbox 535 5239 2105 5309; baseline 0.003 -18"><span class='ocrx_word' id='word_1_774' title='bbox 535 5240 590 5291; x_wconf 75' lang='lat' dir='ltr'><strong>in</strong></span> <span class='ocrx_word' id='word_1_775' title='bbox 625 5239 741 5307; x_wconf 81' lang='lat' dir='ltr'><strong>ipsa</strong></span> <span class='ocrx_word' id='word_1_776' title='bbox 769 5240 838 5294; x_wconf 84' lang='lat' dir='ltr'><strong>de</strong></span> <span class='ocrx_word' id='word_1_777' title='bbox 871 5241 985 5309; x_wconf 89' lang='lat' dir='ltr'><strong>ipsa</strong></span> <span class='ocrx_word' id='word_1_778' title='bbox 1026 5239 1366 5308; x_wconf 87' lang='lat' dir='ltr'><strong>inquirente,</strong></span> <span class='ocrx_word' id='word_1_779' title='bbox 1406 5251 1483 5305; x_wconf 88' lang='lat' dir='ltr'><strong>et,</strong></span> <span class='ocrx_word' id='word_1_780' title='bbox 1527 5248 1587 5294; x_wconf 91' lang='lat' dir='ltr'><strong>ut</strong></span> <span class='ocrx_word' id='word_1_781' title='bbox 1627 5241 1978 5297; x_wconf 79' lang='lat' dir='ltr'><strong>manifestius</strong></span> <span class='ocrx_word' id='word_1_782' title='bbox 2020 5242 2105 5296; x_wconf 91' lang='lat' dir='ltr'><strong>di-</strong></span> 
     </span>
    </p>
   </div>
   <div class='ocr_carea' id='block_1_103' title="bbox 536 5331 2107 5403">
    <p class='ocr_par' dir='ltr' id='par_1_103' title="bbox 536 5331 2107 5403">
     <span class='ocr_line' id='line_1_103' title="bbox 536 5331 2107 5403; baseline 0.003 -21"><span class='ocrx_word' id='word_1_783' title='bbox 536 5343 677 5392; x_wconf 80' lang='lat' dir='ltr'><strong>cam,</strong></span> <span class='ocrx_word' id='word_1_784' title='bbox 729 5331 952 5386; x_wconf 82' lang='lat' dir='ltr'><strong>instruit</strong></span> <span class='ocrx_word' id='word_1_785' title='bbox 996 5346 1117 5385; x_wconf 91' lang='lat' dir='ltr'><strong>eam</strong></span> <span class='ocrx_word' id='word_1_786' title='bbox 1173 5331 1409 5387; x_wconf 87' lang='lat' dir='ltr'><strong>indivise</strong></span> <span class='ocrx_word' id='word_1_787' title='bbox 1464 5333 1520 5386; x_wconf 93' lang='lat' dir='ltr'><strong>in</strong></span> <span class='ocrx_word' id='word_1_788' title='bbox 1575 5332 1755 5401; x_wconf 88' lang='lat' dir='ltr'><strong>primo</strong></span> <span class='ocrx_word' id='word_1_789' title='bbox 1801 5333 2011 5403; x_wconf 88' lang='lat' dir='ltr'><strong>impetu</strong></span> <span class='ocrx_word' id='word_1_790' title='bbox 2040 5334 2107 5387; x_wconf 89' lang='lat' dir='ltr'><strong>de</strong></span> 
     </span>
    </p>
   </div>
   <div class='ocr_carea' id='block_1_104' title="bbox 538 5420 2106 5493">
    <p class='ocr_par' dir='ltr' id='par_1_104' title="bbox 538 5420 2106 5493">
     <span class='ocr_line' id='line_1_104' title="bbox 538 5420 2106 5493; baseline 0.004 -21"><span class='ocrx_word' id='word_1_791' title='bbox 538 5420 769 5475; x_wconf 86' lang='lat' dir='ltr'><strong>unitatis</strong></span> <span class='ocrx_word' id='word_1_792' title='bbox 812 5423 1049 5488; x_wconf 86' lang='lat' dir='ltr'><strong>ratione,</strong></span> <span class='ocrx_word' id='word_1_793' title='bbox 1101 5439 1169 5478; x_wconf 91' lang='lat' dir='ltr'><strong>nc</strong></span> <span class='ocrx_word' id='word_1_794' title='bbox 1206 5424 1489 5492; x_wconf 86' lang='lat' dir='ltr'><strong>separatio</strong></span> <span class='ocrx_word' id='word_1_795' title='bbox 1532 5424 1726 5493; x_wconf 80' lang='lat' dir='ltr'><strong>primae</strong></span> <span class='ocrx_word' id='word_1_796' title='bbox 1776 5440 1957 5479; x_wconf 69' lang='lat' dir='ltr'><strong>causw</strong></span> <span class='ocrx_word' id='word_1_797' title='bbox 2021 5425 2106 5479; x_wconf 89' lang='lat' dir='ltr'><strong>in-</strong></span> 
     </span>
    </p>
   </div>
   <div class='ocr_carea' id='block_1_105' title="bbox 536 5510 2105 5584">
    <p class='ocr_par' dir='ltr' id='par_1_105' title="bbox 536 5510 2105 5584">
     <span class='ocr_line' id='line_1_105' title="bbox 536 5510 2105 5584; baseline 0.004 -21"><span class='ocrx_word' id='word_1_798' title='bbox 536 5510 775 5566; x_wconf 73' lang='lat' dir='ltr'><strong>feratur:</strong></span> <span class='ocrx_word' id='word_1_799' title='bbox 805 5516 1192 5583; x_wconf 87' lang='lat' dir='ltr'><strong>impellitvcro</strong></span> <span class='ocrx_word' id='word_1_800' title='bbox 1220 5530 1340 5569; x_wconf 87' lang='lat' dir='ltr'><strong>eam</strong></span> <span class='ocrx_word' id='word_1_801' title='bbox 1384 5516 1450 5569; x_wconf 86' lang='lat' dir='ltr'><strong>ad</strong></span> <span class='ocrx_word' id='word_1_802' title='bbox 1504 5515 1877 5584; x_wconf 84' lang='lat' dir='ltr'><strong>recipiendam</strong></span> <span class='ocrx_word' id='word_1_803' title='bbox 1939 5517 2105 5570; x_wconf 87' lang='lat' dir='ltr'><strong>etiam</strong></span> 
     </span>
    </p>
   </div>
   <div class='ocr_carea' id='block_1_106' title="bbox 537 5599 2100 5679">
    <p class='ocr_par' dir='ltr' id='par_1_106' title="bbox 537 5599 2100 5679">
     <span class='ocr_line' id='line_1_106' title="bbox 537 5599 2100 5679; baseline 0.003 -23"><span class='ocrx_word' id='word_1_804' title='bbox 537 5599 778 5656; x_wconf 78' lang='lat' dir='ltr'><strong>divinam</strong></span> <span class='ocrx_word' id='word_1_805' title='bbox 810 5614 974 5673; x_wconf 87' lang='lat' dir='ltr'><strong>atque</strong></span> <span class='ocrx_word' id='word_1_806' title='bbox 1020 5606 1452 5660; x_wconf 83' lang='lat' dir='ltr'><strong>inenarrabilem</strong></span> <span class='ocrx_word' id='word_1_807' title='bbox 1510 5606 1930 5671; x_wconf 80' lang='lat' dir='ltr'><strong>fecunditatem,</strong></span> <span class='ocrx_word' id='word_1_808' title='bbox 1981 5624 2100 5679; x_wconf 87' lang='lat' dir='ltr'><strong>my-</strong></span> 
     </span>
    </p>
   </div>
   <div class='ocr_carea' id='block_1_107' title="bbox 2210 4501 3789 4574">
    <p class='ocr_par' dir='ltr' id='par_1_107' title="bbox 2210 4501 3789 4574">
     <span class='ocr_line' id='line_1_107' title="bbox 2210 4501 3789 4574; baseline 0 -17"><span class='ocrx_word' id='word_1_809' title='bbox 2210 4504 2379 4573; x_wconf 83' lang='grc' dir='ltr'>αὐτῆς</span> <span class='ocrx_word' id='word_1_810' title='bbox 2408 4502 2503 4557; x_wconf 82' lang='grc' dir='ltr'>καὶ</span> <span class='ocrx_word' id='word_1_811' title='bbox 2529 4505 2586 4556; x_wconf 81' lang='grc' dir='ltr'>ὲν</span> <span class='ocrx_word' id='word_1_812' title='bbox 2610 4503 2746 4574; x_wconf 74' lang='grc' dir='ltr'>αὐτῇ</span> <span class='ocrx_word' id='word_1_813' title='bbox 2774 4501 2874 4565; x_wconf 80' lang='grc' dir='ltr'>τὰς</span> <span class='ocrx_word' id='word_1_814' title='bbox 2903 4503 3033 4572; x_wconf 76' lang='grc' dir='ltr'>περὶ</span> <span class='ocrx_word' id='word_1_815' title='bbox 3076 4503 3248 4573; x_wconf 78' lang='grc' dir='ltr'>αὐτῆς</span> <span class='ocrx_word' id='word_1_816' title='bbox 3276 4503 3557 4570; x_wconf 75' lang='grc' dir='ltr'>ἐξετάσεις</span> <span class='ocrx_word' id='word_1_817' title='bbox 3611 4522 3789 4560; x_wconf 81' lang='grc' dir='ltr'>ποιου-</span> 
     </span>
    </p>
   </div>
   <div class='ocr_carea' id='block_1_108' title="bbox 2212 4595 3788 4668">
    <p class='ocr_par' dir='ltr' id='par_1_108' title="bbox 2212 4595 3788 4668">
     <span class='ocr_line' id='line_1_108' title="bbox 2212 4595 3788 4668; baseline -0.001 -19"><span class='ocrx_word' id='word_1_818' title='bbox 2212 4596 2381 4667; x_wconf 85' lang='grc' dir='ltr'>μένῳ,</span> <span class='ocrx_word' id='word_1_819' title='bbox 2416 4596 2510 4650; x_wconf 76' lang='grc' dir='ltr'>καὶ</span> <span class='ocrx_word' id='word_1_820' title='bbox 2534 4595 2864 4666; x_wconf 82' lang='grc' dir='ltr'>σαφέστερον</span> <span class='ocrx_word' id='word_1_821' title='bbox 2889 4597 3083 4661; x_wconf 72' lang='grc' dir='ltr'>εἰπεῖν,</span> <span class='ocrx_word' id='word_1_822' title='bbox 3115 4595 3358 4650; x_wconf 83' lang='grc' dir='ltr'>διδάσκει</span> <span class='ocrx_word' id='word_1_823' title='bbox 3394 4598 3560 4650; x_wconf 75' lang='grc' dir='ltr'>αὑτὸν</span> <span class='ocrx_word' id='word_1_824' title='bbox 3599 4597 3788 4668; x_wconf 68' lang='grc' dir='ltr'>ἀμερε-</span> 
     </span>
    </p>
   </div>
   <div class='ocr_carea' id='block_1_109' title="bbox 2211 4686 3783 4760">
    <p class='ocr_par' dir='ltr' id='par_1_109' title="bbox 2211 4686 3783 4760">
     <span class='ocr_line' id='line_1_109' title="bbox 2211 4686 3783 4760; baseline 0.001 -18"><span class='ocrx_word' id='word_1_825' title='bbox 2211 4704 2352 4753; x_wconf 87' lang='grc' dir='ltr'>στως</span> <span class='ocrx_word' id='word_1_826' title='bbox 2379 4691 2436 4741; x_wconf 83' lang='grc' dir='ltr'>ὲν</span> <span class='ocrx_word' id='word_1_827' title='bbox 2465 4691 2530 4759; x_wconf 79' lang='grc' dir='ltr'>τῇ</span> <span class='ocrx_word' id='word_1_828' title='bbox 2562 4687 2753 4760; x_wconf 80' lang='grc' dir='ltr'>πρώτῃ</span> <span class='ocrx_word' id='word_1_829' title='bbox 2786 4687 3061 4757; x_wconf 80' lang='grc' dir='ltr'>προσϐολῇ</span> <span class='ocrx_word' id='word_1_830' title='bbox 3084 4686 3174 4740; x_wconf 87' lang='grc' dir='ltr'>τὸν</span> <span class='ocrx_word' id='word_1_831' title='bbox 3209 4689 3340 4758; x_wconf 80' lang='grc' dir='ltr'>περὶ</span> <span class='ocrx_word' id='word_1_832' title='bbox 3368 4689 3598 4758; x_wconf 82' lang='grc' dir='ltr'>μονάδος</span> <span class='ocrx_word' id='word_1_833' title='bbox 3619 4689 3783 4758; x_wconf 84' lang='grc' dir='ltr'>λόγον,</span> 
     </span>
    </p>
   </div>
   <div class='ocr_carea' id='block_1_110' title="bbox 2211 4778 3785 4854">
    <p class='ocr_par' dir='ltr' id='par_1_110' title="bbox 2211 4778 3785 4854">
     <span class='ocr_line' id='line_1_110' title="bbox 2211 4778 3785 4854; baseline 0 -19"><span class='ocrx_word' id='word_1_834' title='bbox 2211 4781 2298 4835; x_wconf 77' lang='grc' dir='ltr'>ἵνα</span> <span class='ocrx_word' id='word_1_835' title='bbox 2325 4782 2399 4852; x_wconf 85' lang='grc' dir='ltr'>μὴ</span> <span class='ocrx_word' id='word_1_836' title='bbox 2437 4781 2700 4851; x_wconf 80' lang='grc' dir='ltr'>διαίρεσις</span> <span class='ocrx_word' id='word_1_837' title='bbox 2722 4779 2799 4850; x_wconf 85' lang='grc' dir='ltr'><strong>τῷ</strong></span> <span class='ocrx_word' id='word_1_838' title='bbox 2821 4778 3024 4849; x_wconf 85' lang='grc' dir='ltr'>πρώτῳ</span> <span class='ocrx_word' id='word_1_839' title='bbox 3057 4779 3216 4850; x_wconf 79' lang='grc' dir='ltr'>αἰτίῳ</span> <span class='ocrx_word' id='word_1_840' title='bbox 3237 4781 3566 4851; x_wconf 75' lang='grc' dir='ltr'>ὲπεισαχθῇ,</span> <span class='ocrx_word' id='word_1_841' title='bbox 3600 4781 3785 4854; x_wconf 76' lang='grc' dir='ltr'>προδι-</span> 
     </span>
    </p>
   </div>
   <div class='ocr_carea' id='block_1_111' title="bbox 2210 4869 3785 4942">
    <p class='ocr_par' dir='ltr' id='par_1_111' title="bbox 2210 4869 3785 4942">
     <span class='ocr_line' id='line_1_111' title="bbox 2210 4869 3785 4942; baseline -0.001 -16"><span class='ocrx_word' id='word_1_842' title='bbox 2210 4872 2362 4937; x_wconf 73' lang='grc' dir='ltr'>δάςει</span> <span class='ocrx_word' id='word_1_843' title='bbox 2388 4871 2443 4924; x_wconf 82' lang='grc' dir='ltr'>δὲ</span> <span class='ocrx_word' id='word_1_844' title='bbox 2482 4872 2643 4925; x_wconf 81' lang='grc' dir='ltr'>αὐτὸν</span> <span class='ocrx_word' id='word_1_845' title='bbox 2669 4871 2762 4924; x_wconf 77' lang='grc' dir='ltr'>καὶ</span> <span class='ocrx_word' id='word_1_846' title='bbox 2801 4870 2898 4942; x_wconf 84' lang='grc' dir='ltr'>τὴν</span> <span class='ocrx_word' id='word_1_847' title='bbox 2940 4869 3094 4923; x_wconf 80' lang='grc' dir='ltr'>θείαν</span> <span class='ocrx_word' id='word_1_848' title='bbox 3123 4872 3218 4924; x_wconf 78' lang='grc' dir='ltr'>καὶ</span> <span class='ocrx_word' id='word_1_849' title='bbox 3259 4872 3575 4942; x_wconf 74' lang='grc' dir='ltr'>ἀπόρρητον</span> <span class='ocrx_word' id='word_1_850' title='bbox 3605 4872 3785 4926; x_wconf 62' lang='grc' dir='ltr'>τούτου</span> 
     </span>
    </p>
   </div>
   <div class='ocr_carea' id='block_1_112' title="bbox 2209 4961 3783 5036">
    <p class='ocr_par' dir='ltr' id='par_1_112' title="bbox 2209 4961 3783 5036">
     <span class='ocr_line' id='line_1_112' title="bbox 2209 4961 3783 5036; baseline -0.001 -18"><span class='ocrx_word' id='word_1_851' title='bbox 2209 4965 2542 5036; x_wconf 85' lang='grc' dir='ltr'>γονιμότητα</span> <span class='ocrx_word' id='word_1_852' title='bbox 2563 4961 2838 5030; x_wconf 80' lang='grc' dir='ltr'>δέξασθαι,</span> <span class='ocrx_word' id='word_1_853' title='bbox 2868 4961 3101 5031; x_wconf 76' lang='grc' dir='ltr'>λέγουσα</span> <span class='ocrx_word' id='word_1_854' title='bbox 3137 4965 3415 5032; x_wconf 75' lang='grc' dir='ltr'>μυστικῶς</span> <span class='ocrx_word' id='word_1_855' title='bbox 3444 4981 3503 5017; x_wconf 88' lang='grc' dir='ltr'><strong>τε</strong></span> <span class='ocrx_word' id='word_1_856' title='bbox 3537 4966 3630 5018; x_wconf 75' lang='grc' dir='ltr'>καὶ</span> <span class='ocrx_word' id='word_1_857' title='bbox 3661 4982 3783 5035; x_wconf 84' lang='grc' dir='ltr'>κρυ-</span> 
     </span>
    </p>
   </div>
   <div class='ocr_carea' id='block_1_113' title="bbox 2210 5050 3785 5128">
    <p class='ocr_par' dir='ltr' id='par_1_113' title="bbox 2210 5050 3785 5128">
     <span class='ocr_line' id='line_1_113' title="bbox 2210 5050 3785 5128; baseline 0 -21"><span class='ocrx_word' id='word_1_858' title='bbox 2210 5056 2346 5125; x_wconf 81' lang='grc' dir='ltr'>φίως</span> <span class='ocrx_word' id='word_1_859' title='bbox 2395 5054 2544 5126; x_wconf 83' lang='grc' dir='ltr'>αὐτῷ</span> <span class='ocrx_word' id='word_1_860' title='bbox 2603 5054 2678 5125; x_wconf 82' lang='grc' dir='ltr'>μὴ</span> <span class='ocrx_word' id='word_1_861' title='bbox 2729 5054 2838 5108; x_wconf 86' lang='grc' dir='ltr'>δεῖν</span> <span class='ocrx_word' id='word_1_862' title='bbox 2876 5054 3064 5122; x_wconf 79' lang='grc' dir='ltr'>ἄγονον</span> <span class='ocrx_word' id='word_1_863' title='bbox 3109 5050 3248 5109; x_wconf 77' lang='grc' dir='ltr'>εἶναι</span> <span class='ocrx_word' id='word_1_864' title='bbox 3291 5055 3514 5110; x_wconf 84' lang='grc' dir='ltr'>πώποτε</span> <span class='ocrx_word' id='word_1_865' title='bbox 3577 5057 3785 5128; x_wconf 76' lang='grc' dir='ltr'>φρονεῖν</span> 
     </span>
    </p>
   </div>
   <div class='ocr_carea' id='block_1_114' title="bbox 2208 5146 3785 5219">
    <p class='ocr_par' dir='ltr' id='par_1_114' title="bbox 2208 5146 3785 5219">
     <span class='ocr_line' id='line_1_114' title="bbox 2208 5146 3785 5219; baseline 0 -18"><span class='ocrx_word' id='word_1_866' title='bbox 2208 5148 2365 5201; x_wconf 80' lang='grc' dir='ltr'>τοῦτο</span> <span class='ocrx_word' id='word_1_867' title='bbox 2416 5148 2476 5201; x_wconf 73' lang='grc' dir='ltr'>τὸ</span> <span class='ocrx_word' id='word_1_868' title='bbox 2528 5147 2732 5216; x_wconf 83' lang='grc' dir='ltr'>ἀγαθὸν</span> <span class='ocrx_word' id='word_1_869' title='bbox 2788 5146 2945 5214; x_wconf 86' lang='grc' dir='ltr'>λόγου</span> <span class='ocrx_word' id='word_1_870' title='bbox 2988 5148 3082 5200; x_wconf 80' lang='grc' dir='ltr'>καὶ</span> <span class='ocrx_word' id='word_1_871' title='bbox 3137 5148 3351 5214; x_wconf 82' lang='grc' dir='ltr'>σοφίας,</span> <span class='ocrx_word' id='word_1_872' title='bbox 3391 5148 3425 5219; x_wconf 82' lang='grc' dir='ltr'><strong>ἢ</strong></span> <span class='ocrx_word' id='word_1_873' title='bbox 3469 5149 3785 5218; x_wconf 80' lang='grc' dir='ltr'>άγιαστικῆς</span> 
     </span>
    </p>
   </div>
   <div class='ocr_carea' id='block_1_115' title="bbox 2213 5239 3783 5310">
    <p class='ocr_par' dir='ltr' id='par_1_115' title="bbox 2213 5239 3783 5310">
     <span class='ocr_line' id='line_1_115' title="bbox 2213 5239 3783 5310; baseline 0.001 -18"><span class='ocrx_word' id='word_1_874' title='bbox 2213 5241 2514 5310; x_wconf 80' lang='grc' dir='ltr'>δυνάμεως,</span> <span class='ocrx_word' id='word_1_875' title='bbox 2554 5239 2854 5309; x_wconf 79' lang='grc' dir='ltr'>ὁμοουσίων</span> <span class='ocrx_word' id='word_1_876' title='bbox 2897 5255 2956 5291; x_wconf 86' lang='grc' dir='ltr'><strong>τε</strong></span> <span class='ocrx_word' id='word_1_877' title='bbox 2995 5240 3089 5293; x_wconf 77' lang='grc' dir='ltr'>καὶ</span> <span class='ocrx_word' id='word_1_878' title='bbox 3115 5239 3519 5306; x_wconf 81' lang='grc' dir='ltr'>ὲνυποστάτων,</span> <span class='ocrx_word' id='word_1_879' title='bbox 3577 5242 3685 5297; x_wconf 81' lang='grc' dir='ltr'>ἵνα,</span> <span class='ocrx_word' id='word_1_880' title='bbox 3713 5240 3783 5310; x_wconf 78' lang='grc' dir='ltr'>μὴ</span> 
     </span>
    </p>
   </div>
   <div class='ocr_carea' id='block_1_116' title="bbox 2218 5329 3784 5402">
    <p class='ocr_par' dir='ltr' id='par_1_116' title="bbox 2218 5329 3784 5402">
     <span class='ocr_line' id='line_1_116' title="bbox 2218 5329 3784 5402; baseline 0.001 -20"><span class='ocrx_word' id='word_1_881' title='bbox 2218 5331 2472 5383; x_wconf 76' lang='grc' dir='ltr'>σύνθετον</span> <span class='ocrx_word' id='word_1_882' title='bbox 2495 5332 2560 5384; x_wconf 64' lang='grc' dir='ltr'>ἐκ</span> <span class='ocrx_word' id='word_1_883' title='bbox 2585 5329 2792 5383; x_wconf 83' lang='grc' dir='ltr'>τούτων</span> <span class='ocrx_word' id='word_1_884' title='bbox 2816 5330 3100 5401; x_wconf 79' lang='grc' dir='ltr'>ὑποληφθῇ</span> <span class='ocrx_word' id='word_1_885' title='bbox 3131 5331 3191 5383; x_wconf 82' lang='grc' dir='ltr'>τὸ</span> <span class='ocrx_word' id='word_1_886' title='bbox 3221 5330 3379 5384; x_wconf 86' lang='grc' dir='ltr'><strong>Θείον</strong></span> <span class='ocrx_word' id='word_1_887' title='bbox 3409 5331 3484 5395; x_wconf 89' lang='grc' dir='ltr'>ὼς</span> <span class='ocrx_word' id='word_1_888' title='bbox 3516 5332 3784 5402; x_wconf 74' lang='grc' dir='ltr'>συμϐεϐη-</span> 
     </span>
    </p>
   </div>
   <div class='ocr_carea' id='block_1_117' title="bbox 2214 5421 3783 5495">
    <p class='ocr_par' dir='ltr' id='par_1_117' title="bbox 2214 5421 3783 5495">
     <span class='ocr_line' id='line_1_117' title="bbox 2214 5421 3783 5495; baseline -0.002 -19"><span class='ocrx_word' id='word_1_889' title='bbox 2214 5425 2406 5486; x_wconf 75' lang='grc' dir='ltr'>κότων,</span> <span class='ocrx_word' id='word_1_890' title='bbox 2436 5423 2523 5476; x_wconf 66' lang='grc' dir='ltr'><strong>καῖ</strong></span> <span class='ocrx_word' id='word_1_891' title='bbox 2553 5423 2672 5492; x_wconf 79' lang='grc' dir='ltr'>οὐχὶ</span> <span class='ocrx_word' id='word_1_892' title='bbox 2701 5421 2872 5476; x_wconf 82' lang='grc' dir='ltr'>ταῦτα</span> <span class='ocrx_word' id='word_1_893' title='bbox 2903 5422 3146 5492; x_wconf 83' lang='grc' dir='ltr'>ὑπάρχον</span> <span class='ocrx_word' id='word_1_894' title='bbox 3179 5424 3268 5477; x_wconf 77' lang='grc' dir='ltr'><strong>ἀεὶ</strong></span> <span class='ocrx_word' id='word_1_895' title='bbox 3302 5425 3586 5495; x_wconf 82' lang='grc' dir='ltr'>πιστευθῇ.</span> <span class='ocrx_word' id='word_1_896' title='bbox 3610 5425 3783 5495; x_wconf 59' lang='grc' dir='ltr'><strong>Κινείτ</strong></span> 
     </span>
    </p>
   </div>
   <div class='ocr_carea' id='block_1_118' title="bbox 2218 5513 3778 5586">
    <p class='ocr_par' dir='ltr' id='par_1_118' title="bbox 2218 5513 3778 5586">
     <span class='ocr_line' id='line_1_118' title="bbox 2218 5513 3778 5586; baseline -0.003 -19"><span class='ocrx_word' id='word_1_897' title='bbox 2218 5516 2341 5567; x_wconf 81' lang='grc' dir='ltr'>σθαι</span> <span class='ocrx_word' id='word_1_898' title='bbox 2381 5514 2474 5568; x_wconf 78' lang='grc' dir='ltr'>οὖν</span> <span class='ocrx_word' id='word_1_899' title='bbox 2506 5516 2538 5586; x_wconf 58' lang='grc' dir='ltr'><strong>ί,</strong></span> <span class='ocrx_word' id='word_1_900' title='bbox 2571 5514 2775 5583; x_wconf 87' lang='grc' dir='ltr'>Θεότης</span> <span class='ocrx_word' id='word_1_901' title='bbox 2829 5513 3042 5583; x_wconf 82' lang='grc' dir='ltr'>λέγεται</span> <span class='ocrx_word' id='word_1_902' title='bbox 3098 5515 3175 5578; x_wconf 84' lang='grc' dir='ltr'><strong>ὡς</strong></span> <span class='ocrx_word' id='word_1_903' title='bbox 3222 5516 3372 5569; x_wconf 72' lang='grc' dir='ltr'>αἰτία</span> <span class='ocrx_word' id='word_1_904' title='bbox 3425 5518 3524 5586; x_wconf 85' lang='grc' dir='ltr'>τῆς</span> <span class='ocrx_word' id='word_1_905' title='bbox 3556 5514 3676 5568; x_wconf 79' lang='grc' dir='ltr'>καθ’</span> <span class='ocrx_word' id='word_1_906' title='bbox 3724 5514 3778 5565; x_wconf 84' lang='grc' dir='ltr'><strong>δν</strong></span> 
     </span>
    </p>
   </div>
   <div class='ocr_carea' id='block_1_119' title="bbox 2211 5605 3773 5679">
    <p class='ocr_par' dir='ltr' id='par_1_119' title="bbox 2211 5605 3773 5679">
     <span class='ocr_line' id='line_1_119' title="bbox 2211 5605 3773 5679; baseline 0.001 -19"><span class='ocrx_word' id='word_1_907' title='bbox 2211 5608 2447 5675; x_wconf 79' lang='grc' dir='ltr'>ὑπάρχει</span> <span class='ocrx_word' id='word_1_908' title='bbox 2492 5606 2692 5677; x_wconf 86' lang='grc' dir='ltr'>τρόπον</span> <span class='ocrx_word' id='word_1_909' title='bbox 2731 5605 3048 5671; x_wconf 75' lang='grc' dir='ltr'>ἐξετάσεως.</span> <span class='ocrx_word' id='word_1_910' title='bbox 3098 5606 3264 5658; x_wconf 79' lang='grc' dir='ltr'>Ἀνευ</span> <span class='ocrx_word' id='word_1_911' title='bbox 3315 5608 3423 5679; x_wconf 85' lang='grc' dir='ltr'><strong>γὰρ</strong></span> <span class='ocrx_word' id='word_1_912' title='bbox 3472 5605 3773 5677; x_wconf 71' lang='grc' dir='ltr'>ὲλλάμψεως</span> 
     </span>
    </p>
   </div>
   <div class='ocr_carea' id='block_1_120' title="bbox 614 5691 3082 5771">
    <p class='ocr_par' dir='ltr' id='par_1_120' title="bbox 614 5691 3082 5771">
     <span class='ocr_line' id='line_1_120' title="bbox 614 5691 3082 5771; baseline 0.002 -25"><span class='ocrx_word' id='word_1_913' title='bbox 614 5691 660 5761; x_wconf 75' lang='grc'><strong>(1</strong></span> <span class='ocrx_word' id='word_1_914' title='bbox 680 5692 723 5761; x_wconf 86' lang='lat' dir='ltr'><strong>l)</strong></span> <span class='ocrx_word' id='word_1_915' title='bbox 754 5694 974 5765; x_wconf 68' lang='lat' dir='ltr'><strong>Dionys.</strong></span> <span class='ocrx_word' id='word_1_916' title='bbox 1003 5698 1267 5765; x_wconf 74' lang='lat' dir='ltr'><strong>Arcopag.</strong></span> <span class='ocrx_word' id='word_1_917' title='bbox 1298 5697 1374 5751; x_wconf 84' lang='lat' dir='ltr'><strong>De</strong></span> <span class='ocrx_word' id='word_1_918' title='bbox 1413 5698 1601 5754; x_wconf 70' lang='lat' dir='ltr'><strong>divinis</strong></span> <span class='ocrx_word' id='word_1_919' title='bbox 1632 5700 1944 5767; x_wconf 75' lang='lat' dir='ltr'><strong>nominibus,</strong></span> <span class='ocrx_word' id='word_1_920' title='bbox 1977 5716 2095 5771; x_wconf 85' lang='lat' dir='ltr'><strong>cap.</strong></span> <span class='ocrx_word' id='word_1_921' title='bbox 2132 5702 2185 5767; x_wconf 67' lang='grc' dir='ltr'><strong>ό,</strong></span> <span class='ocrx_word' id='word_1_922' title='bbox 2217 5717 2271 5770; x_wconf 89' lang='lat' dir='ltr'><strong>p.</strong></span> <span class='ocrx_word' id='word_1_923' title='bbox 2304 5699 2427 5765; x_wconf 76' lang='lat'><strong>365,</strong></span> <span class='ocrx_word' id='word_1_924' title='bbox 2457 5708 2591 5754; x_wconf 91' lang='lat' dir='ltr'><strong>tom.</strong></span> <span class='ocrx_word' id='word_1_925' title='bbox 2619 5696 2798 5768; x_wconf 84' lang='lat' dir='ltr'><strong>IOpp.</strong></span> <span class='ocrx_word' id='word_1_926' title='bbox 2828 5698 2913 5751; x_wconf 88' lang='lat' dir='ltr'><strong>ed.</strong></span> <span class='ocrx_word' id='word_1_927' title='bbox 2952 5698 3082 5751; x_wconf 83' lang='lat' dir='ltr'><strong>Ven.</strong></span> 
     </span>
    </p>
   </div>
  </div>
