4038 6146
274 398 391 469 12ὓ1

1523 379 2043 448 AMBIGUORUM
2082 348 2336 442 LIBER.

3371 368 3508 441 1262

271 510 564 570 δπιόἀλλειν
594 505 808 576 θεότητι
840 502 947 558 τίον
987 497 1286 572 ἀμηχάνων
1324 496 1462 551 ἔστί.
1509 495 1743 564 Λέγεται
1771 491 1828 546 δὲ
1858 491 1879 545 ,Α

1977 487 2070 542 Lice
2129 494 2184 540 ct
2225 482 2440 539 occulte
2477 479 2527 538 ci
2591 470 2934 551 persuadens
2981 477 3334 534 infecundum
3383 500 3514 542 con...

269 602 523 660 κινεῖσθαι
554 599 714 653 πάλιν
740 572 841 650 οιαὶ
871 594 962 649 διὰ
995 593 1096 663 τὴν
1124 588 1268 645 κατὰ
1305 588 1473 661 μέρος
1521 587 1654 657 φανέ
1666 601 1830 659 ρωσιν

1977 576 2173 633 endam
2211 589 2498 644 nunquam
2545 587 2668 628 esse
2727 573 2834 628 hoc
2885 572 3092 628 bonum
3135 575 3410 635 sermonis
3455 590 3513 633 et

271 696 354 751 τοῦ
382 693 508 766 napi.
539 690 712 762 αὐτῆς
741 687 1072 758 τελειοτέρου
1115 683 1280 752 λόγου
1323 680 1470 735 κατὰ
1525 681 1624 751 τὴν
1671 677 1832 748 ἁγίαν

271 785 499 858 Γραφὴνς
537 781 646 852 Qui)
681 780 776 834 τοῦ
809 777 1028 847 Πατέρα
1057 772 1337 846 ὁμολογεῖν
1373 770 1699 842 ἀρχομένου,
1739 771 1834 825 καὶ

272 882 342 943 είς
378 879 439 932 τὸ
481 876 608 930 Υίὸν
641 871 1024 945 συνομολογεῖν
1064 863 1240 938 Πατρὶ
1285 865 1691 936 προϐαίνοντος,
1741 863 1834 916 καὶ

273 969 438 1041 Πατρὶ
489 969 584 1022 καὶ
639 963 756 1035 Υἱῷ
812 957 1332 1032 συμπαραδέχεσθαι
1373 956 1434 1010 τὺ
1493 954 1718 1026 Πνεῦμα
1775 955 1838 1008 τὸ

277 1063 440 1132 ἅγιον,
471 1059 564 1112 καὶ
619 1053 1056 1126 συμπροσκυνεῖν
1100 1049 1306 1122 (204
1333 1048 1394 1119 b)
1432 1048 1561 1112 τοὺς
1588 1047 1838 1100 διδασκο-

278 1148 462 1220 μένους
515 1147 801 1215 ἐνάγοντος
851 1142 1056 1214 Τριάδα
1107 1141 1320 1194 τελείαν
1385 1139 1576 1209 μονάδι
1639 1137 1838 1208 τελείᾳ,

275 1239 431 1310 ἢγουν
482 1237 612 1308 μίαν
655 1231 846 1290 οὐσίαν
895 1233 992 1289 καὶ
1045 1233 1276 1304 θεότητα
1333 1233 1425 1286 καὶ
1473 1230 1702 1300 δύναμιν
1751 1231 1846 1282 καὶ

275 1329 545 1399 ἐνέργειαν
585 1329 643 1380 ἐν
673 1329 852 1400 τρισὶν
889 1325 1273 1380 ὑποστάσεσιν.

1941 667 2249 738 sapientiae,
2287 667 2404 722 sive
2427 664 2726 737 potestatis
2747 663 3212 732 sanctificatoriaa,
3256 681 3513 722 coessen-

1939 760 2155 815 tialium
2187 767 2246 815 et
2306 758 2727 814 subsistentiam
2788 757 3141 824 habentium,
3201 775 3272 813 ne
3319 774 3388 814 ex
3429 759 3516 816 his

1943 859 2202 922 tanquam
2225 849 2934 922 congressis‘compositum
2971 843 3093 906 esse
3120 849 3371 906 divinum
3397 851 3514 906 Nu-

1944 957 2072 998 men
2095 953 2348 1014 putetur,
2382 951 2440 998 et
2484 959 2595 998 non
2643 959 2866 1014 semper
2894 943 3012 998 haec
3047 958 3170 998 esse
3227 943 3508 998 credatur.

1945 1034 2152 1090 Moveri
2185 1035 2351 1107 igitur
2385 1035 2532 1091 Deus
2563 1035 2771 1090 dicitur
2800 1041 2864 1090 ut
2891 1051 3058 1091 causa
3101 1036 3426 1105 quaestionis
3451 1036 3519 1090 de

1948 1126 2113 1180 modo
2149 1143 2258 1198 quo
2286 1127 2403 1197 ipse
2432 1127 2682 1183 exsistat.
2708 1127 2924 1183 Etenim
2953 1129 3072 1183 sine
3110 1129 3522 1184 illuminatione

1953 1218 2177 1289 aggredi
2213 1217 2476 1274 deitatem
2508 1235 2793 1289 nunquam
2819 1219 3050 1289 poteris.
3079 1221 3292 1276 Rursus
3338 1229 3522 1275 autem

1955 1310 2167 1364 moveri
2205 1308 2410 1364 dicitur
2433 1309 2598 1364 etiam
2633 1317 2863 1379 propter
2904 1309 3348 1366 vicissitudinem
3411 1326 3530 1364 ma-

275 1423 640 1482 nifestationis
667 1421 1022 1494 perfectioris
1065 1421 1213 1476 circa
1251 1421 1434 1490 ipsum
1494 1418 1730 1476 rationis
1771 1435 1870 1492 per
1933 1436 2146 1479 sacram
2185 1421 2550 1492 Seripturam,
2582 1437 2706 1492 quae
2747 1421 3129 1499 initium‘facit
3152 1423 3372 1476 Patrem
3405 1437 3536 1492 pro-

277 1520 494 1585 titendo,
520 1527 577 1574 et
623 1516 874 1588 procedit
913 1516 970 1570 in
1004 1514 1375 1585 profitendum
1418 1531 1526 1570 una
1581 1530 1708 1572 cum
1746 1516 1904 1578 Patre
1955 1518 2178 1584 Filium,
2243 1527 2301 1572 et
2333 1517 2400 1572 ad
2457 1517 2836 1588 recipiendum
2879 1532 2989 1572 una
3015 1532 3141 1572 cum
3175 1519 3337 1574 Patre
3395 1519 3534 1574 Filio

279 1615 534 1686 Spiritum
580 1620 851 1677 sanctum,
905 1617 960 1665 et
994 1610 1064 1665 ad
1095 1609 1425 1665 Trinitatem
1479 1609 1778 1681 perfectam
1806 1611 2052 1682 perfecta
2080 1614 2314 1678 unitate,
2344 1613 2452 1669 hoc
2511 1621 2598 1668 est
2653 1629 2818 1668 unam
2845 1614 3143 1668 essentiam
3175 1624 3234 1668 et
3265 1614 3528 1668 deitatem

279 1716 330 1763 et
360 1711 685 1777 potestatem
729 1711 785 1760 et
821 1703 1096 1759 actionem
1125 1702 1182 1756 in
1224 1701 1405 1756 tribus
1457 1701 1784 1758 substantiis
1831 1705 2168 1775 conjunctim
2191 1715 2250 1760 et
2283 1720 2390 1760 una
2426 1705 2768 1761 venerandas
2819 1705 3045 1760 instruit
3089 1714 3253 1776 atque
3288 1705 3514 1761 deducit

291 1878 390 1939 Ἐκ
414 1881 519 1938 τοῦ
541 1879 730 1936 αὐτοῦ
755 1882 966 1952 λόγου,
987 1881 1076 1948 είς
1094 1877 1183 1934 τό’
1211 1899 1230 1932 ι
1254 1877 1408 1935 Ἀλλ’
1427 1879 1657 1950 ἕτερον.
1677 1873 1857 1954 οἴμαι,

1977 1875 2049 1942 Ex
2069 1889 2249 1952 eodem
2271 1903 2536 1953 sermone,
2567 1888 2623 1941 in
2655 1885 2824 1940 illud:
2859 1902 2878 1937 ‹
2909 1883 3102 1940 Verum
3141 1883 3308 1949 aliud,
3345 1887 3540 1956 aifat-

346 1974 536 2029 θέλων
598 1972 698 2027 καί
741 1970 992 2042 θέλησις
1014 2012 1030 2038 ,
1097 1969 1328 2042 ’γεννῶν
1373 1971 1471 2026 καὶ
1538 1974 1852 2044 γέννησις,

347 2064 542 2136 λέγων·
573 2063 673 2118 καί
721 2066 923 2132 λόγος,
973 2065 1027 2118 ei
1057 2062 1146 2132 μὴ
1173 2065 1475 2133 paeneper
1497 2079 1510 2092 -
1567 2063 1640 2117 τὰ
1669 2065 1787 2135 μέν
1825 2070 1860 2122 δ

349 2157 734 2227 κινούμενος,
787 2159 860 2210 τὰ
902 2155 972 2209 δὲ
1015 2149 1147 2210 οἷον
1189 2156 1228 2224 ἠ
1287 2155 1546 2232 κίνησις.
1605 2138 1860 2214 Ὀὔκουν

349 2247 654 2316 θελήσεως
703 2247 771 2302 τὸ
800 2247 1069 2314 θεληθὲν,
1109 2243 1254 2302 οὐδὲ
1293 2246 1360 2300 τὸ
1399 2245 1699 2317 γεννηθὲν
1727 2266 1862 2320 γεν-

350 2334 588 2402 νήσεως
629 2333 816 2404 (οὐδέ
863 2333 972 2404 γὰρ
1009 2334 1217 2390 ἕπεται
1256 2335 1552 2406 πάντως),
1593 2339 1667 2393 οὐ
1700 2338 1767 2393 δὲ
1795 2340 1861 2396 τὸ

349 2420 658 2477 ἀκουσθέν
705 2421 1120 2492 ἐκφωνήσεως,
1175 2422 1339 2478 ἀλλὰ
1401 2424 1508 2478 τοῦ
1577 2425 1862 2494 θέλοντος

351 2513 449 2568 καί
485 2512 590 2566 τοῦ
617 2513 948 2583 γεννῶντος
982 2513 1082 2570 καί
1133 2513 1244 2569 τοῦ
1275 2515 1580 2585 λέγοντος.
1636 2519 1714 2573 Τὰ
1755 2519 1863 2575 τοῦ

355 2603 502 2660 Θεοῦ
547 2601 616 2657 δὲ
658 2603 757 2658 καὶ
806 2605 960 2674 ὑπὲρ
994 2605 1192 2660 πάντα
1231 2607 1439 2674 ταῦτα,
1485 2600 1534 2676 ᾧ
1577 2609 1864 2680 γέννησίς

352 2696 522 2751 ἐστιν
551 2695 697 2762 ἴσως
728 2694 768 2764 ’ἡ
801 2694 906 2750 τοῦ
941 2693 1161 2766 γεννᾶν
1197 2689 1446 2766 θέλησιξ
1491 2699 1626 2771 (12).
1660 2721 1678 2752 ι

357 2917 502 2989 Πρὸς
542 2919 666 2982 τοὺς
722 2907 1036 2990 δΑρειανοὺς
1081 2920 1260 2978 πάντα
1308 2921 1594 2986 κινοῦντας
1643 2922 1862 2991 τρόπον,

289 3010 424 3080 πρὸς
446 3009 506 3062 τὸ
529 3008 848 3063 εὐεπίὸατον
881 3010 1064 3075 αὐτοῖς
1095 3007 1237 3066 εῐναι
1257 3012 1353 3084 τὴν
1387 3013 1528 3068 κατὰ
1557 3013 1653 3066 τοῦ
1685 3013 1864 3068 Μονο-

288 3100 479 3168 γενοῦς
512 3099 884 3172 βλασφημίαν,
909 3101 1002 3154 καὶ
1028 3101 1288 3171 λέγοντας
1317 3103 1613 3176 θελήσεως,
1643 3105 1761 3159 ἀλλ’
1805 3107 1864 3160 οὐ

293 3190 504 3262 Πατρδς
533 3189 660 3244 Υίον
685 3186 827 3244 εἶναι
863 3190 955 3244 τὸν
983 3193 1243 3265 μονογενῆ
1295 3190 1443 3260 Υίδν,
1487 3193 1666 3249 ταῦτά
1705 3211 1868 3267 φησιν

289 3282 319 3335 ὁ
351 3282 510 3352 σοφὸς
533 3281 870 3346 διδάσκαλος,
899 3282 1210 3338 εὐδιάλυτον
1252 3281 1420 3340 οὖσαν
1441 3287 1656 3350 δεικνὺς
1685 3289 1870 3340 πᾶσαν

293 3371 471 3428 αὐτῶν
501 3372 752 3427 ἐντεῦθεν
780 3373 880 3445 τὴν
904 3375 1048 3429 κατὰ
1082 3376 1180 3446 τῆς
1219 3376 1480 3446 ἀληθείας
1507 3377 1778 3448 μηχανήν.
1810 3378 1873 3430 Εἰ

295 3463 406 3536 γὰρ
436 3465 538 3528 τὰς
555 3466 655 3534 τῆς
683 3465 860 3536 ψυχῆς
886 3465 1165 3537 δυνάμεις,
1194 3467 1260 3530 ἃς
1303 3467 1432 3531 ἴσως
1465 3468 1596 3538 φαίη
1621 3483 1705 3532 τις
1733 3463 1873 3522 εἶναι

297 3557 765 3628 συμπληρωτικὰς
811 3557 911 3628 τῆς
950 3557 1136 3622 οὐσίας
1178 3558 1369 3630 αὐτῆς,
1437 3559 1698 3615 δύνασθαι
1775 3561 1876 3632 μὲν

295 3646 504 3712 ταύτας
550 3651 795 3720 ἐνεργεῖν
843 3647 1074 3720 λέγομεν
1121 3651 1181 3703 ὲν
1225 3644 1532 3722 ⁴ᾖσύνεισιν
1559 3651 1740 3724 οὐσία,
1801 3653 1876 3724 μὴ

303 3739 486 3809 μέντοι
519 3731 619 3794 καῖ’
649 3741 917 3794 κινεῖσθαι
951 3740 1166 3804 πάντως
1195 3742 1316 3795 κατ*
1349 3741 1632 3814 ἐνέργειαν
1677 3744 1877 3797 ἀποτε-

299 3829 638 3900 λεσματικὴν
693 3830 871 3901 χωρὶς
915 3829 1014 3899 τῆς
1074 3829 1168 3884 τοῦ
1235 3829 1480 3896 θέλοντος
1550 3833 1880 3896 ἐπινεύσεως

301 3916 583 3972 δύνασθαι.
635 3919 702 3972 Ei
735 3918 792 3972 δὲ
833 3919 932 3974 καὶ
963 3917 1141 3991 δοθείη
1187 3919 1308 3974 καθ’
1354 3920 1612 3976 ὑπόθεσιν
1646 3921 1706 3974 τὸ
1752 3921 1882 3976 ἴδιον

305 4009 512 4064 ἐθέλειν
559 4010 728 4074 αὑτὰς
777 4012 1021 4083 ἐνεργεῖν
1067 4013 1132 4064 ὲκ
1167 4008 1268 4082 τῆς
1303 4013 1541 4084 φυσικῆς
1590 4015 1880 4084 κινήσεως,

304 4104 478 4174 χωρὶς
508 4105 608 4172 τῆς
639 4103 733 4156 τοῦ
761 4104 987 4168 ταύτας,
1029 4103 1096 4156 ἵν’
1131 4103 1306 4168 οὓτως
1335 4105 1498 4169 εἴπω,
1541 4107 1882 4176 κεκτημένου

305 4195 481 4266 ῥοπῆς
499 4194 667 4264 μηδὲν
685 4192 888 4264 ἰσχύειν
901 4195 1074 4260 αὐτὰς
1090 4194 1346 4261 καθάπαξ
1366 4195 1884 4267 ἀποτελεσματικῶς

302 4286 549 4356 ἐνεργεῖν
593 4284 697 4355 τῆς
728 4284 862 4347 ἰδίας
887 4285 1084 4357 ὁρμῆς.
1117 4287 1193 4340 Ού
1217 4285 1328 4358 γὰρ
1357 4286 1645 4341 ἀκολουθεῖ
1667 4287 1884 4354 πάντως

302 4379 374 4448 τῇ
408 4376 634 4449 δυνάμει
668 4377 728 4430 τὸ
770 4375 952 4448 ἔργον,
997 4377 1073 4448 μὴ
1123 4377 1320 4450 ἐχούσῃ
1353 4379 1453 4450 τὴν
1506 4378 1600 4432 τοῦ
1659 4373 1720 4434 οὗ
1767 4381 1886 4435 ἐστι

302 4467 534 4539 δύναμις
575 4465 769 4541 ῥοπὴν,
811 4469 1272 4542 συνεισφέρουσαν
1315 4471 1452 4544 αὐτῇ
1493 4471 1556 4524 τὸ
1583 4472 1706 4526 κατ’
1729 4473 1886 4560 ἐνέρ-

2031 1980 2136 2048 lor,
2157 1989 2233 2035 est
2269 1979 2468 2042 uolens,
2495 1979 2646 2034 aliud
2665 1977 2931 2045 uoluntas,
2961 1977 3112 2032 aliud
3133 1979 3372 2048 gignens,
3396 1979 3541 2032 aliud

2029 2075 2320 2145 generatio,
2353 2070 2510 2128 aliud
2555 2073 2644 2143 qui
2689 2071 2944 2142 loquitur,
2997 2069 3147 2124 aliud
3201 2086 3395 2133 sermo,
3438 2073 3540 2122 nisi

2033 2163 2168 2234 forte
2191 2163 2460 2218 temulenti
2485 2164 2686 2217 simus:
2713 2163 2904 2216 horum
2946 2162 3086 2214 enim
3111 2158 3342 2214 alterum
3393 2170 3465 2212 est
3499 2163 3542 2213 is

2031 2258 2124 2328 qui
2155 2264 2343 2320 mouet,
2381 2253 2610 2310 alterum
2652 2252 2794 2309 velut
2821 2263 2993 2306 motus
3011 2253 3142 2322 ipse.
3169 2251 3285 2307 Non
3307 2269 3428 2320 ergo
3457 2269 3557 2304 νοω

2035 2343 2258 2398 luntatis
2275 2351 2349 2398 est
2388 2343 2630 2408 oolitum,
2655 2359 2750 2397 nec
2768 2343 3124 2414 generationis
3153 2341 3291 2412 quod
3309 2343 3545 2410 genitum

2033 2441 2107 2488 est
2137 2435 2330 2506 {neque
2359 2435 2500 2488 enim
2545 2435 2640 2488 hoc
2678 2449 2896 2504 prorsus
2949 2431 3230 2504 sequitur),
3265 2446 3357 2486 nec
3402 2433 3548 2487 locu-

2035 2527 2190 2582 tionis
2227 2527 2366 2598 quod
2397 2527 2638 2581 auditum
2683 2534 2781 2592 est,
2810 2525 2902 2580 sed
2945 2524 3162 2580 uolentis
3187 2533 3235 2578 et
3285 2527 3546 2596 gignt’ntis

2035 2628 2084 2673 et
2109 2619 2388 2690 loquentis.
2419 2619 2487 2674 At
2515 2634 2635 2690 qute
2654 2619 2710 2673 in
2741 2617 2849 2672 Deo
2889 2617 3322 2682 considerantur,
3373 2635 3564 2689 suer

2036 2715 2146 2768 haec
2167 2729 2372 2784 quoque
2403 2714 2585 2766 omnia
2639 2719 2783 2776 sunt,
2816 2715 2998 2782 utpote
3019 2711 3102 2764 cui
3129 2713 3406 2782 generatio
3431 2712 3546 2781 {or-

2037 2813 2178 2860 tasse
2193 2807 2260 2860 ait
2290 2807 2408 2876 ipsa
2436 2804 2683 2876 gignendi
2702 2802 2968 2858 voluntas.
2990 2821 3008 2855 ι

2036 2917 2119 2974 Ad
2149 2917 2384 2974 Arianos
2429 2919 2616 2973 omnia
2658 2917 3078 2988 perturbantes,
3112 2933 3224 2988 quo
3285 2918 3550 2988 Unigcni—

1968 3019 2087 3063 tum
2131 3007 2553 3079 blasphemandi
2603 3007 3084 3078 opportunitatem
3111 3007 3216 3062 sibi
3264 3007 3545 3071 facerent,

1969 3109 2134 3172 atque
2181 3099 2382 3154 Filium
2441 3099 2775 3164 voluntatis,
2817 3113 2930 3153 non
2971 3107 3157 3154 autem
3210 3099 3390 3154 Patris
3426 3116 3549 3155 esse

1895 3223 1938 3282 ο
1970 3193 2320 3264 unigenitum
2345 3190 2547 3248 Filium
2579 3199 2914 3256 statuentes,
2947 3191 3066 3246 ι]ωο
3099 3191 3323 3261 sapiens
3354 3191 3553 3246 doctor

1971 3282 2130 3349 dicit,
2167 3282 2328 3336 facile
2358 3295 2481 3335 esse
2515 3280 2912 3336 demonstrans
2958 3280 3088 3334 inde
3138 3280 3208 3334 ad
3241 3280 3551 3336 dissolven-

1971 3374 2105 3430 dum
2135 3387 2298 3428 omne
2342 3371 2645 3440 artificium
2699 3379 2894 3426 contra
2929 3371 3222 3426 veritatem
3255 3374 3552 3428 structum.

1972 3467 2108 3522 Nam
2155 3466 2202 3522 si
2229 3466 2429 3522 anima:
2461 3465 2776 3530 facultates,
2807 3479 2946 3534 quas
2973 3464 3180 3534 aliquis
3230 3463 3438 3519 dixerit
3463 3482 3554 3520 es-

1974 3559 2168 3614 sentiae
2192 3558 2359 3628 hujus
2383 3556 2778 3627 completorias
2803 3571 2949 3620 esse,
2992 3555 3093 3612 has
3111 3555 3340 3626 quidem
3380 3557 3556 3624 inqua

1977 3651 2142 3706 simul
2196 3650 2390 3704 insunt
2431 3647 2678 3704 essentia
2722 3663 2886 3719 agere
2929 3655 3256 3713 statuamus,
3309 3648 3452 3704 haud
3481 3658 3561 3704 ta-

1979 3755 2106 3796 men
2132 3739 2265 3794 item
2287 3737 2498 3794 moveri
2528 3753 2629 3808 per
2672 3738 2951 3793 actionem
2983 3737 3248 3792 eﬂ‘ectum
3293 3747 3559 3808 pmstan-

1981 3841 2091 3888 tem
2121 3831 2228 3886 nisi
2261 3847 2360 3902 per
2379 3831 2624 3885 volentis
2651 3838 2851 3884 nutum
2882 3845 3069 3900 posse.
3095 3829 3152 3884 Si
3180 3838 3366 3885 autem
3391 3833 3558 3885 etiam

1981 3924 2212 3980 daretur
2271 3924 2374 3978 sub
2434 3921 2758 3978 conditione
2817 3920 3096 3992 privatum
3159 3929 3216 3975 et
3269 3922 3558 3991 proprium

1981 4017 2126 4072 velle
2163 4031 2260 4072 eas
2310 4031 2476 4086 agere
2535 4014 2870 4074 exnaturali
2927 4019 3106 4077 motu,
3144 4021 3327 4068 tamen
3361 4025 3562 4082 praeter

1981 4109 2105 4180 ejus
2131 4107 2229 4177 qui
2280 4121 2377 4164 eas
2410 4105 2683 4177 possidet,
2740 4112 2804 4160 ut
2835 4104 2911 4160 ita
2951 4103 3168 4170 dicam,
3225 4103 3562 4158 libramento

1984 4198 2124 4254 nihil
2148 4213 2244 4254 eas
2277 4199 2355 4253 ita
2392 4206 2456 4252 ut
2489 4196 2794 4268 perfectam
2836 4195 3230 4250 administrent
3262 4194 3562 4250 efficaciam

1984 4289 2196 4360 proprii
2237 4289 2481 4359 impetus
2515 4299 2700 4358 posse.
2731 4287 2920 4358 Neque
2947 4285 3097 4340 enim
3133 4285 3364 4340 omnino
3396 4287 3569 4339 facul—

1987 4389 2156 4436 tatem
2209 4381 2469 4450 sequitur
2499 4395 2664 4452 opus,
2717 4395 2840 4450 quae
2864 4379 2986 4450 ejus
3039 4378 3198 4450 cujus
3223 4387 3308 4432 est
3337 4378 3570 4432 facultas

1987 4471 2322 4527 libramento
2359 4479 2535 4537 caret,
2569 4469 2719 4541 quod
2753 4469 2992 4525 activam
3024 4469 3078 4523 in
3129 4469 3278 4524 facto
3305 4483 3570 4523 consum-

303 4575 466 4628 γειαν
489 4562 550 4614 ὲν
576 4561 863 4632 πράγματι
901 4562 1074 4628 τέλος,
1115 4563 1238 4617 καθ’
1270 4565 1470 4636 ἑαυτὴν
1509 4562 1642 4638 οὔσῃ
1681 4567 1879 4620 ἀνυπο-

1989 4563 2288 4619 mationem
2311 4564 2364 4619 ei
2400 4563 2614 4628 aﬁerat,
2638 4563 2770 4618 dum
2812 4563 2929 4631 ipsa
2953 4577 3053 4631 per
3081 4576 3140 4616 se
3171 4568 3255 4616 est
3284 4561 3404 4616 sine
3439 4561 3572 4615 sub-

306 4655 490 4725 στάτῳ
515 4655 534 4725 (
549 4652 710 4724 205
739 4672 772 4708 ιι
794 4659 831 4718 ).
865 4656 1061 4725 Μάτην
1100 4655 1198 4728 τὴν
1244 4655 1883 4732 θέλησιν¹προε6ἀλοντο,

308 4745 390 4816 μὴ
442 4745 608 4800 οὖσαν
653 4763 797 4810 τινος
840 4741 1286 4821 ἀποτελεστικὴν,
1351 4749 1522 4823 χωρὶς
1567 4750 1662 4805 τοῦ
1719 4751 1888 4824 αὐτὴν

231 4825 246 4836 ’
304 4835 526 4906 ἔχοντός
552 4853 614 4891 τε
652 4838 748 4891 καὶ
777 4839 1044 4903 θέλοντος.
1073 4841 1182 4894 Καὶ
1215 4841 1372 4895 τοῦτό
1403 4843 1553 4896 ἐστιν
1585 4844 1614 4898 ὃ
1656 4852 1822 4913 φησιν
1859 4845 1889 4896 ὁ

303 4927 646 4990 διδάσκαλος.
696 4929 830 4982 Οὐδὲ
878 4930 988 5002 γὰρ
1037 4931 1228 4986 ἕπεται
1285 4934 1498 4998 πάντως
1544 4932 1785 5004 δηλονότι
1819 4937 1884 5006 τῇ

307 5015 532 5088 θελήσει
563 5017 627 5071 τὸ
655 5017 900 5090 θεληθὲν,
947 5021 1043 5074 καὶ
1087 5024 1206 5086 ταῖς
1242 5023 1454 5088 λοιπαῖς
1501 5023 1766 5090 ὡσαύτως
1819 5028 1888 5081 τὰ

307 5108 497 5175 λοιπὰ,
532 5113 700 5181 χωρὶς
727 5113 826 5183 τῆς
851 5111 945 5166 τοῦ
979 5113 1205 5177 ταύταις
1244 5115 1694 5187 ύποκειμένου¹ἑν
1723 5111 1768 5186 ᾧ
1797 5122 1892 5173 καὶ

216 5269 224 5286 Ι
310 5200 424 5251 εἰσὶ
459 5199 837 5270 συνεισφορᾶς.
861 5201 924 5253 Ei
951 5202 1132 5256 τοίνυν
1154 5204 1217 5257 ἐκ
1249 5202 1357 5256 τῶν
1387 5204 1510 5257 καθ’
1541 5205 1688 5274 ἡμᾶς
1718 5221 1895 5275 παρα-

309 5289 626 5360 δειγμάτων
661 5291 1026 5364 τεκμαίρεσθε
1064 5294 1132 5348 τὰ
1185 5291 1324 5360 θεῖα,
1378 5289 1424 5348 ὧ
1469 5289 1637 5359 οὗτοι,
1669 5297 1894 5361 δέξασθε

309 5382 438 5446 ταῖς
487 5379 641 5451 ὑμῶν
681 5381 813 5451 γοῦν
856 5381 1040 5438 αὐτῶν
1084 5385 1423 5456 ποιχοῦντες
1465 5386 1754 5440 ὑποθέσεσι
1787 5387 1896 5442 τῶν

314 5469 438 5544 ἅμα
467 5473 684 5536 πάντως
718 5467 856 5528 εἶναι
895 5473 965 5528 τὰ
992 5477 1135 5529 κατὰ
1161 5475 1260 5548 τὴν
1295 5477 1468 5548 μέσην
1505 5478 1688 5548 σχέσιν
1732 5479 1900 5550 ἀλλή-

311 5565 438 5628 λοις
469 5563 717 5628 συνόντα,
749 5564 892 5634 λέγω
931 5564 995 5636 δὴ
1040 5566 1130 5619 τὸν
1181 5565 1400 5620 θέλοντα
1425 5567 1522 5622 καὶ
1554 5570 1616 5622 τὸ
1651 5569 1896 5638 θελῃθὲν,

316 5655 416 5710 τὸν
461 5655 736 5726 γεννῶντα
787 5657 878 5711 καὶ
923 5657 982 5710 τὸ
1009 5657 1289 5727 γεννηθὲν,
1346 5659 1486 5712 κατὰ
1538 5657 1638 5730 τὴν
1689 5661 1896 5732 σχέσιν,

1987 4655 2211 4711 stantia.
2233 4655 2461 4710 Frustra
2481 4657 2823 4710 voluntatem
2849 4659 3278 4724 proposuerunt,
3320 4667 3443 4722 quae
3486 4652 3571 4706 ni-

1989 4746 2069 4800 hil
2112 4747 2329 4817 perﬂcit
2367 4755 2570 4817 praeter
2613 4761 2742 4803 eum
2774 4746 2868 4816 qui
2913 4745 3088 4815 ipsam
3121 4745 3291 4800 habet
3337 4754 3394 4800 et
3426 4745 3566 4800 vult.

1990 4841 2171 4910 Atque
2193 4839 2300 4894 hoc
2357 4847 2443 4895 est
2483 4839 2632 4910 quod
2685 4839 2824 4894 dicit
2871 4839 3154 4909 magister.
3208 4837 3566 4908 Nequaquam

1985 4931 2157 4997 enim,
2201 4939 2265 4986 ut
2317 4939 2568 5001 apparet,
2599 4932 2943 4987 voluntatem
2992 4929 3248 5000 sequitur
3303 4929 3561 4995 volitum,

1991 5037 2095 5077 nec
2108 5023 2281 5092 magis
2307 5021 2554 5091 reliquas
2577 5022 2815 5092 reliqua,
2840 5021 2960 5076 sine
2983 5022 3104 5092 ejus
3133 5019 3283 5090 quod
3314 5020 3402 5074 his
3430 5021 3566 5076 sub-

1989 5115 2157 5186 jacet,
2199 5115 2254 5168 in
2283 5129 2395 5184 quo
2417 5121 2474 5168 et
2504 5113 2717 5179 insunt,
2741 5115 3060 5170 collatione.
3093 5113 3252 5180 Quod
3286 5113 3333 5168 si
3371 5113 3438 5168 de
3469 5114 3558 5167 lm-

1994 5205 2174 5259 manis
2203 5205 2437 5270 nostris,
2489 5219 2522 5259 ο
2551 5205 2666 5270 isti,
2710 5205 2977 5275 exemplis
3023 5204 3213 5260 divina
3259 5207 3571 5269 restituatis,

1994 5296 2197 5350 vestris
2235 5297 2431 5351 saltem
2493 5297 2630 5366 ipsis
2679 5297 3099 5353 conditionibus
3129 5297 3297 5354 innisi
3345 5314 3572 5355 necesse

1995 5402 2118 5443 esse
2139 5388 2427 5444 concedite
2465 5397 2526 5443 ut
2549 5404 2673 5459 quae
2699 5389 3007 5445 secundum
3039 5390 3283 5445 medium
3311 5390 3570 5447 ati‘ectum

1995 5479 2112 5534 sive
2165 5479 2487 5534 relationem
2543 5496 2664 5537 sese
2719 5482 3058 5537 comitantur
3111 5482 3276 5537 simul
3313 5483 3444 5549 sint,
3472 5500 3570 5538 vo-

1995 5570 2222 5636 lentant,
2253 5573 2500 5642 inquam,
2527 5585 2584 5630 et
2616 5575 2872 5641 volitum,
2911 5583 3270 5646 generantcm
3308 5583 3362 5629 et
3399 5589 3571 5643 gene-

1997 5672 2201 5729 ratum,
2235 5680 2357 5736 quae
2395 5667 2702 5723 secundum
2755 5669 3016 5724 affectum
3049 5667 3164 5724 sive
3227 5667 3559 5723 relationem

401 5791 508 5865 (l2)
545 5793 694 5848 Idem
724 5793 848 5848 ibid.
881 5809 999 5864 cap.
1031 5793 1083 5860 6,
1121 5810 1174 5864 p.
1205 5793 1327 5861 527,
1363 5805 1492 5850 tam.
1520 5795 1540 5850 ι
1573 5794 1712 5866 Opp.
1742 5797 1832 5852 ed.
1871 5797 2074 5856 Bcned.
