4038 6146
509 294 690 358 ’1263

1713 295 1775 355 S.
1808 292 2100 355 ΜΑΧῙΜΙ
2138 292 2648 355 CONFESSORIS

3700 318 3709 325 -
3742 285 3872 349 12M

550 408 607 463 id
626 417 714 463 est
741 408 1082 463 voluntatem
1116 413 1173 463 et
1192 409 1632 478 generationem,
1662 425 1721 465 se
1751 411 1987 466 invicem
2023 425 2120 465 co-

2236 412 2369 481 ρημὶ
2420 412 2475 465 δὲ
2509 411 2604 480 τὴν
2650 410 2874 480 θέλησιν
2903 410 2997 463 καὶ
3056 410 3155 482 τὴν
3213 410 3529 479 γέννησιν,
3602 404 3872 475 ἀλλήλοις

549 501 837 554 mitantur.
867 498 1345 565 Quemadmodum
1381 503 1530 556 enim
1567 511 1723 557 extra
1759 502 2040 558 videntem
2065 510 2123 556 et

544 593 729 646 visum
760 605 871 644 non
914 599 1001 645 est
1059 591 1233 657 visus,
1266 608 1450 663 neque
1482 593 1747 664 cogitatio
1790 602 1945 648 extra
1968 593 2120 664 cogi-

547 691 758 738 tantem
794 693 851 738 et
880 684 1204 754 cogitatum,
1230 685 1304 739 ita
1354 700 1459 740 nec
1492 693 1646 739 extra
1676 693 2028 756 generantem
2068 692 2125 738 et

548 782 872 843 generatum
902 774 1210 844 generatio,
1242 790 1347 829 nec
1370 784 1527 830 extra
1574 776 1853 831 volentem
1883 783 1939 830 et
1983 776 2123 830 voli-

550 874 666 916 tum
686 863 1133 932 voluntas,quia,
1169 872 1230 918 ut
1274 863 1715 918 demonstratum
1740 871 1844 931 est,
1888 880 1991 919 nec
2023 879 2121 918 vo-

549 955 710 1008 litum
745 954 998 1022 sequitur
1050 954 1393 1009 voluntatem
1427 955 1547 1009 sine
1581 956 1702 1025 ejus
1730 955 1823 1025 qui
1855 957 1974 1009 vult
2012 954 2125 1009 col-

514 1056 515 1061 ‘
546 1047 778 1101 latione.
814 1044 972 1110 Quod
1002 1043 1048 1098 si
1084 1044 1252 1098 simul
1297 1053 1427 1099 sunt
1484 1046 1602 1100 haec
1647 1044 1954 1100 secundum
1988 1043 2124 1098 οπο-

546 1149 721 1203 ctum,
748 1136 1051 1192 immobilis
1075 1137 1223 1192 enim
1275 1138 1567 1193 amborum
1609 1138 1862 1203 allectus,
1889 1167 1960 1177 ——-
1988 1152 2123 1191 con-

546 1230 895 1301 temporahat
929 1243 1060 1300 ergo
1082 1230 1371 1300 generanti
1402 1230 1576 1293 Patri,
1608 1228 1758 1283 Patri
1779 1228 1873 1299 qui
1906 1243 2125 1297 semper

544 1332 686 1389 erat,
722 1339 825 1393 per
847 1323 1260 1393 generationem
1280 1322 1454 1376 etiam
1479 1321 1784 1376 secundum
1828 1335 1924 1374 vos
1957 1335 2125 1390 gene-
2152 1375 2157 1382 _

550 1424 705 1470 ratus
775 1414 969 1478 Filius,
1025 1429 1152 1468 cum
1205 1414 1351 1467 inter
1405 1413 1762 1482 semetipsum
1808 1421 1865 1466 et
1908 1412 2125 1467 Patrem

546 1507 897 1571 generantem
969 1499 1124 1553 nullo
1189 1499 1353 1554 modo
1439 1499 1696 1553 admittat
1772 1499 2123 1555 intervallum

546 1589 1364 1661 temporis,nequeestamplius
1407 1590 1706 1644 voluntatis
1733 1589 1903 1645 Filius
1924 1590 2119 1655 Filius,

546 1680 643 1735 sed
678 1679 857 1734 Patris
907 1678 1245 1748 generantis.
1282 1678 1464 1748 Atque
1505 1678 1642 1743 haec,
1677 1679 1879 1748 inquit,
1911 1695 1979 1734 ex
2020 1679 2124 1733 hu-

2226 504 2473 557 συνόν.α.
2547 505 2633 568 Ὠς
2679 504 2788 575 γὰρ
2816 501 2913 557 τοῦ
2944 502 3179 579 optimo;
3231 504 3335 556 καὶ
3390 499 3505 553 τοῦ
3569 497 3877 568 ὁρωμένου

2224 596 2393 667 χωρὶς
2419 595 2520 648 οὐκ
2548 594 2695 648 ἔστιν
2746 596 2959 662 ὅρασις,
2991 594 3112 648 οὔτε
3155 594 3252 647 τοῦ
3292 593 3581 654 νοοῦντος
3626 589 3733 643 καὶ
3776 586 3870 641 τοῦ

2224 685 2514 756 νοουμένου
2545 685 2750 757 νόησις,
2782 685 2955 749 οὕτως
2983 685 3104 739 οὐδὲ
3131 686 3227 739 τοῦ
3260 684 3598 753 γεννῶντος
3632 682 3741 735 καὶ
3773 680 3870 735 τοῦ

2223 775 2563 847 γεννωμένου
2609 776 2882 846 γέννησις,
2939 776 3061 829 οὐδὲ
3114 776 3211 829 τοῦ
3270 775 3543 839 θέλοντος
3600 774 3710 827 καὶ
3773 772 3867 825 τοῦ

2227 867 2524 938 θελομένου
2560 867 2799 938 θέλησις,
2830 869 2912 921 ὅτι
2950 869 3083 938 μηδὲ
3111 868 3309 920 ἕπεται
3342 868 3585 937 θελήσει
3611 866 3680 920 τὸ
3712 865 3869 935 θελη-

2225 957 2317 1011 θὲν
2341 997 2355 1018 ,
2397 957 2474 1020 ὡς
2501 957 2736 1028 ἐδείχθη,
2768 959 3070 1035 χωρὶςητῆς
3113 959 3209 1012 τοῦ
3248 958 3516 1021 Θέλοντος
3555 975 3865 1026 συνεισφο-

2229 1050 2347 1118 ρᾶς.
2383 1049 2444 1100 Εἰ
2482 1049 2538 1101 δὲ
2581 1048 2691 1102 τῶν
2723 1049 2839 1119 ἅμα
2865 1048 3042 1101 ταῦτά
3086 1049 3205 1100 ἐστι
3261 1050 3409 1102 κατὰ
3458 1047 3573 1116 τὴν
3637 1049 3857 1117 σχέσιν,

2226 1139 2481 1210 ἀκίνητος
2503 1139 2670 1211 γὰρή
2708 1138 2795 1192 ἐπ’
2822 1140 3028 1209 ἀμφοῖν
3077 1140 3282 1209 σχέσις,
3333 1140 3459 1211 ἅμα
3501 1136 3579 1212 ἦν
3618 1142 3737 1210 ἄρα
3780 1138 3861 1208 τῷ

2226 1228 2489 1297 γεννῶντι
2524 1230 2716 1300 [la-cpi,
2748 1229 2834 1282 ἀεὶ
2858 1228 2975 1303 ὄντι
3006 1230 3202 1299 Πατρὶ,
3231 1228 3322 1282 διὰ
3357 1231 3725 1298 γεννήσεως,
3759 1228 3856 1281 καὶ

2227 1319 2352 1373 καθ’
2396 1320 2541 1390 ὑμᾶς
2593 1321 2621 1373 ὁ
2659 1317 3001 1389 γεννώμενος
3030 1317 3176 1379 Υἱὸς,
3238 1316 3315 1387 μὴ
3367 1317 3858 1386 παραδεχόμενος

2226 1407 2349 1461 καθ’
2387 1409 2699 1478 οἱονδήποτε
2728 1406 2930 1477 τρόπον
2981 1405 3184 1476 μεταξὺ
3219 1405 3388 1460 αὑτοῦ
3430 1406 3533 1459 καὶ
3568 1404 3679 1457 τοῦ
3718 1422 3852 1473 γεν-

2227 1501 2428 1564 νῶντος
2475 1501 2691 1571 Πατρὸς
2750 1500 3107 1571 παρενθήκην
3154 1499 3371 1570 χρόνου,
3421 1498 3524 1551 καὶ
3595 1499 3709 1551 οὐκ
3770 1499 3851 1551 ἔτι

2222 1590 2501 1661 θελήσεώς
2547 1593 2695 1644 ἐστιν
2729 1590 2858 1653 Υίὸς
2905 1592 2933 1644 ό
2971 1590 3118 1654 Υίὺς,
3177 1589 3312 1643 ἀλλὰ
3351 1589 3451 1642 τοῦ
3519 1590 3852 1657 γεννῶντος

2227 1683 2465 1752 Πατρός.
2495 1682 2607 1734 Καὶ
2636 1680 2833 1746 ταῦτα,
2867 1682 3054 1752 φησὶν,
3076 1682 3140 1733 ὲκ
3164 1680 3275 1734 τῶν
3301 1680 3424 1733 καθ’
3458 1682 3624 1751 ἡμᾶς
3665 1698 3849 1752 παραυ

546 1771 722 1824 manis
763 1770 970 1823 nostris
995 1768 1144 1823 dicta
1175 1769 1286 1824 sint
1334 1771 1642 1841 exemplis;
1676 1780 1732 1826 at
1771 1787 1894 1842 quae
1931 1772 1988 1827 in
2013 1773 2127 1828 Deo

2236 1748 2543 1844 Betyjtdtwv
2577 1771 2837 1844 εἰρήσθω,
2960 1772 3017 1825 δὲ
3049 1771 3143 1826 τοῦ
3170 1769 3305 1824 Θεοῦ
3335 1772 3427 1825 καὶ
3460 1748 3617 1841 θσιὲρ
3656 1748 3845 1826 πάντα

544 1861 993 1924 considerantur,
1034 1875 1204 1931 supra
1227 1861 1344 1916 hzec
1370 1876 1593 1932 quoque
1638 1862 1822 1917 omnia
1850 1872 2000 1926 sunt,
2033 1864 2123 1918 cui

546 1952 828 2023 generatio
853 1951 1089 2021 fortasse
1125 1960 1211 2007 est
1226 1952 1486 2022 gignendi
1508 1954 1786 2009 voluntas.
1819 1955 2125 2010 lnduhium

543 2042 677 2099 vero
722 2042 1040 2099 idaddusit
1075 2058 1171 2113 per
1200 2063 1221 2094 ‹
1266 2043 1498 2101 fortasse
1534 2065 1552 2097 ι
1603 2046 1950 2111 adverbium,
1999 2063 2147 2121 pro;

543 2142 735 2204 pterea
755 2134 909 2203 quod
934 2133 1058 2187 Filii
1088 2148 1158 2188 ex
1197 2134 1361 2189 Patre
1408 2137 1696 2207 generatio
1729 2137 1899 2191 etiam
1932 2138 2145 2193 volun-.

544 2234 714 2281 tatem
749 2222 994 2295 superat.
1025 2224 1217 2295 Neque
1243 2225 1396 2281 enim
1444 2235 1735 2296 separatur
1784 2229 2068 2282 voluntate
2095 2243 2126 2282 a

543 2320 708 2374 Patre
758 2317 953 2383 Filius,
1013 2332 1197 2387 neque
1248 2317 1363 2372 ullo
1412 2318 1578 2374 modo
1628 2319 1817 2375 Patris
1869 2321 2127 2375 voluntas

545 2408 922 2480 cogitantibus
945 2407 1108 2462 nobis
1151 2407 1416 2477 anticipat
1446 2408 1672 2474 Filium,
1710 2409 1840 2479 quia
1896 2425 1999 2465 nec
2026 2411 2127 2464 Pa—

548 2508 634 2555 ter
665 2496 1027 2554 antecedebat
1045 2496 1268 2561 Filium,
1293 2513 1405 2551 non
1431 2498 1781 2569 magisquam
1812 2499 2127 2554 intellectus

498 2614 501 2615 ν
547 2598 676 2645 ante
707 2604 1018 2645 sermonem
1054 2604 1124 2644 ex
1156 2588 1299 2658 ipso,
1320 2596 1419 2643 aut
1465 2590 1561 2644 lux
1581 2600 1708 2645 ante
1752 2590 2123 2661 splendorem.

543 2685 682 2739 Nam
706 2683 867 2739 simul
902 2682 1172 2736 habentes
1217 2681 1596 2736 exsistentiam
1652 2698 1819 2735 unam
1869 2683 2033 2737 Pater
2072 2691 2129 2736 et

547 2775 644 2845 qui
665 2791 733 2830 ex
761 2789 829 2828 eo
857 2768 977 2828 sine
1004 2772 1165 2828 initio
1193 2779 1488 2842 generatus
1510 2779 1594 2826 est
1620 2772 1815 2838 Filius,
1846 2780 1903 2827 et
1934 2773 2129 2826 volun-

548 2872 718 2919 tatem
777 2863 986 2918 habent
1032 2862 1341 2931 simplicem
1402 2869 1566 2931 atque
1627 2862 2004 2931 individuam,
2066 2871 2127 2919 ut

548 2956 717 3029 etiam
742 2954 1041 3010 essentiam
1067 2968 1234 3010 unam
1264 2960 1322 3010 et
1355 2961 1631 3009 naturam.

2230 1866 2426 1932 ταῦτα,
2460 1860 2505 1934 ᾧ
2533 1865 2788 1937 γέννησις
2823 1864 2952 1927 ἴσως
2986 1864 3136 1918 ἐστὶν
3164 1866 3198 1936 ή
3228 1863 3322 1917 τοῦ
3347 1866 3547 1935 γεννᾷν
3579 1864 3836 1935 θέλησις.

2240 1962 2569 2033 ⁹Αμφέόαλε
2598 1962 2655 2014 δὲ
2689 1961 2849 2014 τοῦτο
2894 1960 2982 2014 διὰ
3008 1960 3101 2014 τοῦ
3136 1979 3156 2012 ι
3187 1962 3348 2023 Ἴσως
3372 1978 3390 2011 ι
3432 1961 3840 2032 ὲπιρῤήματος

2226 2050 2314 2105 διὰ
2371 2050 2433 2104 τὺ
2484 2050 2581 2104 καὶ
2625 2049 2768 2119 ὑπὲρ
2799 2048 3020 2117 θέλησιν
3050 2043 3191 2100 εἶναι
3222 2046 3322 2116 τὴν
3364 2048 3428 2098 ὲκ
3474 2046 3573 2098 τοῦ
3609 2047 3837 2118 Harpe;

2225 2138 2322 2193 τοῦ
2359 2138 2489 2192 Υίοῦ
2543 2139 2820 2210 γέννησιν.
2873 2138 2949 2191 Οὐ
2984 2136 3094 2207 γὰρ
3149 2134 3439 2206 μεσάζεται
3489 2135 3727 2206 θελήσει
3773 2139 3832 2188 ἐκ

2226 2231 2321 2284 τοῦ
2354 2229 2536 2300 (2ο5
2564 2230 2615 2300 b)
2647 2229 2860 2299 Πατρὸς
2902 2231 2931 2281 ό
2952 2227 3107 2293 Υἱὸς,
3134 2227 3255 2281 οὐδὲ
3281 2230 3714 2297 προεπινοεῖται
3737 2227 3829 2281 τοῦ

2230 2316 2361 2370 Υἱοῦ
2403 2316 2525 2370 καθ’
2569 2314 2750 2368 ὁτιοῦν
2784 2317 2818 2385 ἡ
2856 2314 2957 2380 ξτοῦ
2990 2315 3205 2386 Πατρός
3248 2315 3487 2386 θέλησις,
3550 2317 3645 2369 ὅτι
3696 2316 3824 2387 μηέ

2229 2408 2483 2478 προῦπῆν
2517 2410 2545 2461 ὁ
2573 2407 2762 2478 Πατὴρ
2791 2406 2886 2460 τοῦ
2913 2407 3067 2471 Υίοῢ,
3109 2407 3299 2479 ὥσπερ
3344 2408 3465 2461 οὐδὲ
3500 2407 3636 2473 νοῦς
3666 2410 3823 2477 λόγου

2226 2499 2323 2553 τοῦ
2352 2500 2413 2564 ἐξ
2444 2499 2633 2563 αὐτοῦ,
2671 2498 2797 2553 οὗτε
2838 2500 2958 2568 φῶς
3007 2499 3103 2552 τοῦ
3153 2500 3619 2570 ἀπαυγασματος.
3676 2503 3822 2572 ’Δμα

2228 2589 2339 2659 γὰρ
2375 2590 2437 2642 τὸ
2468 2584 2607 2643 εἶναι
2642 2587 2856 2660 ἔχοντες
2885 2589 2979 2642 καὶ
3007 2588 3227 2659 θέλησιν
3269 2590 3398 2660 μίαν
3441 2589 3672 2659 ἔχουσιν
3710 2592 3741 2644 ὃ
3768 2608 3824 2643 τε
3907 2621 3919 2632 -

2230 2682 2420 2753 Πατὴρ
2468 2681 2563 2736 καὶ
2611 2683 2639 2734 ό
2692 2681 2754 2746 ἐξ
2809 2680 2976 2734 αὐτοῦ
3019 2682 3273 2753 ἀνάρχως
3318 2682 3611 2753 γεννηθεὶς
3677 2685 3823 2745 Υἱὸς,

2228 2774 2411 2843 ἁπλῆν
2428 2778 2498 2826 ’τε
2536 2772 2633 2826 καὶ
2651 2772 2976 2844 ἀδιαίρετον,
2999 2772 3193 2844 ὥσπερ
3220 2767 3313 2827 οὖν
3343 2772 3440 2827 καὶ
3465 2773 3663 2827 οὐσίαν
3688 2773 3823 2845 μίαν

2230 2864 2326 2918 καὶ
2365 2863 2547 2934 φύσιν.

552 3135 632 3188 Er
670 3134 846 3187 eodem
866 3148 1134 3199 sermone,
1166 3136 1220 3188 in
1254 3133 1430 3190 illud:
1475 3156 1492 3187 ι
1519 3136 1734 3208 Alioqui
1765 3139 1892 3209 quid
1940 3143 2122 3211 prohi-

2238 3138 2335 3192 Ἐκ
2379 3133 2486 3191 τοῦ
2530 3133 2719 3189 αὐτοῦ
2752 3132 2963 3203 λόγου,
3013 3133 3102 3199 είς
3134 3134 3222 3187 τόο
3263 3149 3282 3183 ι
3315 3130 3483 3186 Ἐπεὶ
3511 3132 3574 3186 τί
3599 3132 3818 3186 xtulist

620 3230 699 3277 bet
725 3228 1002 3295 quominus
1029 3228 1138 3297 ipse
1166 3244 1369 3299 quoque
1400 3228 1574 3284 allata
1598 3230 1695 3283 hac
1726 3234 2124 3302 prapositione:

624 3319 661 3363 ιτ
682 3334 713 3367 νγ
740 3335 779 3365 "r
809 3319 983 3384 major
1008 3325 1205 3371 natura
1232 3325 1328 3381 est,
1347 3335 1409 3372 ac
1423 3318 1610 3373 deinde
1632 3331 1903 3392 assumpta
1929 3322 2122 3388 altera,

619 3414 831 3463 [satura
862 3419 1041 3463 autem
1076 3426 1182 3464 non
1211 3412 1424 3466 omnino
1455 3414 1650 3484 major,
1703 3430 1797 3467 nec
1841 3414 2024 3481 Pater,
2050 3418 2125 3470 ita

620 3510 886 3574 postremo
935 3502 1247 3557 concludam
1280 3503 1501 3575 :Majus
1552 3508 1716 3575 igitur
1762 3510 1976 3562 omnino
2021 3524 2125 3562 non

621 3596 818 3665 majus,
860 3594 961 3660 vel,
996 3595 1159 3648 Pater
1183 3598 1396 3650 omnino
1429 3614 1532 3651 non
1553 3595 1718 3652 Pater
1736 3600 1761 3652 Σ)
1783 3619 1800 3650 ι

618 3704 757 3760 Cum
787 3705 855 3759 dc
909 3719 1073 3760 causa
1106 3707 1369 3776 majorem
1408 3708 1548 3762 Filio
1594 3708 1836 3776 Patrem,
1884 3711 2015 3780 quia
2058 3727 2123 3766 ex

546 3799 713 3856 Patre
739 3796 812 3851 sit
844 3796 1036 3861 Filius,
1059 3807 1115 3853 at
1140 3814 1251 3852 non
1278 3814 1344 3853 ex
1376 3799 1516 3854 Filio
1550 3801 1714 3855 Pater
1736 3801 1984 3865 exsistat,
2029 3803 2126 3858 do-

549 3898 675 3945 ctor
708 3888 988 3958 sapienter
1045 3887 1322 3954 deﬁniret,
1385 3889 1573 3945 Ariani
1623 3891 1772 3961 quod
1823 3891 1891 3946 de
1930 3901 2125 3969 natura

526 3996 715 4037 causa
741 3981 813 4034 sit
843 3980 1222 4050 propositione
1267 3990 1551 4051 assumpta
1591 3982 1642 4036 ei
1690 3982 1925 4053 maligne
1979 3982 2127 4052 quod

551 4073 620 4128 de
675 4081 875 4127 natura
909 4074 1087 4142 majus
1118 4072 1193 4126 sit
1249 4073 1615 4137 collegerunt.
1652 4073 1848 4143 Atque
1889 4074 2126 4145 primum

552 4172 780 4218 strenue
811 4160 958 4231 quod
989 4161 1081 4216 isti
1104 4162 1320 4231 privata
1346 4162 1769 4218 ratiocinatione
1790 4163 2130 4234 collegerunt

553 4253 718 4308 diluit
748 4251 975 4307 dicens:
1018 4251 1222 4306 «Haud
1275 4252 1391 4306 scio
1426 4267 1483 4307 se
1537 4252 1758 4323 ipsosne
1815 4253 2002 4323 potius
2058 4268 2127 4306 an

549 4363 647 4403 eos
678 4345 745 4400 ad
780 4360 922 4415 quos
941 4343 1189 4414 dirigunt
1213 4358 1527 4398 sermonem
1554 4344 1799 4413 captiosa
1827 4345 1933 4399 hac
1956 4360 2129 4415 argu-

499 4487 505 4493 .
549 4435 896 4490 mentatione
927 4432 1382 4487 circumveniant.
1412 4451 1430 4482 ι
1455 4431 1645 4501 Neque
1687 4432 1836 4486 enim
1866 4432 2130 4502 simplici~

552 4535 638 4580 ter
667 4537 1012 4594 quaecunque
1046 4521 1114 4575 de
1143 4520 1330 4591 aliquo
1393 4522 1677 4588 dicuntur,
1709 4523 1875 4578 etiam
1907 4522 1976 4578 de
2028 4524 2132 4578 isto

553 4617 811 4672 dicentur
832 4613 983 4683 quod
1025 4613 1129 4683 ipsi
1162 4613 1448 4685 subjacetr;
1479 4614 1577 4669 sed
1610 4602 1760 4684 patet
1810 4615 1879 4670 de
1912 4631 2044 4685 quo,
2079 4623 2135 4670 et

553 4722 805 4779 quaenam
833 4705 1110 4761 dicantur.
1164 4705 1436 4760 Nimirum
1477 4721 1822 4775 quaecunque
1869 4704 1937 4760 de
1968 4719 2134 4759 causa

553 4811 815 4870 tanquam
842 4814 1031 4863 causa,
1065 4798 1263 4868 inquit,
1320 4797 1600 4859 dicuntur,
1624 4813 1688 4852 ea
1733 4798 1898 4851 etiam
1954 4798 2022 4851 de
2067 4812 2135 4850 co

555 4889 702 4961 quod
732 4889 799 4943 de
832 4898 1029 4943 natura
1061 4898 1144 4943 est
1178 4890 1453 4944 dicentur.
1490 4889 1679 4958 Neque
1711 4889 1857 4943 enim
1900 4888 2133 4943 rationis

557 4990 639 5035 est
677 4995 741 5034 ea
783 4996 905 5048 quze
933 4989 993 5033 ut
1021 4983 1274 5050 exemplo
1305 4981 1413 5034 hoc
1445 4989 1589 5045 utar,
1643 4981 1712 5035 de
1750 4981 1999 5049 sapiente
2051 4979 2137 5032 vel

559 5088 687 5141 rege
716 5081 776 5125 ut
807 5072 1053 5141 sapiente
1090 5074 1175 5126 vel
1211 5081 1271 5127 ut
1302 5090 1426 5143 rege
1453 5073 1715 5127 dicuntur
1765 5072 1930 5126 etiam
1978 5071 2043 5124 de
2076 5086 2141 5124 co

559 5165 708 5232 quod
733 5165 817 5219 his
840 5166 1085 5235 subjacet
1114 5165 1320 5231 dicere,
1350 5177 1412 5220 ut
1465 5168 1802 5238 hominibus,
1847 5174 1903 5221 et
1944 5174 2142 5235 praeter

563 5257 738 5327 legem
789 5258 1042 5313 essentise
1092 5257 1417 5313 definitione
1467 5274 1660 5313 eorum
1697 5273 1819 5327 qua:
1856 5257 2140 5326 subjacent

496 5404 511 5413 θ
566 5360 673 5398 una
696 5347 1164 5415 comprehendere
1200 5363 1322 5417 qua:
1345 5347 1413 5402 de
1449 5348 1722 5419 sapientia
1755 5357 1815 5400 ut
1845 5346 2139 5415 sapientia,

567 5452 797 5507 qumque
846 5438 913 5492 de
980 5455 1150 5510 regno
1202 5448 1261 5493 ut
1298 5456 1468 5510 regno
1507 5441 1790 5505 dicuntur,
1820 5437 1872 5492 id
1909 5445 1992 5492 est
2021 5451 2143 5504 quze

570 5526 707 5580 nihil
734 5527 961 5583 omnino
997 5531 1410 5585 communicant
1435 5546 1560 5586 cum
1608 5531 1823 5585 ratione
1861 5526 2138 5589 essentne,

643 5654 757 5725 (15)
787 5657 935 5712 Idem
968 5661 1094 5713 ibid.
1128 5677 1248 5732 cap.
1275 5662 1365 5726 15,
1398 5680 1452 5733 p.
1489 5666 1613 5731 554,
1648 5672 1782 5718 tom.
1816 5664 1835 5718 i
1866 5662 2004 5733 Opp.
2030 5661 2145 5716 edit

2298 3226 2450 3297 κάμὲ
2495 3225 2725 3293 ταύτην
2770 3226 3070 3292 πρότασιν
3113 3223 3533 3292 ποιησάμενον
3562 3224 3678 3292 τὴν
3706 3225 3815 3287 ὅτι,

2310 3320 2373 3374 '0
2405 3317 2608 3385 Πατὴρ
2649 3313 2863 3385 μείζων
2900 3312 2978 3383 τῇ
3027 3315 3231 3384 φύσει,
3286 3314 3496 3368 ἔπειτα
3539 3318 3815 3383 προσέλα-

2299 3412 2482 3466 ϐάντα
2512 3408 2601 3472 τὸ,
2646 3406 2832 3461 Φύσει
2881 3406 2952 3460 δὲ
3000 3407 3072 3461 οὐ
3126 3406 3367 3472 πάντως
3399 3406 3631 3476 μεῖζον,
3679 3406 3818 3461 οὐδὲ

2298 3503 2521 3571 Πατὴρ,
2582 3498 2971 3569 συναγαγεῖν,
3035 3498 3107 3552 Τὸ
3158 3498 3369 3567 μεῖζον
3435 3502 3513 3553 οὐ
3582 3503 3817 3566 πάντως

2298 3593 2513 3664 μεῖζον,
2542 3590 2602 3659 ἢ,
2644 3589 2707 3643 '0
2723 3589 2926 3658 Πατὴρ
2952 3591 3024 3644 οὐ
3049 3588 3288 3654 πάντως
3310 3589 3545 3657 (lanio;
3575 3608 3597 3641 ι

2312 3706 2642 3778 Ἐπειδήπερ
2682 3705 2902 3776 μείζονα
2949 3703 3026 3774 τῷ
3058 3704 3216 3774 αἰτίῳ
3258 3705 3357 3756 τοῦ
3404 3703 3542 3758 Υίοῦ
3576 3706 3673 3759 τὸν
3708 3708 3811 3760 Πα-

2227 3799 2284 3852 τέ
2296 3816 2361 3870 ρα
2393 3796 2572 3866 σοφῶς
2593 3798 2622 3850 ὁ
2650 3795 2992 3859 διδάσκαλος,
3008 3796 3084 3858 ὡς
3110 3796 3175 3848 ὲκ
3198 3794 3293 3848 τοῦ
3315 3795 3533 3867 Πατρὸς
3550 3797 3709 3860 ὄντος
3730 3794 3810 3850 τοῦ

2228 3888 2383 3953 Υίοῦ,
2420 3887 2535 3940 ἀλλ’
2565 3887 2665 3940 οὐκ
2700 3887 2763 3938 ὲκ
2787 3885 2882 3939 τοῦ
2914 3883 3047 3939 Υίοῦ
3074 3885 3166 3938 τοῦ
3207 3885 3421 3956 Πατρὺς
3456 3886 3810 3958 ὑπάρχοντος,

2228 3981 2535 4053 διωρίζετο,
2583 3978 2984 4050 προσλαϐόντες
3014 3980 3064 4031 οί
3114 3978 3388 4049 Ἀρειανοὶ
3428 3978 3535 4050 τὴν
3564 3984 3628 4032 τὸ
3656 3980 3813 4033 αἴτιον

2234 4074 2395 4144 φύσει
2429 4073 2697 4143 πρότασιν
2729 4071 2963 4140 συνῆγον
3004 4070 3154 4140 αὐτῷ
3188 4070 3519 4143 κακούργως
3567 4072 3631 4126 τὸ
3664 4073 3811 4141 φύσει

2234 4162 2437 4235 μεῖξον.
2479 4161 2707 4233 Πρῶτον
2744 4160 2842 4229 μὲν
2872 4160 3154 4215 ὲπιλύεται
3188 4162 3456 4230 γενναίως
3477 4163 3543 4216 τὸ
3585 4163 3810 4235 παραλε-

2229 4254 2568 4324 λογισμένως
2599 4254 2691 4306 ὑπ’
2745 4251 2923 4305 αὐτῶν
2972 4251 3236 4323 συναχθὲν
3264 4252 3459 4306 εἰπών·
3511 4274 3532 4305 ε
3554 4256 3670 4308 Οὐκ
3707 4249 3809 4307 οἶδα

2233 4347 2461 4416 πότερον
2496 4344 2726 4406 ἑαυτοὺς
2754 4341 3231 4413 παραλογίζονται,
3250 4343 3309 4417 *ἦ
3342 4345 3472 4407 τοὺς
3509 4346 3651 4416 πρὸς
3678 4345 3809 4407 οὓςό

2234 4436 2408 4504 λόγος,
2439 4454 2456 4485 ι
2517 4435 2591 4487 Οὐ
2632 4433 2740 4503 γὰρ
2790 4433 2978 4497 ἁπλῶς
3028 4434 3127 4486 ὅσα
3183 4433 3327 4487 κατά
3381 4452 3534 4499 τινος
3587 4436 3808 4504 λέγεται.

2239 4524 2415 4579 ταῦτα
2454 4524 2548 4577 καὶ
2582 4522 2724 4577 κατὰ
2752 4521 2845 4576 τοῦ
2881 4521 3247 4591 ἀποκειμένου
3273 4522 3454 4593 τούτῳ
3483 4524 3806 4595 ρηθήσεται’

2241 4616 2376 4670 ἀλλὰ
2402 4615 2560 4685 δῆλον
2586 4615 2727 4668 κατὰ
2756 4614 2899 4678 τίνος
2930 4613 3024 4667 καὶ
3064 4613 3186 4665 τίνα
3219 4614 3366 4666 τοῦτ’
3404 4614 3580 4667 ἐστίν.
3618 4617 3690 4668 οὗ
3715 4613 3807 4681 γὰᾳ

2239 4711 2337 4762 ὅσα
2367 4709 2508 4762 κατὰ
2538 4707 2634 4760 τοῦ
2665 4707 2839 4760 αἰτίου
2869 4706 2944 4769 ὡς
2982 4706 3179 4771 αἰτίου,
3207 4704 3364 4776 φησὶ,
3388 4706 3637 4776 λέγεται,
3658 4706 3808 4758 ταῦτα

2239 4802 2334 4854 καὶ
2375 4799 2520 4853 κατὰ
2545 4798 2638 4851 τοῦ
2674 4798 2832 4867 φύσει
2873 4797 3193 4869 ῥηθήσεται.
3237 4799 3353 4852 Οὐκ
3375 4799 3495 4853 ἐστι
3531 4802 3643 4871 γὰρ
3669 4802 3809 4868 λόγου

2238 4894 2307 4946 τὰ
2344 4893 2486 4946 κατά
2530 4908 2675 4954 τινος
2723 4892 2859 4961 φέρε
2920 4893 3092 4944 εἰπεῖν
3128 4893 3294 4961 σοφοῦ
3344 4893 3378 4963 ἢ
3440 4893 3708 4963 βασιλέως
3749 4893 3811 4954 ὡς

2243 4982 2408 5050 σοφοῦ
2445 4983 2477 5053 ἦ
2507 4982 2582 5045 ὡς
2614 4981 2878 5050 βασιλέως
2904 4981 3177 5050 λεγόμενα
3206 4983 3300 5037 καὶ
3326 4983 3473 5037 κατὰ
3500 4984 3598 5038 τοῦ
3621 4986 3815 5037 ὑποκει-

2242 5075 2407 5144 μένου
2438 5072 2649 5135 τούτοις
2675 5071 2925 5143 ῥηθῆναι,
2946 5070 3023 5134 ὡς
3052 5072 3380 5144 ἀνθρώπων,
3409 5076 3508 5128 καὶ
3542 5090 3815 5145 συμπαρα-

2241 5165 2538 5236 λαμϐάνειν
2574 5163 2829 5232 ἁθέσμως
2858 5162 2936 5233 τῷ
2964 5164 3062 5232 τῆς
3093 5165 3284 5228 οὐσίας
3331 5167 3447 5237 ὅρῳ
3477 5168 3590 5219 τῶν
3614 5168 3817 5220 ὑποκει-

2247 5257 2423 5326 μένων
2465 5256 2536 5308 τὰ
2568 5254 2712 5308 κατὰ
2738 5255 2837 5324 τῆς
2879 5255 3071 5323 σοφίας
3101 5256 3178 5320 ὡς
3212 5258 3432 5325 σοφίας,
3464 5260 3564 5311 καὶ
3597 5259 3665 5311 τὰ
3691 5256 3820 5309 κατὰ

2249 5346 2347 5414 τῆς
2384 5345 2660 5414 βασιλείας
2685 5345 2759 5409 ὡς
2780 5344 3057 5414 βασιλείας
3078 5347 3371 5415 λεγόμενα,
3422 5349 3494 5402 τὰ
3518 5349 3685 5418 μηδὲν
3705 5343 3821 5400 καθ-

2249 5437 2372 5489 όλου
2404 5436 2479 5507 τῷ
2530 5436 2675 5506 λόγῳ
2707 5436 2807 5505 τῆς
2839 5436 3026 5499 οὐσίας
3060 5437 3252 5510 (206
3280 5440 3348 5508 α)
3378 5439 3819 5494 ἐπικοινωνοῦντα

2250 5526 2324 5589 ὡς
2354 5526 2685 5591 συστατικὰς
2718 5526 2982 5597 διαφορὰς
3021 5529 3191 5598 αὐτῆς
3224 5530 3321 5583 καὶ
3366 5527 3818 5604 συμπληρωτικάς

2151 5699 2164 5715 .
2201 5660 2407 5716 Bened.
