4038 6146
199 359 207 364 ,
314 284 456 352 1265

1547 282 2064 345 AMBIGUORUM
2100 281 2347 345 LIBER.

310 394 412 451 τοῦ
444 397 564 449 κατ’
590 376 760 464 αὐτὴν
793 394 919 465 ὅρου
951 389 1426 464 παραλαμϐάνειν.
1462 389 1692 445 Ἔπειτα
1722 392 1890 463 σοφὼ-

1995 399 2053 447 ut
2092 391 2428 447 differentias
2477 390 2648 460 ipsam
2691 388 3091 445 constituentes
3137 399 3192 445 et
3216 392 3562 463 complentes

311 504 475 559 τερον
514 485 827 557 συμπλέξας
882 485 1063 548 αὐτοῖς
1101 485 1164 536 ἐκ
1212 484 1313 554 τῆς
1363 482 1546 537 αὐτῶν
1575 484 1887 554 προτάσεως

318 578 679 649 συλλογισμὸν
729 575 1047 648 περιτρέπει
1103 573 1302 636 αὐτοὺς
1332 573 1562 635 ἑαυτοῖς.
1624 573 1780 642 Ἔχει
1833 573 1889 625 δὲ

314 654 532 733 οὕτως’·
601 668 752 721 Ἐπεὶ
796 667 850 720 τί
903 665 1103 719 κωλύει
1164 665 1309 736 κάμὲ
1365 664 1569 734 ταύτην
1624 665 1890 735 πρότασιν

316 762 686 833 ποιησάμενον
723 758 822 831 τὴν
871 758 974 823 ὅτι,
1022 757 1081 810 Ὁ
1124 756 1313 826 Πατὴρ
1360 754 1560 826 μείζων
1599 759 1664 825 τῇ
1704 755 1886 823 φύσει,

316 854 512 907 ἔπειτα
540 851 917 923 προσλαϐόντα
946 849 1028 914 τδ,
1064 846 1229 927 Φύσει
1262 848 1318 900 δὲ
1347 848 1409 901 οὐ
1455 848 1673 909 πάντως
1706 842 1890 916 μεῖζον

315 946 437 1000 οὐδὲ
487 946 695 1017 Πατὴρ,
753 942 1003 998 ἐντεῦθεν
1060 944 1407 1010 συναγαγεῖν,
1461 942 1533 993 Τὸ
1593 940 1776 1011 μεῖξον
1829 939 1889 991 οὐ

317 1039 537 1099 πάντως
586 1035 791 1106 μεῖζον,
840 1034 898 1103 ἢ,
965 1033 1024 1087 '0
1078 1033 1271 1104 Πατὴρ
1300 1033 1362 1086 οὐ
1401 1033 1620 1095 πάντως
1676 1032 1888 1107 [lat-+39;

316 1126 463 1198 Πρὸς
492 1125 549 1179 δὲ
577 1124 638 1177 τὸ
668 1124 1003 1198 σαφέστερον
1038 1123 1170 1195 ἡμῖν
1215 1120 1468 1190 γενέσθαι
1505 1121 1600 1174 καὶ
1636 1137 1890 1172 συνεκτι-

314 1196 555 1284 κῶτερον
602 1196 1017 1285 διαγράφωμεν,
1071 1215 1119 1267 εί
1151 1213 1319 1279 δοκεῖ,
1364 1213 1605 1283 σχήματι
1637 1210 1697 1265 τὸ
1735 1210 1890 1278 λεγρ-

317 1322 502 1378 μενον,
532 1309 597 1359 ὲκ
626 1305 725 1376 μὲν
752 1306 851 1376 τῆς
881 1306 991 1360 τῶν
1017 1305 1273 1360 ἐναντίων
1300 1303 1701 1384 ἐπιχειρήσειν
1725 1302 1891 1373 άρχόξ

317 1414 492 1468 μενοι,
519 1398 598 1461 εἰς
621 1396 677 1450 δὲ
707 1397 807 1469 τὴν
836 1395 930 1450 τοῦ
959 1396 1172 1468 Πατρὺς
1195 1393 1604 1458 καταπαύοντες
1635 1393 1891 1447 διδασκα-

314 1490 456 1545 λίαν.

390 1579 658 1650 Πρότασις
721 1578 1040 1650 ’ᾼρειανῶν,
1098 1578 1267 1649 ήγουν
1334 1574 1706 1647 Εὐνομιανῶν·
1786 1575 1892 1628 «Et

315 1649 476 1739 φύσει
508 1671 679 1734 αττιος
707 1649 957 1740 δ’Πατὴρ
990 1667 1085 1721 τοῦ
1114 1666 1269 1731 Υἱοῦ,
1304 1667 1505 1737 μείζων
1546 1666 1603 1720 δὲ
1642 1669 1671 1720 6
1705 1666 1893 1736 Πατὴρ

313 1761 410 1814 τοῦ
446 1758 600 1825 Υἱοῦ,
634 1760 833 1831 μείζων
854 1760 962 1828 ἄρα
994 1761 1059 1829 τῇ
1086 1758 1246 1828 φύσει
1283 1759 1310 1810 6
1339 1758 1529 1827 Πατὴρ
1555 1755 1651 1811 τοῦ
1684 1756 1836 1811 Υίοῦ.
1867 1775 1886 1809 ι

327 1851 603 1930 Ἐπίλυσις
645 1850 739 1904 τοῦ
794 1851 953 1918 ἁγίου
990 1850 1201 1920 Πατρδς
1241 1849 1398 1920 ἡμῶν
1463 1849 1502 1901 Γ
1509 1847 1769 1919 ρηγορίου
1805 1847 1894 1930 διὰ

314 1944 414 2012 τῆς
438 1945 516 2005 είς
544 1926 745 1995 άτοπον
774 1942 1078 2013 ἀπαγωγῆς
1118 1939 1545 2011 περιτρέποντος
1576 1940 1700 2001 τοὺς
1735 1926 1893 1992 ἐναν-

314 2032 484 2095 τίους·
511 2051 529 2083 ι
551 2033 612 2084 Ei
631 2031 791 2101 φύσει
813 2032 1016 2103 μείζων
1042 2030 1165 2084 καθ’
1185 2032 1330 2100 ὑμᾶς
1351 2031 1378 2082 6
1403 2030 1593 2100 Πατὴρ
1620 2028 1715 2084 τοῦ
1738 2028 1889 2092 Υίοῦ,

315 2120 377 2172 τὸ
405 2120 461 2173 δὲ
501 2121 660 2190 φύσει
693 2123 753 2174 οὐ
796 2123 1012 2184 πάντως
1051 2119 1312 2191 μείζωνῆ
1350 2119 1565 2190 Πατὴρ,
1618 2120 1681 2172 τὸ
1709 2121 1893 2189 μεῖζον

316 2209 424 2283 ἄρα
440 2210 499 2262 οὐ
521 2210 736 2274 πάντως
770 2210 976 2281 μεῖζον,
1006 2209 1039 2278 ἢ
1061 2211 1087 2263 6
1112 2207 1299 2278 Πατὴρ
1318 2207 1378 2260 οὐ
1403 2207 1617 2268 πάντως
1635 2205 1840 2276 Πατήρ.
1867 2223 1887 2258 ι

386 2386 543 2443 Οὕτω
572 2389 993 2458 περιτρέπονται
1022 2387 1134 2449 τοῖς
1178 2384 1401 2447 οἰκείοις
1440 2382 1746 2445 ἐαλωκότες
1782 2386 1905 2452 μη-’

315 2481 628 2550 χανήμασιν
682 2480 729 2532 ot
785 2480 884 2547 τὴν
931 2476 1194 2547 ἀλήθειαν
1244 2475 1690 2545 ἀπαναινόμενοι,
1746 2474 1892 2529 κενώ⁵

316 2573 489 2636 κενῶς
520 2572 622 2642 τῆς
658 2571 943 2634 εὐσεϐείας
986 2567 1421 2639 ἐκτιναχθέντες.
1469 2568 1597 2621 Ἐπὶ
1631 2567 1738 2638 γὰρ
1785 2568 1892 2621 τῶν

314 2663 574 2717 τοιούτων
618 2662 792 2731 λόγων
820 2660 888 2714 τὰ
929 2658 1379 2730 συμπεράσματα
1421 2656 1529 2709 τῶν
1574 2655 1892 2728 προτάσεων

316 2757 422 2808 εἰσι
452 2753 769 2818 συστατικὰ,
788 2752 897 2806 τῶν
919 2752 976 2805 δὲ
997 2748 1488 2820 συμπερασμάτων
1516 2750 1569 2800 αἱ
1600 2748 1892 2819 προτάσεις

318 2843 651 2914 ὑπάρχουσιν
688 2841 985 2912 ὁριστικαὶ,
1029 2837 1112 2902 οἷς
1142 2838 1629 2909 περιπεπτώκασιν
1665 2838 1729 2891 ἐκ
1762 2837 1891 2890 πολ-

316 2933 412 3005 λῆς
445 2933 687 3003 ἀμαθίας
719 2932 769 2985 οἱ
790 2932 1013 2996 ἑαυτοὺς
1044 2931 1284 3001 οἰόμενοι
1318 2927 1535 2998 σοφούς.

324 3168 344 3201 s
382 3150 576 3204 Ἔστω
628 3151 697 3206 δὲ
721 3152 821 3207 καὶ
852 3153 1171 3224 ἐνεργείας,
1210 3159 1263 3211 εί
1313 3156 1494 3224 δοκεῖ,
1529 3156 1672 3212 οὐδὲ
1701 3158 1890 3223 οὕτως

385 3239 543 3308 ἡμᾶς
564 3242 863 3311 αἱρήσετε.
915 3246 1068 3299 Αὐτὸ
1112 3246 1182 3299 δὲ
1233 3247 1409 3301 τοῦτο
1432 3248 1784 3317 ἐγηργηκὼς
1812 3248 1890 3302 ἂν

383 3332 478 3398 εἴη
507 3331 573 3384 τὸ
621 3334 967 3401 ὀμοούσιον,
1001 3337 1052 3388 εί
1082 3336 1183 3389 καί
1218 3335 1440 3401 ἄτοπος
1458 3335 1660 3402 ἄλλως
1706 3338 1743 3405 ἠ
1779 3336 1889 3405 τῆς

385 3422 517 3490 περὶ
534 3422 708 3477 τοῦτο
729 3424 1032 3494 ἐνεργείας
1055 3428 1366 3496 ὑπόληψις
1406 3428 1539 3497 (14).
1579 3446 1598 3479 ι

399 3617 614 3688 Ἐπειδὴ
652 3618 699 3670 οἱ
721 3616 820 3689 τὴν
848 3616 1099 3687 γλῶσσαν
1126 3616 1259 3671 ὡσεὶ
1288 3616 1449 3687 ξυρὸν
1469 3617 1610 3670 κατὰ
1630 3616 1728 3686 τῆς
1758 3616 1889 3687 ἁλη-

317 3706 464 3771 θείας
498 3710 667 3779 ἠκονη
679 3708 847 3779 μένην
882 3707 1097 3778 ἔχοντες
1129 3708 1316 3777 ελεγον
1350 3707 1515 3777 δῆθεν
1550 3707 1883 3776 ἐρωτῶντες*

327 3796 386 3852 Ὀ
408 3800 598 3870 Πατὴρ
614 3800 801 3863 οὐσίας
823 3799 991 3866 ἐστὶν,
1016 3800 1050 3871 ἢ
1087 3799 1371 3871 ἐνεργείας
1395 3799 1566 3869 ὄνομα
1589 3799 1774 3870 (206
1798 3800 1849 3869 ὁ)
1872 3816 1887 3866 ;

316 3891 403 3943 ἵνα
443 3892 491 3944 εί
539 3892 637 3962 μὲν
672 3893 915 3962 εἴπωμεν
941 3891 1131 3955 οὐσίας
1166 3891 1339 3960 ὄνομα
1376 3886 1517 3945 εῖναι
1566 3892 1646 3955 τὸ,
1676 3892 1886 3963 Πατὴρ,

248 3992 251 3997 '
316 3981 563 4037 ἐντεῦθεν
594 3982 940 4051 συναγάγωσι
974 3982 1034 4036 τὸ
1058 3982 1396 4054 ἐτεροούσιον
1436 3977 1576 4034 εἶναι
1607 3981 1684 4053 τῷ
1714 3984 1889 4051 Πατρὶ

313 4071 405 4124 τὸν
433 4072 579 4138 Υἰὺν,
610 4073 685 4136 ὡς
710 4072 811 4143 τῆς
838 4072 1010 4143 αὐτῆς
1038 4073 1229 4136 οὐσίας
1261 4071 1356 4125 δύο
1388 4071 1462 4144 μὴ
1495 4071 1888 4141 ἐπιδεχομένης
1938 4121 1943 4125 .

315 4165 409 4217 καὶ
466 4164 696 4237 διάφορα
746 4164 954 4236 κυρίως
997 4165 1238 4235 ὀνόματα
1295 4164 1384 4234 (εί
1435 4164 1543 4235 γὰρ
1586 4165 1648 4218 τὸ
1698 4164 1888 4236 Πατὴρ

314 4256 501 4319 οὐσίας
552 4258 700 4310 ἐστὶν
738 4256 932 4326 δνομα,
980 4256 1081 4310 οὐκ
1112 4257 1178 4311 ἄν
1216 4271 1348 4309 ποτε
1388 4259 1488 4327 τῆς
1514 4255 1685 4325 αὐτῆς
1717 4256 1889 4327 ὄνομα

314 4348 397 4417 εἴη
432 4347 491 4399 τὸ
527 4347 654 4405 Υἱός
679 4347 721 4416 )·
778 4348 827 4399 εί
865 4346 922 4400 δέ
961 4347 1261 4417 ἐνεργείας,
1316 4347 1504 4416 σαφῶς
1535 4347 1631 4401 τοῦ
1675 4348 1888 4420 Πατρδς

316 4438 527 4509 ποίημα
557 4438 649 4491 τὸν
687 4439 811 4491 Υίὸν
852 4438 1252 4509 ὁμολογοῦντας
1298 4441 1567 4506 δείξωσιν,
1613 4439 1688 4504 ὡς
1735 4440 1888 4512 ἐνέρ-

1991 486 2110 556 ejus
2132 483 2510 539 deﬁnitionem
2538 482 2851 538 admittere.
2887 482 3096 537 Deinde
3136 485 3441 553 sapientius
3463 487 3564 541 ad-

1985 573 2179 642 juncto
2210 573 2292 627 eis
2320 587 2388 627 ex
2415 571 2794 641 propositione
2820 572 3068 641 ipsorum
3092 572 3406 642 syllogismo
3459 591 3560 630 suo

1993 666 2238 736 ipsorum
2297 682 2393 722 eos
2440 667 2621 737 gladio
2654 667 2889 737 jugulat.
2924 666 3055 732 Qua:
3102 666 3176 721 ita
3204 682 3263 721 se
3315 667 3560 723 habent:

2000 758 2249 828 «Alioqui
2280 758 2412 828 quid
2440 757 2699 828 prohibet
2736 757 3031 827 quominus
3076 755 3191 825 ipse
3220 772 3440 825 quoque
3488 758 3565 811 al-

1991 848 2100 902 lata
2132 849 2235 903 hac
2266 849 2641 919 propositione
2670 864 2682 900 :
2717 847 2879 902 Pater
2922 847 3096 917 major
3128 855 3325 900 natura
3354 856 3458 929 est,
3502 863 3567 902 ac

1993 937 2191 992 deinde
2225 946 2504 1008 assumpta
2526 938 2718 1002 altera,
2753 937 2956 991 Natura
2982 945 3166 991 autem
3199 937 3426 992 omnino
3455 953 3564 992 non

1994 1025 2185 1093 major,
2215 1039 2316 1079 nec
2334 1008 2528 1090 Pater;
2557 1024 2631 1077 ita
2664 1035 2944 1093 postremo
2995 1024 3319 1080 concludam
3345 1044 3358 1079 :
3394 1026 3568 1097 Majus

1982 1113 2164 1187 igtur
2197 1114 2424 1169 omnino
2444 1130 2552 1169 non
2582 1116 2779 1187 majus,
2807 1116 2915 1180 vel,
2965 1116 3127 1170 Pater
3176 1117 3403 1171 omnino
3453 1133 3567 1172 non
3606 1122 3617 1133 ‘

1993 1202 2176 1259 Pater.
2202 1223 2221 1254 ι
2261 1204 2466 1259 Verum
2487 1220 2598 1275 quo
2621 1205 2797 1275 magis
2824 1204 2984 1259 nobis
3018 1204 3113 1260 ﬁat
3130 1207 3483 1277 perspicuum
3512 1217 3567 1262 et

1991 1305 2457 1359 consummatum,
2487 1310 2606 1365 age,
2638 1295 2693 1350 in
2727 1295 3040 1362 formulam,
3080 1297 3134 1376 ,εἰ
3194 1297 3395 1366 placet,
3424 1298 3569 1352 redi—

1992 1400 2186 1456 gamus
2213 1386 2363 1456 quod
2420 1385 2643 1451 dicitur,
2686 1386 2755 1441 ab
2782 1387 3225 1444 adVersariorum
3277 1389 3568 1445 conamine

1992 1476 2342 1545 incipientes,
2372 1485 2429 1532 et
2454 1477 2510 1531 in
2538 1475 2717 1532 Patris
2750 1476 3060 1532 doctrinam
3103 1477 3445 1534 desinentes.

2062 1566 2373 1636 Propositio
2400 1567 2751 1634 Arianorum,
2770 1567 2888 1623 sive
2910 1569 3413 1624 Eunomianorum:
3449 1590 3467 1621 ι
3502 1570 3558 1625 Si

1995 1656 2159 1710 Pater
2207 1665 2403 1710 natura
2438 1656 2563 1713 Filii
2616 1666 2907 1722 causaest,
2944 1666 2999 1713 et
3032 1659 3205 1729 major
3233 1659 3395 1714 Pater
3430 1660 3569 1715 Filio

1996 1756 2099 1809 est,
2134 1746 2386 1815 sequitur
2414 1756 2475 1802 ut
2500 1748 2665 1802 Pater
2695 1756 2893 1802 natura
2912 1748 3052 1802 Filio
3086 1749 3261 1819 major
3284 1750 3376 1805 sit.
3408 1770 3425 1803 ι
3464 1750 3568 1806 So-

1982 1828 2137 1890 lutio
2171 1836 2344 1891 sancti
2371 1838 2544 1892 nostri
2600 1838 2775 1907 patris
2820 1837 3071 1909 Gregorii
3124 1841 3192 1895 ad
3261 1841 3566 1896 absurdum

1994 1926 2322 1981 deducentis
2353 1940 2408 1983 et
2433 1927 2773 1985 confutantis
2798 1929 3145 1986 adversarios
3172 1932 3246 1986 ita
3276 1950 3292 1986 :
3332 1952 3349 1984 ι
3382 1932 3438 1989 Si
3470 1948 3567 1986 na-

1995 2025 2115 2071 tura
2147 2018 2451 2073 secundum
2486 2035 2582 2073 vos
2612 2018 2777 2074 Pater
2827 2021 3002 2091 major
3032 2030 3117 2076 est
3144 2022 3301 2088 Filio,
3343 2022 3397 2077 id
3431 2038 3564 2077 vero

1992 2110 2139 2179 quod
2165 2119 2361 2165 natura
2388 2119 2473 2164 est
2530 2126 2880 2181 nequaquam
2917 2114 3096 2183 majus
3129 2122 3213 2169 est
3242 2114 3426 2178 Patre,
3478 2130 3568 2169 se-

1993 2202 2184 2271 quitur
2215 2210 2275 2255 ut
2303 2202 2481 2272 majus
2512 2202 2739 2257 omnino
2768 2217 2881 2257 non
2920 2204 2991 2258 sit
3024 2205 3219 2275 majus,
3253 2214 3349 2260 aut
3376 2213 3438 2260 ut
3465 2207 3566 2261 Pa-

1993 2300 2078 2347 ter
2105 2293 2332 2346 omnino
2360 2308 2470 2346 non
2519 2293 2683 2348 Pater
2705 2293 2796 2348 sit.
2837 2313 2855 2346 ι

2063 2382 2141 2436 Ita
2171 2380 2527 2437 confutantur
2571 2381 2686 2437 suis
2732 2382 2975 2452 ipsorum
3015 2383 3263 2438 artiﬁciis
3293 2386 3435 2454 capti
3473 2404 3565 2427 νας

1992 2474 2175 2528 ritatis
2203 2484 2573 2544 renegatores,
2623 2483 2679 2529 et
2722 2459 2873 2529 leves
2915 2476 3117 2545 pietate
3162 2476 3355 2529 lt‘t"’.(,r
3400 2502 3475 2527 ου
3504 2502 3559 2531 ιιη

1993 2566 2227 2620 tiuntur.
2259 2566 2335 2620 De
2366 2566 2568 2621 talibus
2611 2566 2759 2621 enim
2809 2566 2973 2622 dictis
3019 2569 3189 2620 eum-1.
3363 2594 3399 2619 -›
3436 2586 3567 2621 (ναι.

1994 2657 2229 2711 stituunt
2266 2657 2691 2727 propositiones,
2745 2658 3131 2713 conclusiones
3191 2668 3369 2712 auten.
3428 2660 3553 2713 (iiii-

1950 2810 1956 2819 ,
1991 2747 2153 2802 niunt
2178 2749 2601 2818 propositiones,
2620 2749 2823 2819 quibus
2851 2765 2910 2804 se
2934 2750 3231 2804 induerunt
3251 2766 3350 2820 pro
3375 2769 3566 2819 magna

1993 2851 2091 2890 sua
2121 2836 2429 2906 ignorantia
2464 2835 2542 2891 illi
2571 2836 2666 2907 qui
2698 2836 2805 2893 sibi
2841 2838 3120 2907 sapientes
3149 2837 3281 2907 ipsis
3309 2838 3568 2893 videntur

1994 2940 2133 2981 esse.

1914 3144 1960 3203 C
2002 3177 2020 3210 ι
2056 3155 2135 3212 Sit
2171 3157 2330 3210 etiam
2357 3157 2598 3220 actionis,
2632 3154 2678 3209 si
2706 3155 2783 3208 ita
2825 3154 3052 3219 videtur,
3103 3170 3196 3208 nec
3227 3155 3301 3208 sic
3356 3153 3568 3224 quidem

2065 3262 2282 3301 causam
2327 3245 2638 3299 obtinebitis.
2687 3243 2887 3297 Eodem
2932 3246 3072 3297 enim
3134 3244 3287 3296 modo
3340 3244 3569 3299 dicemus

2065 3338 2159 3391 hoc
2190 3335 2363 3406 ipsum
2379 3336 2541 3405 egisse
2580 3333 2797 3387 Patrem
2820 3373 2835 3397 ,
2873 3342 2931 3386 ut
2972 3331 3434 3387 consubstantialis
3469 3335 3572 3404 ipsi

2065 3425 2227 3479 Filius
2258 3433 2411 3489 esset;
2460 3424 2554 3476 etsi
2611 3421 2848 3492 alioquin
2894 3422 3216 3476 absurditate
3245 3438 3350 3475 non
3409 3432 3556 3476 caret

2064 3517 2365 3590 Imjusmodi
2409 3515 2629 3569 actionis
2655 3514 2851 3584 opinio.
2877 3518 2907 3564 ι’

2064 3628 2170 3694 Qui
2199 3626 2443 3696 linguam
2469 3633 2730 3694 tanquam
2765 3625 3090 3679 novaculam
3130 3633 3329 3680 contra
3364 3626 3570 3680 verita-

1996 3730 2106 3775 tem
2157 3726 2376 3773 acutam
2421 3715 2628 3770 habent
2684 3730 2813 3769 cum
2852 3715 3124 3781 dicerent,
3162 3716 3571 3787 interrogantes

1994 3809 2259 3863 nimirum
2286 3824 2299 3860 :
2325 3806 2485 3860 Pater
2505 3803 2832 3860 essentiaene
2848 3811 2954 3870 est,
2974 3821 3047 3860 an
3071 3805 3308 3862 actionis
3326 3807 3569 3862 nomen?

1994 3907 2075 3962 ut,
2128 3898 2175 3952 si
2234 3895 2497 3951 essentia:
2549 3894 2775 3964 quidem
2839 3910 3042 3950 nomen
3109 3911 3233 3951 esse
3289 3915 3308 3948 ι
3343 3897 3507 3952 Pater
3542 3916 3561 3949 ι

1994 3989 2389 4053 statuerimus,-
2431 3986 2558 4042 inde
2640 3986 2833 4041 alienae
2906 4000 2938 4039 a
3006 3987 3167 4041 Patre
3246 3987 3569 4043 substantiae

1998 4081 2192 4136 Filium
2264 4095 2387 4135 esse
2481 4079 2765 4149 colligant,
2827 4077 2976 4148 quod
3051 4078 3244 4133 eadem
3311 4084 3571 4134 substan—

1995 4173 2070 4227 tia
2106 4171 2217 4226 duo
2254 4179 2312 4225 et
2373 4169 2592 4226 diversa
2643 4169 2866 4240 proprie
2924 4168 3074 4223 haud
3121 4170 3302 4239 capiat
3344 4172 3570 4225 nomina

1996 4240 2143 4331 (nam
2169 4259 2215 4314 si
2245 4260 2407 4315 Pater
2426 4258 2678 4315 essentia;
2698 4266 2782 4313 est
2810 4272 3035 4322 nomen,
3054 4257 3403 4329 nequaquam
3426 4260 3571 4330 ejus—

1995 4351 2120 4407 dem
2152 4351 2227 4407 sit
2259 4369 2278 4402 t
2320 4351 2519 4406 Filius»
2548 4366 2753 4405 nomen
2795 4349 2837 4419 ),
2880 4349 2967 4405 sin
3000 4349 3260 4413 actionis,
3299 4359 3360 4405 ut
3422 4351 3569 4405 clare

1995 4449 2159 4512 atque
2188 4450 2375 4512 aperte
2414 4442 2613 4497 Filiutn
2672 4441 2852 4496 Patris
2890 4441 3272 4497 conditionem
3324 4449 3569 4496 statuere

313 4496 489 4599 γημα,
531 4530 669 4598 μετὰ
690 4530 751 4583 τὸ
782 4496 1255 4601 τῆν’κυρίολεξίαν
1293 4496 1650 4596 ἀντιθετικῶς
1669 4496 1890 4598 ⁷διεξελ-

1992 4546 2115 4596 nos,
2164 4532 2318 4586 velut
2369 4531 2587 4587 actione
2612 4530 2933 4595 conﬂatum,
2962 4530 3256 4586 ostendere
3304 4531 3564 4597 habeant,

316 4621 427 4673 θεῖν
477 4622 679 4687 εὐθέως
740 4624 877 4691 πρὸς
906 4624 1105 4686 αὐτοὺς
1132 4622 1225 4677 τὸν
1264 4623 1582 4678 διδάσκαλον
1629 4624 1890 4696 εἰρηκότα

313 4710 437 4764 οὐτε
474 4713 659 4774 οὐσίας
686 4707 825 4766 εἶναι
858 4714 920 4766 τὸ
952 4713 1148 4780 πατὴρ
1176 4714 1367 4783 ὄνομα,
1417 4713 1543 4768 οὔτε
1582 4715 1887 4786 ἐνεργείας,

239 4805 278 4824 ³-
313 4798 452 4852 ἀλλὰ
490 4801 750 4870 σχέσεως,
795 4802 890 4854 καὶ⁸
917 4802 1011 4854 τοῦ
1046 4801 1165 4863 πῶς
1214 4802 1327 4872 ἔχει
1376 4803 1514 4873 πρὸς
1557 4803 1650 4856 τὸν
1694 4804 1821 4856 Υίδν
1857 4806 1886 4858 6

1989 4818 2192 4857 nomen
2252 4818 2408 4866 esse,
2454 4816 2636 4872 neque
2687 4803 2940 4867 actionis,
2999 4804 3095 4859 sed
3150 4803 3454 4867 relationis,
3516 4813 3599 4873 et;

1984 4891 2261 4962 quomodo
2320 4862 2623 4946 advFilium
2675 4907 2733 4947 se
2770 4862 2951 4958 Pater,
3035 4902 3131 4948 aut
3173 4893 3344 4949 Filius
3370 4862 3597 4962 εὐρέι-ί

315 4888 522 4959 Πατὴρ,
552 4891 584 4961 ἢ
615 4892 644 4942 6
669 4891 795 4955 Υίδς
825 4892 960 4963 πρὸς
988 4892 1077 4945 τὸν
1124 4894 1363 4963 Πατέρα,
1398 4895 1884 4965 συμπεριφορικῶς

314 4974 583 5049 ἐνήγαγεν
626 4981 817 5035 εἰπών’
881 5002 899 5034 ι
931 4984 1111 5037 Ἔστω
1160 4985 1253 5038 καὶ
1304 4985 1606 5055 ἐνεργείας,
1652 4987 1701 5039 εί
1731 4986 1891 5041 τοῦτο

314 5070 479 5135 δοκεῖ,
508 5091 525 5123 ι
562 5075 656 5127 καὶ
700 5074 973 5144 ἐπιφέρει·
1028 5094 1047 5127 t
1079 5076 1221 5128 Αὐτὸ
1268 5076 1325 5129 δὲ
1365 5076 1524 5129 τοῦτο
1565 5078 1889 5150 ἐνηργηκὼς

318 5162 383 5214 ἂν
434 5170 517 5234 εἴη
571 5166 631 5218 τὸ
669 5166 976 5236 δμοούσιον.
1008 5186 1026 5218 ρ
1080 5167 1205 5231 Πῶς
1239 5162 1335 5221 οὖν
1374 5170 1586 5238 ἐνεργεῖ
1613 5170 1672 5222 τὸ
1696 5170 1889 5239 ὁμοού-

318 5271 460 5321 σιον;
496 5253 728 5326 ζητήσαι
768 5273 851 5322 τις
895 5256 961 5310 ἂν
998 5257 1160 5327 τυχὸν
1190 5258 1297 5310 τῶν
1341 5259 1481 5327 ἄγαν
1526 5259 1887 5325 ἐξεταστικῶν

316 5347 411 5400 καὶ
463 5348 628 5419 μηδὲν
669 5348 779 5400 τῶν
828 5349 1216 5418 συμφερόντων
1258 5351 1474 5418 ἀγνοεῖν
1519 5352 1882 5422 ἀνεχομένων.

316 5433 488 5489 Τοῦτο
534 5436 784 5513 saxa-ca
812 5435 1015 5489 τοιόνδε
1060 5436 1262 5507 τρόπον
1298 5437 1744 5508 ὁμαλισθὴσεται.
1780 5439 1884 5493 Δύο

315 5527 546 5581 καθόλου
595 5528 692 5592 τὰς
742 5527 1021 5598 ἐνεργείας
1068 5524 1210 5582 εἶναί
1271 5546 1435 5598 φασιν
1476 5532 1533 5583 ἐν
1579 5533 1694 5594 τοῖς
1738 5531 1879 5596 οὖσι,

1992 4614 2283 4692 ρόεῑᾳιιειη
2313 4622 2382 4676 de
2413 4621 2655 4691 propriis
2699 4621 3020 4676 nominibus
3041 4629 3233 4676 contra
3271 4621 3570 4691 disputavit

1991 4704 2252 4785 magister
2306 4714 2602 4783 statimque
2666 4707 2805 4768 dixit
2850 4730 3030 4785 neque
3080 4713 3330 4769 essentia:
3394 4714 3571 4768 Patris

1994 4991 2135 5038 trem
2173 4997 2230 5036 se
2255 4982 2477 5049 habeat,
2519 4982 2751 5037 comiter
2776 4982 2941 5039 infert
2969 4983 3163 5038 dicens
3193 4964 3223 5036 εί
3244 5001 3262 5034 t
3288 4983 3371 5038 Sit
3401 4984 3568 5038 etiam

1993 5076 2248 5136 actionis,
2280 5073 2328 5129 si
2353 5075 2426 5129 ita
2456 5075 2695 5140 videtur,
2724 5083 2779 5130 et
2804 5075 2977 5143 addit,
3012 5075 3249 5130 «Eodem
3276 5076 3425 5130 enim
3449 5092 3564 5129 mo-

1992 5169 2063 5223 do
2084 5170 2330 5224 dicemus
2354 5169 2460 5224 hoc
2473 5169 2651 5239 ipsum
2673 5169 2851 5239 egisse
2874 5170 3092 5224 Patrem
3119 5176 3180 5222 ut
3208 5168 3573 5224 consubstan-

1994 5260 2143 5314 tialis
2179 5256 2283 5329 ipsi
2307 5259 2481 5313 Filius
2504 5266 2669 5314 esset.
2721 5277 2739 5310 ι
2784 5258 3075 5325 Quomodo
3125 5258 3315 5328 igitur,
3357 5268 3567 5327 qumret

1994 5351 2227 5406 fortasse
2264 5351 2466 5421 aliquis
2506 5351 2783 5406 curiosior
2828 5358 2884 5406 et
2936 5350 3075 5405 nihil
3114 5349 3260 5419 quod
3328 5349 3463 5403 utile
3497 5348 3571 5404 sit

1992 5443 2246 5513 ignorare
2273 5442 2574 5507 sustinens,
2599 5442 2878 5512 quomodo
2901 5442 3011 5512 agit
3037 5450 3097 5497 ut
3125 5439 3573 5494 consubstantia-

1990 5532 2058 5588 lis
2090 5532 2264 5588 Filius
2302 5531 2421 5587 sit?
2450 5530 2606 5598 Quod
2653 5532 2765 5587 hoc
2789 5531 2901 5587 fere
2960 5531 3122 5587 modo
3161 5530 3565 5601 cxplanabitur.

385 5664 497 5738 {l4}
526 5665 673 5722 ldcm
701 5667 825 5723 ibid.
852 5683 972 5739 cap.
1016 5666 1100 5733 16,
1133 5681 1188 5738 p.
1219 5666 1343 5734 555,
1382 5674 1512 5722 tom.
1542 5666 1582 5721 Ι.
1612 5665 1749 5739 Opp.
1789 5667 1880 5725 ed.
1914 5667 2116 5726 Bened.
2151 5685 2158 5691 '

3421 279 3558 345 1266
3588 316 3599 325 -
