4038 6146
470 133 606 197 i267
1148 154 1159 159 η
1628 135 1691 194 s.
1730 108 2014 196 maxim
2051 132 2555 194 CONFESSORIS
3598 125 3757 193 1258

468 252 610 303 Duas
663 250 718 303 in
766 250 1082 305 universum
1147 251 1391 307 actiones
1450 249 1507 304 in
1558 250 1724 305 rebus
1752 258 2036 313 statuunt,

2150 250 2279 321 μίαν
2312 251 2409 321 μὲν
2441 250 2540 320 τὴν
2566 249 2917 322 προάγουσαν
2953 249 3014 303 ὲκ
3051 248 3157 303 τῶν
3178 248 3359 303 ὄντων
3388 248 3653 317 φυσικῶς
3680 247 3757 301 τὰ

465 356 699 408 quarum
732 356 836 394 una
868 348 955 394 est
982 356 1199 410 quae-ex
1232 340 1301 395 iis
1348 356 1470 410 qua:
1527 350 1657 396 sunt
1712 339 2036 395 naturaliter

2146 342 2383 413 ὁμογενῆ
2442 358 2537 396 και
2586 341 2849 412 όμοούσια
2893 340 2983 394 καὶ
3032 341 3249 405 ἑαυτοῖς
3304 342 3496 408 πάντη
3534 339 3753 392 ταῦτα.

468 439 717 498 procreat
745 446 867 500 qua:
896 430 1007 485 sint
1036 430 1289 501 ejusdem
1319 441 1373 486 et
1404 433 1623 502 generis
1678 441 1735 485 et
1764 432 2036 498 essentia,

2146 431 2282 484 Καθ’
2313 432 2378 502 ἢν
2422 431 2911 504 συμπεριενεχθεὶς
2938 434 3049 495 τοῖς
3077 430 3437 501 λογολέσχαις
3467 428 3759 492 ἐπιεικῶς

462 515 682 584 sibique
714 515 849 584 ipsis
903 516 1095 572 eadem
1144 519 1351 587 ubique
1379 529 1435 573 et
1465 520 1795 574 constantia.
1828 520 1904 574 De
1933 535 2036 590 qua

2146 521 2281 593 πρὸς
2307 522 2368 574 τὸ
2406 522 2600 593 μικρὸν
2644 521 2776 590 γοῦν
2809 523 3054 592 ἐπισχεῖν
3083 522 3282 584 αὐτοὺς
3326 518 3428 574 τοῦ
3479 519 3755 589 βλασφη-

463 606 633 659 veluti
661 607 1004 676 morigerans
1030 609 1302 679 argutulis
1322 610 1432 665 illis
1460 618 1609 665 recte
1629 611 1907 681 magister,
1931 626 2036 680 quo

2146 615 2269 683 μεῖν
2297 630 2461 683 φησιν
2498 615 2528 667 6
2572 612 2910 677 διδάσκαλος,
2968 632 2987 665 ι
3016 612 3198 666 Ἔστω
3226 612 3283 667 δὲ
3317 612 3446 665 καθ’
3495 612 3681 682 ὑμᾶς,
3726 629 3749 662 ι

464 698 742 768 paulisper
798 698 993 754 saltem
1024 716 1055 754 a
1088 700 1517 772 blasphemando
1572 718 1668 757 eos
1722 700 2036 772 prohibeat,

2146 704 2283 758 κατὰ
2305 704 2395 758 τὸν
2437 698 2767 759 ἀποδοθέντα
2800 703 3000 758 σκοπὸν
3024 702 3119 756 τοῦ
3157 694 3345 771 λόγου,
3391 721 3411 755 ι
3433 704 3532 757 καὶ
3580 704 3753 771 ἐνερ-

465 788 649 842 dicit:
692 807 709 838 ι
742 788 876 843 Esto
908 805 1041 844 vero
1071 791 1371 845 secundum
1402 807 1520 857 vos,
1545 810 1563 843 ι
1587 792 1892 847 secundum
1923 791 2036 847 dis-

2146 794 2295 863 γείας
2320 794 2493 866 ὄνομα
2523 796 2551 849 6
2581 789 2925 866 Πατήρ.›οἶς
2956 795 3175 862 ἐπάγει·
3237 812 3257 845 ι
3280 795 3429 847 Αὐτὸ
3475 794 3536 847 δὲ
3574 793 3753 847 τοῦτο

466 880 769 947 putationis
798 882 1162 950 suppositum,
1204 901 1222 934 ι
1256 893 1376 938 esto
1404 883 1567 938 etiam
1596 883 1826 938 actionis
1840 898 2040 939 nomen

464 972 675 1038 Patent
711 979 768 1025 et
788 970 875 1029 his
903 972 1211 1045 subjungit:
1252 993 1269 1025 ι
1294 974 1500 1029 Eodem
1525 975 1671 1029 enim
1702 974 1866 1029 modo
1893 974 2042 1029 dice—

464 1076 587 1115 mus
616 1061 720 1114 hoc
749 1062 927 1131 ipsum
957 1063 1133 1133 egisse
1157 1063 1395 1129 Patrem;
1427 1082 1444 1114 ι
1482 1063 1535 1117 id
1567 1072 1652 1118 est
1681 1073 1742 1119 ut
1798 1064 2039 1119 consub-

462 1153 734 1208 stantialis
765 1155 867 1225 ipsi
898 1155 1070 1210 Filius
1097 1163 1263 1217 esset,
1299 1163 1557 1226 tanquam
1597 1155 1842 1211 ediceret
1869 1156 2040 1211 actio-

460 1262 586 1300 nem
618 1248 990 1301 essentialiter
1031 1247 1372 1302 substantem
1404 1255 1461 1301 et
1513 1247 1811 1313 viventem,
1843 1262 2037 1317 quem-

461 1336 755 1392 admodum
783 1346 839 1392 et
880 1338 1201 1392 Sermonem
1229 1335 1474 1406 profecto
1504 1336 1684 1389 vivum
1716 1342 1773 1389 et
1801 1344 2038 1405 potesta-

464 1437 574 1483 tem
607 1437 662 1481 et
682 1429 1009 1498 sapientiam
1056 1445 1154 1499 per
1170 1445 1227 1483 se
1245 1429 1414 1498 ipsam
1432 1428 1769 1483 substantem
1790 1427 2036 1498 unigeni-

463 1508 579 1575 tum
612 1520 709 1575 Dei
749 1522 1070 1575 Sermonem
1086 1529 1142 1575 et
1170 1520 1367 1575 Filium
1391 1521 1565 1575 Patris
1587 1519 1759 1574 divini
1783 1519 2034 1574 veritatis

2141 885 2462 957 ὲνηργηκὼς
2490 883 2557 938 ἂν
2589 885 2676 956 εἴη
2702 887 2730 938 6
2759 883 3003 955 Πατὴρ,›
3039 883 3285 955 δηλονότι
3316 883 3381 937 τὸ
3409 883 3745 952 ὁμοούσιον,

2139 976 2215 1041 ὡς
2234 977 2512 1048 ἐνέργειαν
2535 975 2807 1039 οὐσιωδῶς
2825 975 3151 1044 ὑφεστῶσαν
3176 976 3273 1028 καὶ
3308 974 3512 1040 ζῶσαν,
3535 977 3747 1045 ὥσπερ

2139 1068 2234 1122 οὖν
2264 1068 2460 1139 ἀμέλει
2493 1067 2591 1122 καὶ
2617 1067 2776 1136 λόγον
2797 1066 2977 1132 ζῶντα
3012 1066 3105 1121 καὶ
3139 1067 3373 1136 δύναμιν
3395 1067 3492 1121 καὶ
3530 1065 3744 1134 σοφίαν

2139 1158 2555 1219 αὐθυπόστατον
2602 1156 2694 1210 τὸν
2742 1157 3007 1228 μονογενῆ
3058 1156 3196 1209 Θεοῦ
3239 1157 3411 1226 Λόγον
3454 1158 3555 1210 καὶ
3600 1156 3742 1208 Υἱὺν

2138 1246 2234 1302 τοῦ
2286 1248 2503 1318 Πατρὸς
2549 1249 2838 1319 εἰρήκασιν
2884 1248 2933 1302 oi
2982 1245 3277 1318 θεόφρονες
3310 1247 3411 1315 τῆς
3459 1245 3740 1316 ἀληθείας

2137 1340 2466 1396 διδάσκαλοι.
2513 1340 2624 1410 Τὴν
2681 1339 2739 1392 δὲ
2783 1338 2977 1407 ἑτέραν
3034 1338 3317 1410 ἑνέργειὰν
3367 1355 3535 1405 φασιν
3584 1333 3736 1389 εἶναι

2137 1433 2245 1487 τῶν
2282 1433 2439 1495 ἐκτὸς
2472 1430 2905 1502 ἀπεργαστικὴν,
2942 1430 3060 1484 καθ’
3103 1432 3170 1513 fw
3202 1430 3332 1501 περί
3364 1447 3416 1482 τι
3442 1428 3554 1482 τῶν
3590 1429 3734 1494 ἕξω-

2140 1522 2229 1575 θεν
2262 1520 2453 1591 (207
2482 1521 2545 1587 a)
2585 1520 2681 1575 ml.
2730 1520 3082 1589 ἑτεροουσίων
3136 1518 3376 1589 ἐνεργῶν
3420 1536 3506 1582 τις
3531 1519 3735 1585 ἕτερόν

464 1612 719 1667 doctores
737 1612 1015 1666 dixerunt.
1039 1611 1277 1666 Alteram
1308 1619 1489 1665 autem
1520 1612 1792 1665 actionem
1826 1610 1892 1665 ad
1934 1627 2030 1667 ex-

2146 1629 2182 1665 n
2214 1614 2313 1682 τῆς
2341 1611 2475 1675 ἰδίας
2506 1611 2692 1674 οὐσίας
2722 1611 2999 1680 ἀλλότριον
3023 1612 3087 1663 ὲκ
3107 1609 3593 1680 προϋποκειμένης
3612 1608 3748 1677 ὕλης

466 1711 621 1757 terna
650 1703 935 1757 eﬂicienda
965 1703 1242 1773 pertinere
1272 1710 1543 1768 statuunt,
1582 1718 1690 1772 qua
1728 1702 1854 1772 quis
1882 1702 2025 1756 circa

2146 1701 2275 1766 τινος
2310 1701 2736 1767 κατασκευάζει.
2771 1701 2988 1773 Ταύτην
3026 1701 3083 1755 δὲ
3121 1701 3221 1771 τὴν
3265 1700 3551 1771 ἐνέργειαν
3604 1702 3733 1760 ταῖς

464 1804 751 1865 externum
781 1794 988 1863 aliquid
1017 1801 1073 1849 ct
1102 1796 1294 1850 alienae
1321 1795 1571 1850 essentia:
1600 1810 1766 1865 agens
1788 1793 2027 1848 alienum

463 1885 595 1954 quid
625 1900 655 1938 a
685 1885 908 1954 propria
938 1886 1178 1940 essentia
1207 1893 1372 1956 atque
1403 1886 1681 1940 diversum
1708 1900 1776 1939 ex
1804 1883 2036 1939 materia

458 1977 568 2044 jam
600 1976 749 2044 prius
782 1976 1083 2031 cxsisteute
1115 1977 1373 2031 instituit.
1425 1977 1576 2031 Hanc
1620 1984 1803 2030 autem
1860 1975 2038 2030 actio-

464 2082 588 2121 nem
608 2084 732 2121 cum
757 2068 969 2123 artibus
993 2069 1293 2123 secundum
1312 2068 1598 2123 scientiam
1628 2064 2030 2122 communicari

462 2170 517 2214 et
546 2162 902 2230 compositam
933 2177 1054 2216 esse
1096 2161 1270 2215 aiunt.
1303 2162 1379 2216 De
1408 2177 1514 2230 qua
1545 2160 1766 2215 divinus
1790 2159 1981 2214 doctor
2017 2174 2064 2213 ε’

467 2274 487 2306 ι
510 2255 644 2317 Etsi,
674 2253 1132 2323 inquit,alioquin
1149 2252 1485 2307 absurditate
1504 2267 1615 2307 non
1638 2258 1806 2316 caret,
1827 2270 1845 2302 ι
1875 2250 2028 2321 juxta

460 2359 622 2413 quam
662 2343 921 2397 videlicet
949 2343 1219 2397 rationem
1247 2349 1468 2412 accepta
1514 2349 1620 2405 est,
1656 2359 1673 2392 ι
1714 2340 2029 2411 hujusmodi

460 2434 694 2488 actionis
739 2434 949 2503 opinio,
986 2454 1004 2485 ι
1061 2433 1366 2504 praesertim
1407 2433 1450 2488 si
1494 2433 1562 2488 de
1596 2434 1756 2489 Patre
1805 2440 1862 2487 et
1891 2432 2028 2487 Filio

463 2527 747 2595 accipitur,
792 2526 862 2580 de
906 2527 1111 2596 quibus
1150 2541 1220 2580 ne
1274 2526 1517 2596 priorem
1549 2524 1772 2595 quidem
1803 2524 2028 2595 proprie

2131 1794 2348 1863 τέχναις
2393 1792 2832 1863 ὲπιστημονικῶς
2865 1792 3191 1861 συγκεῖσθαί
3222 1808 3374 1861 φασι.
3419 1791 3560 1861 Περὶ
3602 1786 3678 1863 ἦς
3702 1794 3731 1844 6

2135 1885 2378 1954 θεόφρων
2403 1883 2724 1947 διδάσκαλός
2750 1901 2909 1953 φησι,
2956 1903 2971 1935 ι
3000 1885 3062 1937 Et
3097 1884 3189 1939 καὶ
3234 1885 3428 1947 ἄτοπος
3460 1883 3673 1946 ἄλλως,
3704 1901 3723 1933 ι

2137 1976 2267 2047 παρ’
2293 1976 2351 2029 ὃν
2381 1975 2589 2047 ἐλήφθη
2625 1976 2868 2047 δηλονότι
2897 1976 3120 2045 τρόπον,
3149 1996 3166 2029 ι
3190 1976 3253 2028 Ἥ
3270 1979 3371 2045 τῆς
3396 1976 3527 2044 περὶ
3556 1974 3729 2027 τοῦτο

2133 2068 2415 2138 ἐνεργείας
2447 2066 2773 2137 ὑπόληψις).
2828 2066 2925 2119 καὶ
2967 2067 3202 2137 μάλιστα
3236 2067 3328 2120 ἐπὶ
3364 2066 3587 2136 Πατρός
3623 2066 3724 2117 καὶ

2135 2158 2268 2211 Υίοῦ
2294 2157 2734 2228 λαμϐανομένης,
2765 2156 2849 2226 ἐφ’
2874 2153 2950 2211 ὧν
2979 2156 3100 2210 οὐδὲ
3128 2156 3227 2228 τὴν
3253 2156 3474 2229 πρώτην
3502 2155 3721 2225 κυρίως

2135 2248 2393 2316 δέξασθαι
2430 2251 2459 2303 6
2490 2250 2721 2320 εὐσεϐὴς
2758 2250 3014 2321 ἀνέχεται
3055 2250 3203 2314 νοῦς,
3236 2250 3326 2303 διὰ
3355 2250 3419 2302 τδ
3442 2249 3544 2302 καὶ
3574 2248 3725 2318 ὑπὲρ

2135 2341 2339 2412 ταύτην
2368 2337 2630 2414 εἶναιτὴν
2662 2343 2729 2397 ὲκ
2749 2342 2844 2396 τοῦ
2892 2343 3105 2414 Πατρὸς
3140 2342 3237 2397 καὶ
3270 2342 3386 2412 ἃμα
3422 2340 3503 2411 τῷ
3540 2340 3726 2410 [Iasz

2136 2435 2231 2488 καὶ
2257 2436 2316 2488 ὲν
2345 2434 2424 2505 τῷ
2455 2436 2632 2505 Πατρὶ
2664 2436 2939 2506 ἄφραστον
2967 2436 3062 2489 καὶ
3092 2434 3448 2507 ἀπερινόητον
3477 2432 3727 2505 ὓπαρξιν

2135 2525 2230 2579 τοῦ
2269 2526 2630 2595 Μονογενοῦς.

461 2617 729 2673 actionem
773 2625 1014 2672 statuere
1064 2631 1165 2671 nos
1202 2615 1324 2685 pius
1376 2631 1570 2671 sensus
1612 2616 1843 2686 patitur,
1887 2620 2174 2683 propterea
2204 2615 2353 2684 quod
2405 2616 2571 2670 etiam
2606 2617 2749 2673 hanc
2788 2625 3016 2687 superat
3052 2616 3349 2675 inetl‘abilis
3395 2627 3453 2672 et
3493 2616 3715 2675 incom-

461 2706 851 2775 prehensibilis
877 2706 1152 2777 Unigeniti
1185 2708 1512 2772 substantia,
1544 2722 1651 2778 qua
1688 2705 1942 2763 ex‘Patre
1966 2714 2023 2760 et
2048 2720 2175 2760 cum
2203 2707 2364 2765 Patre
2385 2718 2439 2763 et
2468 2709 2523 2767 in
2558 2710 2720 2765 Patre
2759 2716 2865 2765 est.

2061 2831 2133 2846 -

462 2912 546 2981 Ea:
573 2915 798 2966 secundo
829 2914 891 2967 de
917 2912 1049 2967 Filio
1084 2931 1341 2977 sermone,
1369 2916 1424 2968 in
1461 2915 1597 2968 illud
1624 2932 1642 2968 :
1687 2933 1704 2965 ι
1739 2914 1878 2969 Dem
1910 2931 2030 2970 vero

2146 2918 2246 2972 Ἐκ
2299 2916 2409 2971 τοῦ
2454 2917 2515 2981 ,ϐ’
2562 2916 2696 2987 περὶ
2736 2916 2873 2972 Υίοῦ
2900 2918 3110 2986 λόγου,
3156 2917 3245 2980 είς
3289 2916 3376 2968 τό·
3421 2933 3441 2967 ‹
3470 2913 3618 2980 Θεὸς
3651 2913 3725 2967 δὲ

533 3005 739 3057 dicatur
787 3022 891 3057 non
922 3007 1126 3081 ratione
1158 3004 1323 3070 Verbi,
1359 3007 1449 3058 sed
1491 3008 1657 3076 partis
1680 3022 1797 3077 quae
1823 3009 1878 3061 in
1908 3024 2035 3062 ocu-

533 3093 707 3148 lorum
738 3111 946 3147 sensum
985 3093 1142 3147 cadit.
1194 3092 1305 3158 Quo
1344 3095 1483 3164 enim
1536 3095 1687 3148 modo
1729 3095 1896 3159 illius,
1946 3096 2036 3167 qui

534 3187 746 3256 prOprie
780 3185 915 3239 Deus
939 3193 1014 3239 est
1043 3184 1182 3239 Deus
1221 3185 1323 3238 dici
1356 3186 1552 3255 queat?
1582 3185 2034 3250 Quemadmodum

530 3279 693 3333 Pater
742 3296 845 3332 non
897 3279 1264 3341 humanitatis,
1300 3278 1391 3331 sed
1427 3278 1576 3332 Verbi
1632 3287 1883 3350 respectu.
1920 3278 2035 3335 Du-

529 3372 654 3443 plici
689 3372 878 3443 quippe
922 3380 1117 3425 natura
1146 3371 1452 3435 constabat;
1487 3387 1587 3441 quo
1627 3370 1688 3439 fit
1719 3379 1774 3424 ut
1810 3371 2035 3427 alterum

533 3467 597 3519 de
648 3473 867 3535 utroque
905 3465 1115 3535 praprie
1171 3464 1399 3529 dicatur,
1453 3463 1683 3518 alterum
1728 3466 2033 3535 improprie,

532 3564 718 3610 contra
763 3573 925 3626 quam
961 3558 1017 3610 in
1065 3555 1208 3609 nobis
1259 3573 1315 3609 se
1349 3572 1431 3609 res
1477 3556 1649 3610 habet.
1702 3556 1842 3612 Deus
1896 3559 2036 3612 enim

532 3648 745 3717 proprie
769 3654 945 3701 noster
962 3646 1100 3701 Deus
1125 3655 1219 3711 est,
1248 3664 1350 3701 non
1378 3656 1555 3701 autem
1578 3650 1788 3719 proprie
1806 3648 1987 3703 Pater.
2012 3667 2027 3698 ο

542 3781 559 3811 ι
594 3761 840 3814 Alterura
875 3761 1100 3830 proprie
1145 3760 1214 3816 de
1254 3768 1489 3831 utroque
1515 3780 1533 3811 ι
1572 3770 1657 3817 est
1695 3761 2033 3831 ponendum,

464 3862 520 3909 et
561 3852 628 3905 de
654 3851 816 3906 Patre
845 3859 902 3905 et
930 3852 997 3906 de
1033 3851 1166 3917 Deo,
1212 3860 1274 3906 ut
1296 3867 1529 3922 quorum
1573 3860 1872 3921 utrumque
1903 3867 2035 3922 pro—

462 3943 580 4012 prie
610 3949 792 4011 potest
822 3941 891 3996 de
913 3942 1133 3999 Christo
1164 3942 1272 3997 dici
1299 3950 1527 4013 pr0pter
1557 3943 1879 3999 substantia:
1916 3944 2039 3997 uni-

464 4042 652 4089 tatem.
694 4032 898 4089 Christi
932 4035 1081 4088 enim
1121 4035 1286 4089 Pater
1327 4033 1554 4104 proprie
1593 4041 1677 4088 est
1710 4034 1875 4100 Deus,
1908 4034 2036 4103 quia

464 4123 634 4178 Filius
671 4132 727 4178 et
773 4123 918 4179 Deus
957 4123 1150 4179 Sermo
1200 4131 1256 4178 et
1301 4114 1469 4177 unus'
1501 4132 1703 4177 sanctae
1751 4122 2037 4176 Trinitatis

462 4214 681 4269 exsistit
730 4214 815 4269 vel
879 4223 1003 4284 post
1063 4214 1555 4279 carniﬁcationcm,
1612 4223 1672 4268 ut
1726 4217 1891 4270 etiam
1937 4216 2034 4271 Dei

463 4306 708 4377 ejusdem
757 4306 963 4362 Christi
1021 4323 1217 4362 rursus
1257 4316 1344 4363 est
1398 4307 1643 4378 proprie,
1688 4308 1817 4376 quia
1868 4308 2036 4362 homo

465 4413 653 4453 revera
684 4407 766 4452 est
795 4406 1021 4468 prOpter
1053 4413 1295 4460 carnem,
1337 4407 1391 4452 ct
1424 4413 1568 4452 unus
1602 4397 1888 4450 hominum
1938 4413 2038 4468 ap-

463 4488 811 4556 pellabatur;
859 4503 981 4557 quae
1023 4487 1170 4541 enim
1207 4488 1446 4557 partium
1493 4496 1643 4549 sunt,
1675 4503 1738 4541 ea
1789 4488 1857 4542 de
1897 4498 2035 4547 toto.

462 4579 607 4647 quod
632 4578 759 4632 inde
789 4578 1060 4645 consistit,
1088 4579 1310 4648 proprie
1336 4579 1728 4649 praedicantur,
1758 4579 1885 4648 quia
1910 4596 2041 4650 pro-

463 4670 579 4740 prie
613 4670 809 4740 recipit
856 4685 1197 4740 quaecunque
1236 4670 1564 4725 naturaliter
1609 4670 1881 4726 inhaerent
1912 4687 2038 4741 par-

464 4761 631 4826 tibus,
669 4760 814 4814 unde
862 4762 1027 4814 ctiam
1073 4768 1349 4816 constant.
1408 4780 1425 4811 ι
1457 4762 1701 4815 Alterum
1736 4761 2036 4832 improprie

465 4855 532 4907 de
568 4864 801 4922 utroque
828 4872 844 4903 ι
893 4852 1420 4923 aeque'capiendum
1457 4861 1541 4907 est
1582 4861 1637 4907 et
1686 4853 1753 4907 de
1805 4854 1917 4908 Deo
1980 4861 2037 4907 et

469 4945 534 4997 de
576 4946 756 5009 Patre,
804 4946 933 5012 quia
983 4955 1280 5013 utrumque
1326 4943 1653 4998 vocabulum
1701 4947 1769 4997 de
1815 4944 2037 5001 Christo

468 5036 688 5102 proprie
729 5035 839 5088 dici
876 5035 1088 5102 nequit,
1125 5042 1353 5103 propter
1393 5034 1697 5088 naturalem
1736 5050 1928 5088 earum
1970 5050 2035 5088 ex

468 5126 671 5191 quibus
720 5135 775 5180 et
819 5128 872 5183 in
905 5126 1108 5195 quibus
1143 5125 1393 5179 consistit
1420 5136 1742 5179 naturarum
1774 5126 2035 5180 differen-

471 5215 620 5266 t'um.
656 5215 785 5281 Quae
817 5215 963 5269 enim
1009 5216 1059 5268 ei
1108 5214 1255 5284 quod
1302 5215 1368 5269 de
1408 5216 1808 5284 compositione
1863 5226 2034 5269 totum

470 5311 553 5357 est
592 5304 872 5359 adluerent
900 5305 968 5358 de
1002 5320 1107 5358 una
1138 5305 1375 5357 alterave
1416 5305 1658 5374 partium
1688 5320 1933 5370 suarum,
1972 5321 2037 5359 ea

474 5411 748 5463 utinquam
787 5395 1006 5466 proprie
1036 5396 1502 5464 praedicabantur.
1530 5417 1545 5445 ‹
1573 5394 1774 5449 Contra
1806 5414 1824 5444 ι
1858 5404 2038 5450 autem

2207 3010 2442 3079 λέγοιτο
2497 3009 2574 3064 ἂν
2603 3011 2675 3063 οὐ
2709 3010 2816 3063 τοῦ
2865 3011 3085 3078 Λόγου,
3132 2998 3242 3060 Δτοῦ
3288 3004 3595 3073 δρωμένου
3628 3003 3721 3056 δέ.

2208 3102 2342 3168 Πῶς
2384 3103 2495 3172 γὰρ
2548 3101 2642 3169 εἵη
2692 3101 2795 3155 τοῦ
2853 3099 3073 3166 κυρίως
3108 3096 3259 3152 Θεοῦ
3301 3098 3480 3162 aede;
3514 3096 3725 3163 ὥσπερ

2208 3193 2308 3247 καὶ
2351 3192 2555 3262 Πατὴρ
2587 3194 2660 3246 οὐ
2708 3191 2817 3246 τοῦ
2857 3192 3179 3260 ὁρωμένου,
3219 3188 3326 3243 τοῦ
3385 3189 3584 3258 Λόγου
3630 3186 3721 3240 δέ.

2209 3285 2314 3339 Kal
2346 3285 2455 3354 γὰρ
2497 3280 2576 3353 ἦν
2619 3283 2893 3348 διπλοῦς,
2926 3282 3081 3335 ὥστε
3112 3282 3181 3335 τὸ
3213 3280 3328 3350 μὲν
3369 3279 3591 3347 κυρίως
3626 3279 3724 3330 ἐπ’

2208 3377 2451 3444 ἀμφοῖν,
2478 3376 2545 3430 τὸ
2574 3375 2642 3429 δὲ
2673 3377 2746 3430 οὐ
2768 3373 2984 3443 κυρίως
3002 3390 3017 3406 ο
3049 3373 3334 3439 ἐναντίως
3359 3371 3428 3426 δὲ
3440 3372 3533 3440 ἐφ’
3552 3368 3727 3439 ἡμῶν

2208 3467 2353 3536 ἔχει.
2396 3466 2595 3535 Ἠμῶν
2623 3466 2733 3536 γὰρ
2768 3465 2983 3533 κυρίως
3017 3464 3161 3531 Θεὸς
3209 3467 3243 3519 d
3281 3464 3445 3529 Θεὸς,
3494 3465 3570 3519 οὐ
3614 3479 3723 3517 xv.

2203 3560 2348 3627 ρίως
2379 3558 2446 3611 δὲ
2478 3557 2682 3628 Πατήρ
2717 3557 2851 3629 (15).
2885 3577 2904 3609 ι

2212 3757 2285 3810 Τὸ
2319 3758 2416 3827 μὲν
2445 3756 2651 3825 κυρίως
2677 3757 2763 3810 ἐπ’
2784 3756 2985 3826 ἀμφοῖν
3004 3753 3210 3819 θετέον,
3232 3754 3347 3819 τοῦ,
3383 3752 3598 3822 Πατὴρ,
3628 3754 3725 3808 καὶ

2137 3849 2254 3912 τοῦ,
2285 3847 2437 3910 Θεὸς,
2461 3847 2536 3908 ὡς
2579 3845 2783 3915 ἀμφοῖν
2824 3844 2917 3898 ἐπὶ
2950 3843 3189 3915 Χριστοῦ
3224 3844 3432 3914 κυρίως
3465 3842 3723 3909 λέγεσθαι

2137 3937 2455 4009 δυναμένων
2495 3935 2583 3989 διὰ
2617 3936 2716 4007 τὴν
2773 3936 2903 4004 μίαν
2953 3935 3281 3988 ὑπόστασιν.
3323 3933 3565 4004 Χριστοῦ
3615 3932 3723 4002 γὰρ

2142 4031 2332 4103 Πατὴρ
2365 4030 2569 4101 κυρίως
2606 4030 2755 4083 ἐστὶν
2781 4030 2808 4082 6
2834 4027 2987 4089 Θεὸς,
3013 4027 3086 4089 ὡς
3110 4026 3244 4078 Υίοῦ
3271 4027 3366 4078 καὶ
3387 4024 3525 4078 Θεοῦ
3549 4025 3721 4091 Λόγου

2139 4124 2234 4178 καὶ
2280 4124 2400 4188 ἑνὸς
2449 4123 2550 4193 τῆς
2600 4122 2759 4190 ἁγίας
2789 4119 3021 4189 Τριὰδος
3070 4119 3412 4187 ὑπάρχοντος
3446 4118 3543 4170 καὶ
3585 4117 3721 4183 μετὰ

2140 4214 2238 4283 τὴν
2270 4214 2572 4284 σάρκωσιν,
2608 4213 2703 4266 καὶ
2739 4207 2875 4264 Θεοῦ
2914 4207 3009 4262 τοῦ
3051 4207 3220 4260 αὐτοῦ
3271 4206 3512 4277 Χριστοῦ
3562 4205 3720 4259 πάλιν

2142 4304 2346 4377 κυρίως
2368 4305 2534 4369 ἐστὶν,
2567 4303 2641 4366 ὡς
2674 4300 2963 4374 ἀνθρώπου
2992 4298 3134 4352 κατὰ
3166 4299 3427 4367 ἀλήθειαν
3445 4297 3601 4357 ὄντος
3635 4297 3719 4350 διὰ

2137 4397 2239 4467 τὴν
2272 4396 2471 4467 σάρκα,
2504 4396 2596 4448 καὶ
2626 4394 2744 4457 ἐνὸς
2776 4391 2884 4445 τῶν
2907 4391 3209 4461 ἀνθρώπων
3252 4388 3717 4460 χρηματίζοντος·

2144 4490 2206 4541 τὰ
2244 4489 2352 4558 γὰρ
2385 4488 2495 4540 τῶν
2538 4483 2720 4556 μερῶν
2746 4482 2840 4536 τοῦ
2893 4482 2953 4546 ἐξ
2988 4480 3169 4534 αὐτῶν
3199 4481 3324 4533 ὅλου
3357 4481 3565 4552 κυρίως
3602 4495 3720 4532 κατ-

2138 4580 2443 4648 ηγορεῖται,
2459 4576 2531 4639 ὡς
2549 4573 2936 4645 ἐπιδεχομένου
2955 4571 3133 4625 πάντα
3157 4571 3365 4641 κυρίως
3388 4572 3458 4623 τὰ
3481 4570 3721 4640 φυσικῶς

2144 4667 2419 4737 προσόντα
2449 4668 2563 4729 τοῖς
2599 4664 2844 4734 μέρεσιν,
2873 4661 2933 4724 ἐξ
2960 4654 3036 4713 ὧν
3060 4661 3152 4715 καὶ
3181 4661 3480 4732 ὑφέστηκε.
3524 4680 3543 4712 ι
3570 4661 3643 4713 Τὸ
3667 4659 3722 4714 δὲ

2149 4761 2199 4812 r3
2231 4759 2435 4829 κυρίως
2461 4756 2723 4819 ὡσαύτως
2750 4754 2835 4807 ἐπ’
2868 4754 3072 4823 ἀμφοῖν
3098 4772 3116 4804 ι
3140 4751 3543 4821 ληπτέον.τοῦ,
3569 4751 3722 4815 Θεδς,

2143 4851 2236 4904 καὶ
2283 4848 2401 4911 τοῦ,
2436 4847 2648 4918 Πατὴρ,
2704 4847 2781 4910 ὡς
2842 4845 3045 4914 ἀμφοῖν
3094 4845 3191 4896 ἐπὶ
3225 4843 3471 4913 Χριστοῦ
3522 4843 3723 4911 κυρίως

2141 4938 2401 5010 λεχθῆναι
2437 4938 2509 5008 μὴ
2541 4936 2873 5002 δυναμένων,
2923 4932 3010 4985 διὰ
3041 4934 3142 5001 τὴν
3184 4936 3424 5002 φυσικὴν
3462 4931 3723 5003 διαφορὰν

2141 5030 2250 5083 τῶν
2282 5029 2339 5095 ἐξ
2363 5022 2438 5083 ὧν
2469 5029 2562 5080 καὶ
2588 5024 2644 5080 εν
2665 5021 2754 5090 αἷς
2785 5024 3081 5091 συνέστηκε
3114 5021 3357 5090 φύσεων.
3395 5023 3481 5075 Τὰ
3509 5022 3619 5092 γὰρ
3645 5019 3722 5089 τῷ

2141 5121 2283 5175 κατὰ
2332 5119 2581 5173 σύνθεσιν
2631 5117 2737 5186 ὅλῳ
2785 5114 3055 5186 προσόντα
3089 5112 3326 5183 θατέρου
3380 5114 3492 5166 τῶν
3530 5109 3722 5166 ἑαυτοῦ

2144 5213 2325 5285 μερῶν
2356 5213 2609 5264 οὐδέποτε
2650 5207 2854 5278 κυρίως
2898 5204 3446 5274 κατηγορηθήσεται.
3494 5204 3719 5256 «Ἐνανο

2142 5305 2269 5367 τίως
2295 5322 2312 5353 ι
2351 5303 2406 5354 δὲ
2444 5302 2515 5370 «ἢ
2546 5302 2631 5370 ἐφ’
2671 5299 2825 5370 ἡμῶν
2868 5295 3061 5367 (207
3085 5295 3147 5365 b)
3185 5295 3336 5365 ἔχει,
3377 5314 3399 5347 ι
3448 5294 3723 5348 τουτέστιν

2148 5393 2381 5463 ἔμπαλιν
2431 5392 2611 5455 καθὼς
2664 5390 2749 5458 ἐφ’
2801 5385 2955 5458 ἡμῶν
3007 5385 3145 5455 ἔχει.
3204 5385 3407 5441 Ἦνξκα
3465 5385 3577 5454 γὰρ
3627 5380 3721 5454 τὴν

547 5536 585 5605 ii
607 5536 653 5605 ‘1)
683 5538 840 5615 Greg.
868 5540 1117 5595 Nacianz.
1147 5541 1298 5601 Orat.
1331 5541 1522 5593 Theol.
1567 5538 1653 5606 IV,
1686 5539 1753 5595 dc
1780 5539 1935 5604 Filio,
1968 5556 2026 5593 ea

2146 5540 2175 5603 ι,
2208 5554 2260 5608 p.
2289 5537 2412 5605 5:5,
2456 5544 2587 5590 tom.
2627 5534 2644 5588 l
2675 5530 2812 5603 Opp.
2846 5528 2978 5585 edit.
3010 5524 3220 5579 Bened.
