4038 6146
1532 202 1541 209 α
1562 185 1800 210 ..ια’-δυτᾸ-...ζ

341 298 477 368 1269

1446 272 1461 281 ’
1559 309 2076 373 AMBIGUORUM
2113 309 2364 373 LIBER.

3434 302 3568 369 1270
3604 314 3621 334 “

337 413 600 485 διαφορὰν
629 406 963 485 θεωρῶπῶν
993 415 1229 483 φύσεων,
1284 418 1378 472 καὶ
1417 418 1517 489 τὴν
1564 420 1746 475 αὐτῶν
1783 421 1896 475 κατ¹

2014 437 2033 471 ι
2063 434 2225 489 quam
2259 420 2318 473 in
2358 418 2516 474 nobis
2542 431 2602 473 se
2647 431 2736 473 res
2766 415 2954 481 habet,
2983 434 3002 467 ι
3043 380 3261 470 hoe-est
3281 425 3479 466 rursus
3507 419 3570 466 ut

336 503 578 560 ἐπίνοιαν
612 505 875 575 ποιοῦμαι
907 506 1203 579 διάκρισιν,
1240 507 1301 561 οὐ
1334 508 1567 581 δύναμαι
1592 510 1653 564 τὸ
1677 512 1763 565 ἐπ’
1795 513 1903 582 ἀμ-

336 596 459 665 φοῖν
477 595 685 667 κυρίως
698 594 927 660 τιθέναι,
942 595 1061 661 τοῦ,
1089 595 1297 668 Πατὴρ,
1323 616 1395 670 φη
1406 599 1583 669 μὶ.καὶ
1603 599 1720 664 τοῦ,
1747 600 1899 666 Θεός.

335 687 412 740 Οὐ
446 686 557 757 γὰρ
601 679 807 759 κυρίως
836 686 930 741 τοῦ
961 687 1135 756 Λόγου
1165 687 1297 751 Θεὸς
1327 690 1474 744 ἐστιν
1517 693 1544 744 ό
1584 692 1795 763 Πατὴρ,
1840 695 1927 747 οὑ-

333 775 390 829 δέ
418 777 625 848 κυρίως
654 776 842 849 Πατὴρ
868 777 968 847 τῆς
1015 778 1217 850 σαρκός
1253 780 1402 833 ἐστιν
1435 782 1463 834 ό
1490 779 1642 844 Θεός.
1681 800 1700 832 ι
1723 782 1919 837 Ἐνανον

332 868 464 931 τίως
487 868 565 934 δὲ,
588 887 612 921 ι
647 869 926 924 τουτέστιν
954 869 1187 940 ιμπαλιν
1216 870 1294 936 δέ,
1333 871 1366 943 ἢ
1418 872 1790 945 ἀντιστρόφως
1819 874 1899 939 δὲ,

332 957 428 1013 τοῦ
463 977 522 1013 τε
567 960 808 1031 «κυρίως
833 980 854 1013 ι
886 960 1131 1033 δηλονότι
1161 962 1256 1015 καὶ
1288 981 1306 1014 ι
1330 963 1393 1016 οὑ
1418 964 1644 1036 κυρίως,
1670 983 1689 1016 ι
1718 966 1810 1019 ἐπί
1839 982 1899 1019 τε

332 1049 433 1118 τῆς
461 1048 707 1114 ἐνώσεως
735 1052 829 1105 καὶ
864 1050 966 1117 τῆς
1013 1050 1146 1122 μιᾶς
1193 1054 1565 1119 ὑποστάσεως,
1601 1057 1694 1110 ἐπί
1719 1074 1778 1111 τε
1804 1059 1902 1129 τῆς

332 1138 594 1207 διαφορᾶς
622 1141 732 1195 τῶν
754 1142 970 1210 φύσεων
1008 1144 1105 1198 καὶ
1135 1144 1234 1215 τῆς
1277 1148 1400 1201 κατ’
1447 1147 1691 1202 ἐπίνοιαν
1720 1149 1902 1203 αὐτῶν

333 1228 653 1299 διακρίσεως
705 1232 1154 1305 λαμϐανομένων,
1190 1236 1266 1301 ὡς
1310 1237 1412 1308 τῆς
1446 1238 1544 1310 μὲν
1600 1240 1731 1310 μίαν
1767 1241 1901 1294 ὑπο-

334 1318 574 1384 στάσεως
595 1322 800 1393 κυρίως
824 1324 959 1378 Θεὸν
984 1326 1078 1380 καὶ
1101 1326 1320 1398 Πατέρα
1338 1326 1649 1397 λεγόμενον,
1676 1330 1753 1394 ὡς
1781 1330 1897 1396 ἐνὸς

331 1405 589 1479 Χρίστοῦ,
646 1413 740 1466 τὸν
784 1414 915 1469 Θεὸν
959 1417 1351 1490 ἐπιδεχομένης
1380 1421 1522 1476 κατὰ
1564 1422 1663 1494 τὴν
1700 1424 1900 1477 ἀποδο-

333 1495 518 1552 θεῖσαν
577 1501 779 1567 αίτίαν,
836 1504 937 1575 τῆς
989 1505 1047 1558 δὲ
1101 1509 1224 1561 κατ’
1255 1508 1444 1563 οὐσίαν
1490 1510 1750 1582 διαφορᾶς
1789 1512 1900 1565 τῶν

334 1586 549 1655 φύσεων
574 1588 810 1658 ἔμπαλιν
839 1592 900 1645 τὸ
932 1594 1005 1663 μὴ
1047 1595 1253 1666 κυρίως
1275 1597 1683 1670 ἐπιδεχομένης,
1718 1600 1898 1666 καθὼς

331 1675 418 1742 ἐφ’
448 1677 603 1747 ἡμῶν
628 1677 762 1748 ἔχει.
808 1680 997 1751 Ἠμῶν
1019 1682 1128 1754 γὰρ
1164 1685 1372 1756 κυρίως
1402 1687 1501 1757 μὲν
1525 1687 1659 1752 Θεὸς
1686 1691 1713 1743 ό
1744 1690 1895 1758 Θεὸς,

331 1765 519 1837 ὥσπερ
566 1769 660 1822 καὶ
715 1771 814 1842 τῆς
859 1772 954 1826 τοῦ
988 1774 1161 1843 Λόγου
1216 1779 1437 1848 σαρκὸς,
1489 1780 1548 1833 ού
1595 1781 1796 1852 κυρίως
1841 1782 1897 1836 δέ

332 1856 538 1944 Πατὴρ,
567 1858 756 1930 ῶσπερ
786 1863 906 1936 οὐδὲ
928 1864 1026 1933 τῆς
1061 1864 1161 1919 τοῦ
1209 1868 1390 1936 Λόγου
1443 1870 1664 1939 σαρκός.
1710 1870 1899 1944 Ἐνηλ-

332 1943 616 2015 λαγμένως
643 1946 735 2004 οὖν
776 1954 843 2007 τὰ
879 1953 974 2007 τοῦ
1007 1955 1274 2028 ὅλουπῶς
1302 1958 1519 2029 μέρεσι,
1552 1961 1644 2014 καὶ
1683 1962 1761 2033 τῷ
1790 1943 1898 2034 ὅλῳ

329 2035 399 2087 τά
422 2038 528 2090 τῶν
555 2041 776 2095 οίκείων
807 2044 992 2115 μερῶν
1022 2048 1386 2119 ἐκφωνητέον,
1431 2052 1523 2105 καὶ
1553 2052 1708 2106 ἔσται
1739 2053 1899 2125 ῥᾳδία

331 2129 423 2181 καὶ
461 2134 636 2203 σαφὴς
669 2136 702 2206 ἡ
745 2135 838 2188 τοῦ
882 2140 1247 2209 προκειμένου
1289 2142 1617 2214 κατάληψις.
1669 2146 1779 2200 Καὶ
1814 2147 1901 2202 ἵνα

330 2220 665 2294 σαφέστερον
704 2226 927 2298 γένηται
979 2228 1040 2282 τὸ
1083 2230 1394 2301 λεγόμενον,
1451 2234 1614 2305 ἡνίκα
1672 2235 1771 2306 μὲν
1825 2236 1902 2302 ὡς

331 2313 626 2381 ὑπόστασις
686 2318 716 2369 ὁ
770 2320 1003 2391 Χριστὸς
1052 2321 1363 2394 θεωρεῖται,
1414 2326 1476 2379 τὸ
1532 2328 1779 2400 «κυρίως
1813 2330 1926 2383 ἐπ’.

330 2406 549 2474 ἀμφοῖν,
579 2427 599 2460 ι
627 2410 743 2477 τοῦ,
772 2411 924 2479 Θεὸς,
954 2413 1099 2484 λέγω
1144 2418 1238 2469 καὶ
1276 2416 1393 2484 τοῦ,
1423 2417 1633 2490 Πατὴρ,
1694 2421 1899 2488 θετέον,

331 2493 492 2578 ἡνίκα
517 2496 574 2549 δέ
604 2497 689 2551 διὰ
718 2498 813 2569 τὴν
830 2501 1142 2574 άσύγχυτον
1174 2504 1407 2578 ὓπαρξιν
1436 2507 1546 2561 τῶν
1591 2510 1650 2563 ἐν
1694 2505 1776 2575 οἷς
1806 2510 1902 2565 καὶ

330 2582 390 2647 ἐξ
415 2576 492 2637 ὧν
524 2587 671 2641 ἐστιν
710 2591 765 2643 αῖ
802 2590 894 2644 τοῦ
943 2593 1184 2663 Χριστοῦ
1217 2576 1409 2664 φύσεις
1443 2595 1799 2669 θεωροῦνται,
1839 2601 1902 2655 τὸ

336 2695 355 2726 ε
378 2674 613 2746 ἔμπαλιν
633 2698 653 2732 ι
700 2680 902 2748 θετέον,
936 2684 1073 2756 ὅπερ
1114 2687 1233 2740 ἐστὶ
1271 2687 1333 2741 τὸ
1362 2689 1438 2761 μὴ
1460 2690 1686 2761 κυρίως,
1718 2691 1901 2758 καθὼς

331 2765 416 2835 ἐφ’
470 2769 626 2839 ἡμῶν
681 2770 817 2842 ἔχει.
866 2775 975 2831 Καὶ
1018 2776 1169 2845 δηλοῖ
1220 2776 1377 2831 τοῦτο
1424 2780 1616 2849 σαφῶς
1668 2780 1842 2850 λέγων
1870 2784 1900 2836 ό

329 2856 646 2924 διδάσκαλος
674 2860 759 2915 διὰ
782 2862 875 2916 τοῦ
908 2865 1232 2934 ἐπαγαγεῖν,
1272 2868 1414 2922 «Καὶ
1438 2868 1598 2922 τοῦτο
1625 2872 1771 2924 ποιεῖ
1789 2873 1901 2935 τοῖς

330 2952 626 3019 αἱρετικοῖς
659 2953 757 3024 τὴν
808 2954 1039 3027 πλάνην,
1074 2958 1240 3028 ἡτῶν
1277 2958 1557 3030 ὀνομάτων
1595 2960 1894 3029 ἐπίζευξις,

2004 509 2072 564 de
2110 509 2271 564 nobis
2310 523 2375 564 se
2423 507 2590 563 habet
2635 522 2743 563 res.
2783 506 3016 573 Quando
3052 504 3199 560 enim
3246 510 3566 556 naturarum
3600 544 3605 547 .

2003 610 2191 671 specto
2241 599 2636 665 dill‘erentiam,
2667 613 2877 669 easque
2910 596 3243 669 cogitatione
3288 592 3565 656 discerno,

2003 691 2072 746 de
2110 699 2347 760 utroque
2383 689 2604 759 proprie
2636 702 2842 758 ponere
2870 702 2983 741 non
3009 698 3255 755 possum,
3285 682 3355 736 de
3384 680 3565 744 Patre,
3594 728 3599 731 _

2003 780 2250 850 inquam,
2281 789 2337 836 et
2370 779 2439 835 de
2472 780 2608 835 Deo.
2652 777 2815 833 Haud
2856 776 3006 832 enim
3034 775 3256 847 proprie
3285 770 3569 827 Sermonis

2001 869 2147 925 Deus
2191 878 2277 925 est
2320 871 2503 935 Pater,
2532 879 2736 939 ‘neque
2779 868 2998 939 proprie
3044 868 3206 922 Pater
3251 864 3438 919 carnis
3485 870 3573 917 est

2003 959 2170 1015 Deus.
2213 977 2232 1011 ι
2257 958 2459 1016 Contra
2512 974 2698 1030 quam,
2726 977 2745 1010 ι
2786 957 2893 1013 hoc
2926 967 3013 1013 est
3050 971 3244 1017 ται-ευ
3278 970 3432 1019 vero,
3480 952 3567 1007 vel

2002 1052 2279 1107 contrario
2318 1052 2505 1117 modo,
2547 1051 2694 1122 quod
2736 1049 2998 1105 nimirum
3045 1048 3288 1119 pertinet
3337 1047 3404 1102 ad
3433 1044 3607 1100 illud‘

2009 1162 2028 1194 ¢
2054 1144 2277 1212 ptoprie
2304 1162 2323 1193 ι
2357 1152 2413 1198 et
2458 1142 2822 1214 «improprie,
2855 1158 2875 1193 ι
2914 1140 2981 1195 ad
3011 1139 3316 1195 unitionem
3351 1145 3407 1191 et
3437 1135 3571 1191 sub-

2002 1234 2217 1289 stantiae
2256 1234 2542 1302 unitatem,
2575 1234 2642 1289 ad
2673 1223 3041 1289 diﬂ‘ere'ntiam
3072 1241 3391 1285 naturarum
3416 1236 3474 1283 et
3498 1227 3567 1282 ad

2001 1323 2297 1378 discrimen
2334 1337 2445 1393 quo
2490 1331 2676 1378 mente
2705 1321 3062 1391 percipimus,
3092 1318 3570 1375 cumsubstantia:

2001 1411 2184 1466 unitas
2255 1398 2474 1482 proprie
2511 1410 2621 1466 dici
2679 1410 2855 1465 Deum
2892 1417 2949 1464 et
2990 1409 3230 1474 Patrem,
3291 1416 3354 1464 ut
3398 1406 3570 1469 unius

1999 1501 2227 1567 Christi,
2277 1501 2348 1557 de
2392 1516 2561 1579 causa
2613 1499 2877 1571 pradicta
2909 1499 3083 1553 Deum
3110 1498 3385 1562 admittat,
3417 1512 3571 1552 cum-

1999 1609 2106 1665 que
2156 1609 2350 1649 rursus
2394 1592 2707 1650 essentialis
2762 1598 3088 1647 naturarum
3118 1589 3433 1647 differentia
3464 1590 3571 1645 im-

2001 1684 2227 1754 proprie
2264 1683 2377 1739 dici
2415 1683 2666 1753 recipiat,
2698 1681 3164 1754 quemadmodum
3213 1681 3271 1737 in
3317 1680 3570 1736 nobis-se

2003 1790 2091 1830 res
2134 1775 2323 1831 habet.
2370 1774 2571 1831 Noster
2622 1775 2772 1830 enim
2818 1772 3043 1844 proprie
3094 1773 3243 1827 Deus
3278 1779 3366 1827 est
3400 1771 3567 1837 Deus,

2002 1872 2063 1919 ut
2099 1865 2265 1920 etiam
2306 1865 2589 1921 Sermonis
2611 1864 2815 1929 carnis,
2845 1862 2942 1920 sed
2964 1877 3076 1917 non
3106 1863 3348 1934 proprie,
3383 1863 3568 1927 Pater,

2001 1966 2185 2011 utnec
2209 1956 2490 2011 Sermonis
2520 1956 2720 2011 carnis.
2744 1954 2985 2011 Invicem
3009 1955 3157 2011 enim
3184 1963 3351 2024 atque
3367 1961 3571 2008 mutuo

1999 2062 2124 2117 quae
2156 2046 2325 2102 totius
2375 2055 2504 2102 sunt
2544 2047 2809 2103 debemus
2848 2047 3119 2118 partibus,
3160 2060 3392 2117 quaeque
3441 2059 3573 2115 pros

2000 2138 2245 2208 priarum
2285 2148 2369 2193 est
2393 2138 2634 2207 partium
2665 2138 2766 2193 toti
2795 2138 3064 2194 debemus
3104 2137 3373 2201 tribucre,
3405 2144 3569 2205 atque

2001 2228 2181 2285 facilis
2201 2229 2311 2284 erit
2332 2238 2391 2283 et
2419 2229 2710 2299 perspicua
2737 2244 2928 2285 eorum
2957 2245 3079 2299 quae
3100 2235 3405 2284 tractantur
3423 2242 3573 2283 com-

2000 2320 2317 2391 prehensio.
2335 2321 2404 2376 Et
2422 2336 2531 2391 quo
2556 2321 2728 2391 magis
2754 2322 3107 2392 perspicuum
3143 2320 3238 2375 ﬁat
3259 2318 3404 2389 quod
3421 2317 3566 2380 dico,

2002 2412 2221 2482 quando
2266 2420 2329 2466 ut
2377 2411 2739 2467 substantiam
2803 2412 3243 2481 conteruplamur
3290 2408 3568 2465 Christum

2002 2502 2139 2558 illud
2183 2523 2200 2554 ι
2235 2504 2459 2573 proprie
2501 2503 2569 2557 de
2626 2510 2917 2572 utroque,»
2954 2502 3025 2557 de
3057 2502 3190 2564 Deo.
3231 2500 3478 2570 inquam,
3516 2506 3577 2552 et

2003 2596 2185 2659 Patre,
2212 2594 2565 2665 ponendum;
2599 2592 2833 2664 quando‘
2856 2603 3040 2649 autem
3072 2608 3171 2662 per
3197 2589 3570 2647 exsistentiam

2002 2686 2349 2742 inconfusam
2376 2702 2569 2741 eorum
2603 2687 2658 2741 in
2690 2687 2893 2757 quibus
2916 2693 2973 2741 et
2998 2701 3066 2740 ex
3091 2685 3296 2755 quibus
3316 2689 3577 2739 constant

2001 2776 2205 2833 Christi
2250 2788 2481 2841 naturae,
2541 2777 2677 2832 illud
2721 2795 2741 2828 ι
2768 2793 2962 2832 rursus
2987 2796 3004 2827 ι
3043 2775 3389 2847 ponendum,
3420 2772 3583 2844 quod

2001 2875 2086 2922 est
2130 2882 2239 2921 non
2280 2866 2521 2937 proprie,
2567 2867 3033 2937 quemadmodum
3079 2869 3134 2921 in
3181 2868 3340 2923 nobis
3381 2882 3441 2922 se
3480 2882 3570 2921 res

2000 2956 2189 3013 habet.
2243 2956 2310 3012 Et
2352 2957 2459 3012 hoc
2502 2958 2776 3029 signiﬁcat
2823 2960 3108 3015 manifesta
3149 2960 3397 3030 magistri
3444 2975 3570 3016 ora-

328 3040 812 3145 Ξπαλλαττομένων
837 3046 944 3098 τῶν
971 3047 1253 3117 ὀνομάτων
1273 3048 1363 3102 διὰ
1392 3048 1493 3121 τὴν
1520 3048 1841 3123 σύγκρασιν.
1870 3070 1890 3104 ι

2003 3047 2100 3114 ιίο,
2144 3062 2271 3104 cum
2321 3047 2598 3119 subjiciat,
2656 3068 2674 3099 ι
2708 3047 2887 3119 Atque
2933 3049 3040 3106 hoc
3071 3057 3157 3105 est
3205 3049 3352 3120 quod
3392 3049 3571 3105 haere-

329 3130 560 3202 Σημεῖον
584 3132 663 3197 δέ,
702 3133 863 3202 ἡνίκα
914 3138 972 3190 ai
1025 3137 1044 3207 (
1067 3137 1323 3211 203a)
1369 3138 1557 3209 φύσεις
1595 3140 1895 3197 διίστανται

327 3225 447 3285 ταῖς
474 3223 761 3292 ἐπινοίαις,
798 3228 1182 3300 συνδιῄρηνται
1210 3231 1306 3283 καὶ
1338 3231 1406 3309 τᾴ
1434 3231 1691 3303 ὀνόματα.
1727 3234 1899 3288 Τουτ-

328 3314 496 3380 έστιν,
530 3315 635 3380 ἓως
674 3318 972 3373 ὑπόστασιν
998 3321 1129 3390 μίαν
1175 3325 1397 3389 σκοπεῖς
1439 3324 1531 3378 τὸν
1577 3325 1832 3396 Χριστὸν,
1861 3328 1895 3397 ἡ

329 3405 449 3459 κατ’
504 3408 816 3480 ἐπαλλαγὴν
894 3410 1003 3464 τῶν
1070 3412 1352 3481 όνομάτων
1425 3412 1702 3480 ἐπίζευξίς
1750 3416 1897 3471 ἐστιν

326 3495 652 3569 ἀδιαίρετος,
689 3499 910 3552 ἐπειδὰν
937 3498 994 3553 δὲ
1028 3502 1149 3565 ταῖς
1179 3500 1443 3566 ἐπινοίαις
1479 3502 1772 3575 διαστήσῃς
1799 3498 1897 3570 τὰς

330 3585 753 3658 συμπληρούσας
780 3584 880 3655 τὴν
926 3590 1056 3661 μίαν
1113 3592 1431 3647 ’ὑπόστασιν
1499 3594 1594 3648 τοῦ
1658 3596 1896 3666 Χριστοῦ

329 3676 538 3746 φύσεις,
571 3681 864 3745 συνδιείλες
882 3686 1006 3748 ταῖς
1040 3685 1234 3754 φύσεσι
1288 3688 1381 3741 καὶ
1428 3688 1496 3741 τὰ
1545 3689 1820 3759 ὀνόματαο
1862 3691 1894 3761 ἢ

330 3769 509 3833 πάλιν,
543 3773 775 3843 ἐπείπερ
804 3775 903 3846 τὴν
937 3776 1100 3847 φύσιν
1132 3777 1354 3843 διπλοῦς
1385 3780 1413 3832 ό
1447 3781 1702 3852 Χριστὸς,
1731 3783 1898 3852 ἄμφω

328 3865 713 3931 κατηγορεῖται
739 3865 929 3931 αὑτοῦ,
961 3867 1024 3920 τὸ
1047 3868 1177 3933 Θεὸς
1202 3871 1298 3923 καὶ
1326 3871 1536 3942 Πατὴρ,
1564 3874 1768 3944 κυρίως
1798 3874 1896 3944 μὲν

327 3952 487 4021 ἡνίκα
536 3960 961 4024 συνεκφωνεῖται
1007 3962 1358 4033 καταλλήλως
1410 3967 1530 4027 ταῖς
1582 3964 1776 4033 φύσεσι
1826 3966 1896 4019 τὰ

326 4044 585 4114 ὀνόματα,
618 4048 677 4099 οὐ
707 4050 915 4119 κυρίως
953 4050 1009 4103 δὲ
1031 4052 1159 4106 ὅταν
1186 4055 1220 4124 ἡ
1244 4054 1386 4109 κατὰ
1427 4054 1590 4123 φύσιν
1628 4057 1895 4127 ἐκατέρου

325 4135 434 4188 τῶν
468 4135 527 4200 ἐξ
550 4129 624 4189 ὧν
651 4139 712 4191 ἐν
748 4134 830 4202 οἷς
861 4156 922 4192 τε
952 4141 1045 4194 καὶ
1090 4140 1235 4213 ἅπερ
1276 4144 1395 4195 ἐστὶ
1435 4143 1651 4214 θατέρῳ
1679 4144 1767 4198 διὰ
1796 4146 1895 4216 τὴν

330 4228 456 4298 μίαν
489 4230 786 4285 ὑπόστασιν
833 4232 1262 4305 ἐπηλλαγμένως
1306 4234 1645 4290 ἀντιδίδωται
1678 4236 1892 4307 κτῆσις.

325 4318 501 4392 Ὅπερ
537 4325 705 4375 ποιεῖν
740 4324 813 4395 μὴ
843 4324 1232 4393 γινώσκοντες,
1285 4326 1318 4397 ἥ
1355 4326 1690 4399 κυριώτερον
1718 4330 1895 4382 εἰπεῖν

1998 3141 2137 3197 ticos
2170 3141 2227 3196 in
2267 3156 2518 3196 errorem
2553 3142 2786 3207 inducit,
2822 3158 3023 3212 nempe
3053 3143 3339 3198 nominum
3372 3143 3570 3196 horum

1996 3229 2332 3299 conjunctio,
2364 3230 2689 3299 permutatis
2706 3230 2968 3287 videlicet
2989 3233 3132 3285 inter
3163 3246 3221 3292 se
3247 3230 3574 3286 nominibus

2002 3327 2232 3390 propter
2266 3328 2479 3376 natura:
2535 3322 2825 3389 utriusque
2874 3321 3293 3375 connexionem.
3327 3338 3346 3371 ι
3396 3322 3571 3391 Argu-

1996 3419 2185 3467 mento
2224 3419 2310 3467 est
2343 3410 2488 3481 quod
2526 3426 2652 3465 cum
2696 3419 2911 3464 naturae
2942 3409 3130 3464 animo
3159 3418 3215 3463 et
3236 3409 3572 3478 cogitatione

1996 3502 2436 3572 distinguuntur,
2490 3500 2653 3555 simul
2688 3515 2910 3570 quoque
2961 3500 3187 3554 nomina
3215 3499 3568 3555 dividuntur.

1999 3591 2113 3646 Hoc
2164 3599 2271 3653 est,
2315 3589 2561 3659 quandiu
2608 3588 2894 3645 Christum
2949 3605 3114 3645 unam
3177 3590 3573 3661 contemplaris

1998 3680 2385 3743 substantiam,
2436 3677 2720 3741 nominum
2766 3678 3072 3733 secundum
3103 3679 3571 3759 permutationem

1999 3768 2319 3841 conjunctio
2354 3766 2635 3822 individua
2667 3768 2884 3832 est,ubi
2914 3778 3097 3823 autem
3138 3769 3422 3825 intellectu
3455 3770 3572 3827 dis-

2006 3857 2392 3915 criminaveris
2429 3866 2658 3913 naturas
2676 3873 2798 3927 quae
2816 3857 3023 3913 Christi
3048 3858 3369 3914 substantiae
3388 3858 3569 3915 unita-

1999 3963 2109 4008 tem
2133 3958 2541 4015 consummant,
2574 3966 2684 4004 una
2710 3965 2835 4003 cum
2860 3951 3074 4005 naturis
3099 3951 3324 4005 nomina
3350 3966 3572 4022 quoque

1995 4041 2470 4112 discriminabisg
2491 4053 2588 4095 aut
2639 4056 2853 4109 rursus,
2904 4055 3031 4095 cum
3075 4039 3330 4096 Christus
3370 4041 3573 4111 duplex

1995 4146 2196 4191 natura
2240 4134 2333 4198 sit,
2378 4140 2676 4203 utrumque
2714 4132 2785 4188 de
2827 4148 2895 4189 eo
2949 4131 3304 4202 praedicatur,
3340 4142 3398 4188 et
3424 4134 3577 4190 Deus

1994 4237 2051 4284 et
2071 4230 2254 4294 Pater,
2277 4228 2504 4307 proprie
2524 4226 2744 4298 quidem
2762 4227 2984 4298 quando
3005 4228 3224 4283 naturis
3239 4229 3572 4284 convenien-

1994 4330 2081 4383 ter
2109 4322 2334 4377 nomina
2373 4320 2540 4376 simul
2572 4322 3029 4390 pronuntiantur,
3057 4320 3358 4390 improprie
3385 4330 3570 4377 autem

327 4412 400 4482 μὴ
427 4414 764 4483 ἀνεχόμενοι,
786 4417 840 4468 οί
869 4416 990 4469 τότε
1021 4417 1116 4470 καὶ
1140 4418 1189 4470 oi
1214 4417 1308 4471 νῦν
1329 4420 1596 4488 αίρετικοὶ
1615 4418 1705 4472 τὸν
1738 4437 1895 4490 μονο-

1998 4414 2220 4485 quando
2252 4413 2523 4468 naturalis
2565 4414 2857 4483 utriusque
2887 4413 3166 4483 possessio
3194 4428 3387 4468 eorum
3423 4414 3569 4468 unde

322 4504 452 4575 γενῆ
500 4505 631 4557 Θεὸν
679 4507 848 4574 Λόγον
891 4506 1232 4579 βλασφημεῖν
1279 4509 1338 4561 ού
1382 4510 1793 4580 παραιτοῦνται,
1841 4514 1892 4566 οι

327 4593 423 4662 μὲν
446 4596 527 4655 είς
555 4594 759 4663 κτίσμα
788 4596 1122 4662 κατάγοντες
1159 4595 1246 4649 διὰ
1278 4595 1347 4648 τὰ
1384 4595 1725 4667 ἀνθρώπινα,
1758 4599 1805 4650 οἱ
1835 4597 1892 4651 δὲ

320 4686 417 4756 τὴν
448 4687 760 4755 οἰκονομίαν
797 4687 1115 4756 συγχέοντες
1166 4686 1254 4739 διὰ
1276 4688 1375 4756 τὴν
1416 4688 1642 4759 ἄρνησιν
1685 4688 1794 4740 τῶν
1832 4689 1892 4755 ἐξ

322 4769 395 4829 ὧν
430 4779 544 4829 ἐστι
569 4776 803 4843 φύσεων.
848 4777 1040 4841 ’Λλλος
1073 4777 1126 4829 δὲ
1144 4778 1283 4831 πάνυ
1314 4778 1381 4831 τὰ
1409 4777 1530 4831 θεῖα
1558 4779 1721 4847 σοφὸς
1761 4779 1889 4832 τοῦ-

319 4886 411 4921 τον
456 4869 751 4938 ἐρωτηθεὶς
805 4871 937 4939 παρ’
998 4869 1135 4937 ἐμοῦ
1170 4871 1260 4923 τὸν
1288 4871 1450 4924 τόπον
1488 4871 1628 4940 ἔφη’
1668 4872 1742 4924 Τὸ
1792 4874 1890 4942 μὲν

326 4953 592 5031 ι’κυρίως,
613 4980 630 5010 ι
665 4962 725 5012 τὸ
747 4960 806 5012 δέ
845 4979 863 5011 ι
891 4961 952 5012 οὐ
990 4961 1194 5031 κυρίως
1222 4963 1308 5014 ἐπ’
1337 4963 1559 5032 ἀμφοῖν,
1595 4984 1612 5014 ι
1661 4967 1759 5033 τῆς
1790 4965 1890 5017 αὑ-

320 5052 418 5121 τῆς
439 5054 554 5104 ἐστι
586 5052 923 5122 κατηγορίας
952 5052 1050 5117 τῆς
1094 5052 1369 5120 σχετικῆς,
1400 5053 1513 5105 εἴτε
1543 5055 1640 5124 τῆς
1674 5056 1885 5127 Πατὴρ,

319 5144 428 5197 εἴτε
454 5144 552 5212 τῆς
580 5142 733 5207 Θεὸς,
764 5142 797 5213 ἢ
824 5144 916 5196 καὶ
941 5142 1226 5213 ἑκατέρας,
1274 5142 1344 5206 ὡς
1392 5143 1475 5212 ἐφ’
1503 5145 1619 5210 ἐνὸς
1652 5147 1886 5217 Χριστοῦ

319 5236 629 5306 τιθεμένης,
684 5236 776 5288 τοῦ
819 5235 1146 5299 συνεστῶτος
1189 5238 1252 5289 ἐκ
1290 5237 1434 5291 δυοῖν
1462 5240 1571 5292 τῶν
1607 5241 1885 5308 ἐναντίων,

328 5346 346 5378 ι
364 5327 569 5397 κυρίως
589 5344 608 5377 ›
661 5327 751 5379 καί
789 5345 807 5377 ι
834 5327 894 5379 οὑ
937 5325 1161 5397 κυρίως.
1188 5345 1206 5378 ι
1230 5316 1241 5329 ’
1260 5328 1322 5381 Εί
1343 5327 1456 5397 ’μὲν
1483 5328 1613 5394 Θεὸς
1649 5333 1677 5384 ό
1699 5332 1887 5403 Πατὴρ

319 5418 412 5470 τοῦ
464 5417 702 5487 Χριστοῦ
752 5417 971 5487 λεχθείη
1022 5416 1164 5470 κατὰ
1215 5417 1314 5487 τὴν
1360 5419 1602 5474 ἐπίνοιαν
1634 5421 1745 5475 τῶν
1794 5422 1887 5475 δύο

321 5508 559 5577 φύσεων,
620 5526 638 5557 ι
663 5507 866 5578 κυρίως
893 5528 911 5558 ι
945 5507 1042 5577 μὲν
1075 5493 1168 5559 τοῦ
1224 5508 1521 5577 κτίσματος
1556 5510 1623 5564 ἂν
1651 5511 1882 5580 λέγοιτο,

325 5617 343 5645 ‹
372 5600 431 5651 οὐ
466 5597 667 5669 κυρίως
695 5616 714 5649 ι
746 5596 804 5650 δέ
833 5596 927 5650 τοῦ
957 5595 1090 5649 Θεοῦ
1118 5597 1311 5665 Λόγου.
1360 5598 1587 5668 Ὁμοίως
1620 5600 1675 5652 δὲ
1700 5602 1794 5656 καὶ
1823 5603 1886 5654 ἐκ

321 5685 425 5739 τᾶν
456 5687 710 5741 ἐναντίων
737 5684 923 5756 Πατὴρ
968 5707 984 5739 ι
1011 5685 1212 5755 κυρίως
1240 5706 1256 5738 ι
1313 5686 1406 5739 τοῦ
1466 5689 1658 5758 Λόγου,
1695 5689 1787 5741 τοῦ
1830 5691 1885 5743 δὲ

1992 4514 2049 4560 et
2079 4505 2134 4558 in
2171 4504 2374 4574 quibus
2393 4504 2612 4558 exsistit
2633 4503 2779 4579 quod
2808 4504 3024 4559 exsistit
3056 4504 3309 4559 alterutri
3340 4511 3572 4575 propter

1994 4600 2318 4655 substantiae
2382 4598 2649 4652 unitatem
2717 4598 2953 4652 invicem
3012 4597 3359 4651 attribuitur.
3411 4596 3567 4663 Quod

1993 4708 2119 4747 cum
2149 4690 2333 4746 facere
2376 4690 2641 4754 nesciant,
2671 4698 2785 4754 aut,
2813 4699 2873 4743 ut
2903 4689 3076 4760 magis
3107 4689 3328 4760 proprie
3364 4688 3566 4754 dicam,

1994 4799 2104 4838 non
2149 4783 2462 4837 sustineant
2518 4794 2577 4837 et
2624 4782 2991 4851 reiragentur,
3042 4789 3259 4836 veteres
3298 4788 3354 4834 et
3404 4779 3567 4836 hodie

1992 4874 2087 4945 qui
2134 4880 2352 4927 exstant
2378 4871 2625 4927 haeretici
2654 4872 2994 4942 unigenitum
3040 4872 3211 4926 Deum
3245 4871 3563 4927 Sermonem

1990 4965 2377 5036 blasphemare
2412 4980 2523 5019 non
2556 4964 2888 5029 detrectant,
2940 4979 3090 5019 nunc
3140 4963 3208 5018 ad
3256 4972 3565 5039 erepturam

1990 5073 2118 5114 eum
2147 5052 2519 5127 deprimendo‘
2536 5064 2765 5126 propter
2801 5055 3063 5123 humana,
3098 5070 3248 5111 nunc
3279 5053 3566 5126 dispensa-

1994 5149 2202 5204 tionem
2224 5146 2615 5203 conl'undendo
2644 5161 2743 5217 per
2761 5161 2953 5201 earum
2987 5146 3133 5201 unde
3159 5153 3375 5201 constat
3400 5151 3587 5202 natum

1992 5254 2179 5295 rarum
2217 5237 2651 5309 renegationem.
2682 5237 2838 5292 Alius
2856 5252 2990 5293 vero
3032 5236 3348 5292 divinarum
3380 5249 3583 5292 rerum

1989 5330 2365 5401 peritissimus
2410 5345 2440 5384 a
2469 5344 2556 5384 me
2603 5328 2895 5384 consultus
2938 5328 2991 5382 in
3024 5328 3174 5382 hunc
3199 5327 3313 5382 fere
3341 5325 3569 5384 modum

1990 5421 2389 5490 interpretatus
2413 5428 2539 5475 est:
2571 5418 2686 5474 Hoc
2720 5437 2740 5470 ι
2766 5419 3010 5491 proprie,
3036 5438 3054 5471 ι
3102 5425 3161 5476 et
3200 5417 3359 5484 illud,
3393 5436 3413 5470 ι
3464 5416 3572 5473 im-

1988 5512 2214 5582 proprie
2260 5529 2277 5561 ι
2326 5511 2395 5565 de
2425 5518 2681 5586 utroque,
2710 5531 2726 5561 ι
2752 5509 2997 5579 ejusdem
3051 5517 3136 5564 est
3164 5507 3567 5579 praedicationis

1992 5602 2250 5666 relatives,
2282 5601 2398 5656 sive
2419 5602 2621 5666 Patris,
2649 5601 2763 5656 sive
2788 5599 2907 5663 Dei,
2932 5602 3048 5655 sive
3076 5600 3242 5654 etiam
3272 5597 3565 5667 utriusque

1991 5688 2253 5756 nominis,
2277 5699 2333 5744 ut
2355 5691 2420 5745 de
2447 5707 2555 5745 uno
2572 5690 2792 5746 Christo
2817 5700 3112 5752 usurpata),
3141 5690 3231 5758 qui
3254 5705 3318 5741 ex
3343 5686 3564 5740 duobus
