4038 6146
526 224 658 291 t211

1655 232 1714 290 Ξ.
1758 232 2043 290 ΜΛΧΙΜΙ
2080 232 2592 295 CONFESSORIS

3694 219 3830 285 1272

514 339 814 396 contrariis
853 349 1090 408 constat,
1124 342 1177 396 id
1213 351 1300 397 est
1345 359 1413 398 ex
1455 358 1523 397 eo
1567 344 1716 414 quod
1756 364 1774 395 ι
1810 346 2030 415 proprie
2067 364 2085 395 ι

2213 350 2500 418 ιτίσματος
2543 352 2643 403 «ού
2677 348 2896 420 κυρίως,
2924 368 2942 399 ι
2996 348 3135 401 καθὰ
3181 346 3282 400 καὶ
3324 346 3421 413 ἐφ’
3481 339 3661 411 ἡμῶν
3716 336 3827 406 ἔχει

511 434 572 483 et
609 446 677 485 ex
711 446 780 485 eo
833 431 1002 500 quod,
1062 452 1078 484 ς
1111 447 1220 487 non
1270 436 1516 503 proprie.
1548 454 1566 486 ι
1612 434 1805 504 Itaque
1854 436 1902 490 si
1950 435 2093 489 Deus

515 520 720 576 Christi
749 524 910 577 Pater
943 523 1177 579 duarum
1210 533 1534 580 naturarum
1562 534 1814 595 respectu
1849 526 2089 590 dicetur,

522 631 539 662 ι
567 616 790 683 proprie
820 636 838 667 ι
883 632 1014 671 sane
1060 617 1128 671 ad
1181 627 1490 672 creaturam
1541 618 1878 688 pertinebit;
1934 636 1951 668 ι
1982 617 2090 671 im-

514 704 781 773 proprie»
843 716 1026 761 autem
1083 708 1151 762 ad
1213 709 1387 764 Deum
1444 708 1788 764 Sermonem.
1824 709 1978 764 .ltem
2022 722 2089 762 ex

2199 439 2371 491 ταῦτα
2419 439 2703 510 λεγόμενα.
2754 438 2942 508 Ἥμῶν
2980 436 3107 508 γὰρ’
3138 455 3156 487 ι
3185 435 3411 506 κυρίως
3440 450 3462 483 ι
3501 431 3616 502 μὲν
3666 428 3822 490 Θεὸς.

2203 549 2224 581 ι
2251 531 2310 582 ού
2353 530 2557 600 κυρίως
2588 550 2606 582 ι
2652 530 2709 583 δὲ
2750 529 2958 600 Πατήρ.
2990 527 3205 596 Ταύτην
3232 522 3686 590 ἀποδεξάμενος
3710 515 3823 584 ἐγὼ

2197 617 2292 672 τοῦ
2335 619 2503 687 σοφοῦ
2532 620 2630 690 τὴν
2668 618 2926 690 ἐπιϐολὴν
2958 618 3033 681 ὡς
3058 615 3240 680 καλῶς
3277 607 3535 685 ἔχουσαν
3565 606 3820 663 συνεῖδον

2196 708 2491 776 ὲνταγῆναι
2524 708 2600 778 τῷ
2627 708 2934 779 γράμματι.

516 791 753 850 adverso
773 797 937 851 Pater
965 799 1266 867 pertinebit
1294 818 1311 848 ι
1341 800 1561 869 pr0prie
1590 817 1609 850 ι
1673 799 1741 852 ad
1810 799 2162 864 Sermonem;
2203 798 2270 853 ad
2318 807 2631 853 creaturam
2685 808 2874 853 contra
2929 796 3292 868 iimpmprie,
3327 814 3346 846 ι
3404 800 3591 864 prout
3636 790 3814 844 etiam

518 887 664 956 apud
687 903 789 942 nos
817 889 934 943 haec
956 889 1034 943 uti
1057 889 1322 943 dicuntur
1351 906 1409 945 se
1431 891 1660 945 habent.
1688 889 1887 944 Noster
1925 889 2095 951 enim,
2145 907 2163 938 ι
2190 890 2413 959 proprie
2444 908 2461 941 ι
2510 889 2734 960 quidem
2794 890 2939 943 Dcus
2980 896 3083 953 est,
3123 906 3141 937 ι
3170 883 3493 955 improprie
3522 902 3543 934 ι
3616 889 3811 935 autem

520 982 700 1035 l’atcr.
748 979 919 1047 Quam
973 980 1419 1037 observationem
1473 998 1504 1039 a
1561 982 1810 1054 sapiente
1882 980 1977 1034 illo
2043 988 2364 1052 acceptam,
2411 996 2535 1036 cum
2593 980 2815 1050 elegans
2872 979 2985 1044 sit,
3031 978 3177 1033 libro
3241 974 3615 1031 inserendam
3682 987 3810 1028 esse

430 1102 433 1103 ν
518 1073 729 1141 putavi.

514 1245 599 1301 E1:
631 1247 1110 1314 eodemosermone,
1144 1251 1199 1304 in
1226 1251 1396 1305 illud:
1435 1270 1454 1302 ‹
1476 1251 1722 1321 Accipere
1756 1269 1895 1318 eum,
1933 1254 1987 1308 id
2016 1265 2090 1309 est

2213 1254 2377 1324 208
2395 1253 2446 1325 b)
2490 1254 2585 1307 Ἐκ
2618 1252 2725 1306 τοῦ
2753 1250 2940 1305 αὑτοῦ
2966 1250 3176 1318 λόγου,
3209 1251 3299 1314 εις
3324 1247 3393 1301 τὸ
3415 1285 3434 1312 ,
3486 1265 3507 1297 ι
3545 1245 3802 1314 Λαμδά-

584 1333 873 1405 Christum,
942 1341 1105 1394 uitam
1144 1350 1237 1395 aut
1268 1342 1531 1412 judicium
1568 1352 1661 1397 aut
1697 1336 1931 1414 gentium
1984 1350 2090 1402 ha!-

583 1431 862 1485 reditatem
891 1440 982 1485 aut
1009 1434 1178 1487 omnis
1204 1436 1379 1488 carnis
1406 1444 1718 1505 potestatem
1744 1448 1837 1492 aut
1864 1439 2090 1510 gloriam

584 1530 680 1575 aut
733 1522 1036 1592 discipulos,
1080 1533 1170 1578 aut
1214 1533 1406 1579 cwlera
1455 1528 1569 1589 eius
1618 1531 1823 1598 generis
1858 1547 1974 1600 qua:
2012 1533 2093 1585 di-

583 1619 792 1676 cuntur,
818 1631 835 1663 ι
860 1614 1102 1684 quodque
1133 1618 1380 1685 magister
1419 1618 1555 1671 hisce
1576 1619 1861 1689 subjungat
1889 1638 1906 1674 :
1936 1639 1953 1671 ι
1980 1621 2090 1675 Hoc
2121 1659 2161 1711 Β

583 1717 786 1772 quoque
837 1704 908 1756 ad
961 1705 1342 1759 humanitatem
1392 1717 1611 1778 spectat,
1638 1729 1656 1760 ι
1713 1719 1761 1763 et
1796 1712 2034 1783 deinceps
2064 1730 2083 1767 .'

596 1812 614 1844 ι
646 1793 964 1863 Quanquam
994 1805 1050 1850 ut
1093 1798 1201 1852 Ita’c
1231 1801 1390 1853 etiam
1428 1800 1536 1853 Deo
1570 1802 1884 1867 tribuamus,
1934 1805 2083 1860 nulla

583 1874 705 1937 inde
737 1884 1037 1939 absurditas
1085 1898 1445 1958 consequetur.
1492 1888 1611 1944 Non
1653 1892 1793 1945 enim
1821 1892 1963 1945 velut
2000 1911 2086 1949 as-

582 1976 751 2028 cititia
783 1975 829 2028 ei
847 1976 1057 2041 tribues,
1091 1976 1181 2030 sed
1208 1994 1327 2048 quce
1348 1978 1489 2033 velut
1507 1997 1539 2033 a
1560 1981 1817 2052 principio
1838 1999 1944 2038 una
1969 2000 2086 2039 cum

583 2067 695 2136 ipso
729 2067 1046 2133 exstiterint,
1089 2076 1138 2122 et
1179 2071 1384 2125 ratione
1416 2080 1642 2139 naturaz,
1686 2089 1790 2128 non
1823 2076 2030 2146 gratim.
2062 2093 2081 2126 ι

583 2180 662 2235 De
703 2180 811 2235 hoc
858 2197 1078 2238 mecum
1124 2199 1503 2253 saepenumero
1543 2201 1669 2240 cum
1725 2187 2086 2254 haesitassem,

515 2271 794 2340 quomodo
843 2284 900 2328 et
949 2288 1057 2342 qua
1104 2274 1341 2340 ratione,
1394 2284 1456 2330 ut
1504 2277 1581 2331 ait
1616 2279 1898 2348 magister,
1945 2279 2092 2335 Deus

516 2364 663 2432 quod
705 2374 904 2419 natura
936 2365 1105 2419 habet
1133 2367 1386 2436 accipere
1422 2367 1662 2436 dicatur,
1684 2385 1921 2440 cumque
1952 2373 2090 2427 mihi

516 2454 834 2511 satisfacere
869 2472 981 2510 non
1024 2458 1351 2527 potuissem,
1385 2459 1625 2529 denique
1663 2476 1851 2517 senem
1876 2462 2095 2537 sapien-

520 2555 627 2600 tem
671 2546 824 2600 adire
866 2547 1042 2603 satius
1086 2550 1268 2604 visum
1297 2559 1403 2617 est,
1444 2551 1540 2620 qui
1574 2567 1696 2606 eam
1730 2552 2091 2622 quaestionem

516 2654 681 2707 quam
710 2640 886 2708 perite
914 2641 1196 2710 expedivit
1231 2643 1305 2696 ita
1334 2643 1553 2698 locutus
1580 2660 1593 2696 :
1624 2642 1679 2697 Si
1714 2659 1878 2713 quem
1909 2658 2093 2698 rerum

516 2735 732 2781 naturae
769 2728 1053 2797 aliquibus
1102 2730 1468 2799 interpretem
1526 2747 1585 2785 se
1624 2742 1888 2801 prmstare
1951 2727 2093 2786 velle

520 2817 811 2888 ﬁngamus,
851 2819 945 2874 ille
994 2821 1111 2874 suis
1149 2821 1498 2897 auditoribus
1532 2822 1680 2877 dicet
1708 2839 1720 2875 :
1746 2824 1950 2878 Demus
1982 2825 2094 2878 Deo

519 2910 1001 2978 omnipotentiam,
1045 2912 1393 2980 sapientiam,
1430 2914 1759 2979 bonitatem,
1795 2915 2091 2985 justitiam,

520 3015 677 3069 aeque
714 3000 1019 3054 conditioni
1067 2989 1375 3067 servitium,
1421 3003 1816 3066 obedientiam,
1852 3005 2091 3059 circum-
2120 2988 2164 3047 (ἶ

521 3091 900 3161 scriptionem,
933 3092 1002 3147 de
1036 3093 1212 3148 nihilo
1238 3095 1638 3160 exsistentiam,
1670 3106 1727 3150 et
1750 3112 1871 3166 quae
1915 3112 1981 3152 ex
2006 3096 2096 3152 his

522 3193 960 3255 consequuntur,
1007 3194 1173 3256 prout
1215 3195 1410 3241 natura
1441 3188 1729 3258 utriusque
1761 3188 1818 3243 in
1845 3204 2094 3243 commu-

521 3273 687 3329 nibus
737 3276 1059 3331 notionibus
1087 3291 1187 3330 sua
1226 3277 1449 3346 prOpria
1494 3277 1603 3332 sibi
1643 3294 1876 3348 quaeque
1910 3280 2096 3334 vindi-

520 3370 626 3418 cat.
678 3362 774 3417 His
808 3363 977 3435 igitur
1010 3364 1102 3420 ille
1126 3365 1333 3429 verbis,
1378 3384 1395 3417 ‹
1432 3365 1637 3421 Demus
1660 3368 1792 3431 Deo,
1815 3387 1834 3420 ι
1866 3369 1916 3423 ei
1948 3370 2093 3439 quod

521 3470 631 3508 non
678 3456 997 3511 adhaarebat
1026 3473 1138 3512 non
1169 3458 1387 3523 tribuit,
1436 3458 1531 3512 sed
1578 3459 1723 3529 quod
1755 3467 1966 3514 naturae
1995 3476 2095 3530 pe-

519 3545 730 3600 culiare
778 3556 883 3602 est.
916 3548 1030 3603 Hoc
1074 3549 1224 3603 enim
1280 3568 1297 3600 ι
1326 3550 1522 3604 demus
1549 3570 1566 3601 ι
1606 3551 1880 3621 signiﬁcat
1920 3551 2095 3606 veluti

520 3636 753 3692 delinire
786 3649 1039 3694 naturam
1070 3657 1167 3711 per
1203 3657 1269 3696 ea
1309 3658 1431 3712 qua:
1459 3642 1560 3712 ipsi
1587 3644 1872 3698 adhaerent
1915 3643 1985 3697 ab
2014 3643 2096 3697 eis

520 3743 645 3797 qua:
689 3745 799 3783 non
844 3739 975 3785 sunt
1016 3732 1308 3802 ejusmodi.
1358 3735 1482 3788 Pari
1524 3735 1688 3789 modo
1732 3735 1825 3789 hic
1874 3751 2097 3805 quoque

522 3817 808 3873 doctorem
848 3831 1099 3884 nostrum
1147 3824 1235 3893 pie
1274 3825 1463 3896 accipe
1496 3825 1771 3881 dicentem
1810 3843 1823 3879 :
1868 3846 1886 3877 ι
1910 3826 2098 3892 Quan-

523 3924 687 3978 quam
721 3916 791 3965 ut‘
812 3911 928 3966 haec
954 3913 1119 3967 etiam
1151 3910 1271 3978 Deo
1304 3916 1634 3980 tribuamus,
1658 3936 1675 3966 ι
1722 3917 1827 3971 hoc
1853 3924 1938 3970 est
1965 3916 2097 3971 dum

524 4009 720 4054 natura
761 4017 881 4072 quae
917 4003 1023 4057 sibi
1053 4005 1333 4075 adhaerent
1358 4006 1427 4060 ab
1462 4022 1648 4061 rerum
1679 4007 1864 4080 gnaris
1888 4008 2096 4062 exami-

522 4094 813 4150 natoribus
857 4095 1123 4150 attributa
1162 4095 1382 4166 accipit.

2256 1363 2386 1400 νειν
2412 1346 2619 1411 αὐτὸν,
2649 1342 2885 1411 δηλαδὴ
2912 1342 3020 1395 τὸν
3037 1340 3316 1410 Χριστὸν,
3348 1338 3539 1408 ζωὴν,
3599 1334 3799 1405 ἢέφὶ-

2258 1455 2362 1494 σιν
2381 1479 2396 1505 ,
2430 1437 2467 1506 ἢ
2493 1435 2904 1505 κληρονομίαν
2924 1430 3112 1487 ἐθνῶν
3133 1474 3147 1498 ,
3181 1431 3223 1509 ᾗ
3251 1430 3556 1495 ἐξουσίαν
3582 1427 3797 1494 πάσης

2258 1531 2486 1600 σαρκὸς
2506 1569 2520 1592 ,
2555 1531 2594 1598 ἢ
2620 1528 2843 1593 δόξαν,
2862 1526 2900 1594 ἢ
2922 1524 3214 1597 μαθητὰς,
3245 1523 3283 1589 ἦ
3316 1522 3437 1575 ὅσα
3458 1520 3567 1589 λέ]
3579 1537 3741 1582 εἰσι,
3771 1539 3791 1571 ι

2260 1623 2359 1676 καὶ
2411 1623 2646 1687 τούτοις
2697 1619 3020 1688 ἐπαγαγεῖν
3074 1617 3184 1671 τὸν
3231 1614 3623 1668 διδάσκωιον
3677 1612 3793 1674 ὅτι,

2265 1735 2281 1765 ι
2312 1714 2419 1768 Καὶ
2468 1713 2643 1767 τοῦτο
2673 1710 2785 1776 τῆς
2810 1710 3260 1777 ἁνθρωπότητος
3284 1745 3299 1768 ,
3351 1701 3481 1758 εἷτα
3509 1718 3795 1772 προσεπ-

2254 1805 2521 1875 απηαγεῖν,
2555 1823 2573 1856 ι
2623 1824 2642 1855 ι
2666 1806 2733 1857 El
2749 1802 2816 1856 δὲ
2836 1801 2932 1855 καὶ
2955 1800 3034 1865 τῷ
3048 1798 3169 1865 Θεῷ
3188 1798 3376 1867 δοίης,
3394 1800 3507 1851 οὐκ
3522 1796 3793 1849 ἄτοπον.

2263 1898 2345 1950 Οὐ
2376 1897 2485 1965 γὰρ
2514 1896 2594 1960 ὡς
2620 1894 2908 1958 ἐπίκτητα
2935 1888 3145 1954 δῴσεις
3169 1930 3184 1954 ,
3228 1889 3366 1942 ἀλλ’
3394 1888 3477 1951 ὡς
3508 1883 3794 1954 ἑξαρχῆς

2258 1985 2753 2053 συνυπάρχοντα,
2785 1982 2883 2035 καὶ
2911 1980 3072 2050 λόγῳ
3102 1980 3364 2047 φύσεως,
3398 1976 3541 2031 ἀλλ’
3574 1978 3653 2029 οὐ
3679 1975 3796 2044 χά-

2212 2064 2219 2077 ’
2255 2095 2421 2148 pitag
2443 2076 2575 2147 (16).
2597 2094 2614 2125 ι

2263 2192 2404 2263 Πρὸς
2448 2188 2685 2261 ἐμαυτὸν
2730 2189 2858 2259 περὶ
2888 2184 3079 2240 τούτου
3110 2182 3372 2246 πολλάκις
3405 2181 3791 2250 διαπορήσας,

2190 2282 2307 2347 πῶς
2336 2282 2429 2335 καὶ
2456 2280 2559 2333 τίνι
2585 2280 2750 2349 λόγῳ,
2777 2277 2958 2340 καθώς
2982 2293 3146 2348 φησιν
3167 2278 3195 2328 ὁ
3215 2273 3561 2336 διδάσκαλος,
3590 2273 3622 2325 ὃ
3642 2273 3793 2327 κατὰ

2190 2372 2356 2442 φύσιν
2404 2371 2517 2440 ἔχει
2555 2368 2857 2439 λαμϐάνειν
2903 2368 2932 2422 ὁ
2964 2366 3096 2430 Θεὸς
3125 2364 3379 2441 λέγεται,
3432 2363 3531 2416 καὶ
3583 2361 3663 2433 μὴ
3691 2365 3789 2415 δυ-

2190 2462 2375 2533 νηθεὶς
2425 2460 2660 2531 ἐμαυτὸν
2710 2456 3159 2530 πληροφορῆσαι,
3216 2455 3368 2518 τέλος
3416 2453 3607 2516 καλῶς
3638 2452 3789 2522 ἔχειν

2193 2553 2416 2625 ἔρεσθαι
2443 2553 2676 2623 γέροντα
2712 2549 2873 2619 σοφὸν
2903 2549 3152 2617 διέγνων,
3200 2547 3350 2609 ὅστις
3378 2543 3471 2596 τὸν
3499 2545 3636 2613 περὶ
3658 2544 3790 2596 τού-

2192 2663 2289 2698 του
2320 2645 2478 2713 λόγον
2507 2641 2886 2712 ἐπιστημόνως
2917 2641 3060 2710 μάλα
3085 2639 3322 2693 διὶθυνεν
3347 2638 3551 2690 οὑτωσὶ
3577 2637 3782 2707 λέγων,

2193 2739 2385 2808 ὅτιπερ
2433 2736 2557 2789 καθ’
2588 2732 2846 2787 ὑπόθεσιν
2874 2731 3104 2801 εἰδῶμεν
3131 2746 3250 2783 τινα
3274 2728 3651 2798 σαφηνίζοντά
3672 2745 3785 2789 τισι

2194 2828 2293 2890 τὰς
2332 2827 2440 2881 τῶν
2468 2826 2635 2879 όντων
2667 2825 2860 2893 φύσεις
2880 2863 2894 2887 ,
2950 2824 3097 2893 ἐρεῖν
3129 2820 3266 2889 πρὸς
3292 2819 3491 2882 αύτούς
3512 2835 3527 2849 ’
3584 2819 3785 2888 Δῶμεν

2197 2919 2276 2989 τῷ
2297 2916 2417 2987 Θεῷ
2443 2916 2502 2989 τὸ
2527 2914 2955 2984 παντοδύναμον,
2987 2912 3048 2964 τὸ
3075 2909 3258 2979 σοφὸν,
3285 2911 3347 2963 τὸ
3370 2909 3597 2978 ἀγαθὸν,
3626 2912 3688 2962 τὸ
3707 2909 3787 2962 δί-

2197 3026 2383 3064 καιον·
2435 3006 2697 3073 ὡσαύτως
2746 3007 2811 3077 τῇ
2848 3004 3020 3058 κτίσει
3066 3004 3127 3055 τὸ
3156 3001 3371 3066 δοῦλον,
3422 3001 3484 3054 τὸ
3515 3002 3782 3070 ὑπήκοον,

2194 3098 2257 3152 τὸ
2286 3095 2659 3169 περιγραπτὸν
2678 3136 2693 3160 ,
2728 3097 2789 3148 τὸ
2819 3096 2882 3145 ὲκ
2916 3093 2991 3163 μὴ
3019 3092 3188 3145 όντων
3214 3090 3550 3160 ὑποστῆναι,
3586 3092 3687 3143 καὶ
3714 3091 3783 3143 τὰ

2195 3191 2407 3254 τούτοις
2441 3187 2743 3250 ἀκόλουθα,
2796 3186 2873 3248 ὡς
2920 3185 3019 3254 τῆς
3049 3184 3265 3253 φύσεως
3293 3183 3531 3236 ἑκάστου
3579 3184 3638 3235 ὲν
3663 3184 3785 3245 ταῖς

2197 3283 2403 3344 κοιναῖς
2456 3278 2685 3341 ἐννοίαις
2731 3276 3070 3345 ἀπαιτούσης
3122 3274 3187 3327 τὰ
3234 3275 3362 3328 ἴδια.
3423 3276 3660 3327 Φάσκων
3691 3270 3784 3327 οὖν

2195 3378 2224 3430 ό
2264 3372 2443 3444 τυχὼν
2486 3371 2575 3424 τό·
2624 3389 2642 3422 ι
2667 3369 2857 3438 Δῶμεν
2887 3368 2965 3437 τῷ
2991 3366 3129 3445 Θεῷ,
3157 3385 3176 3418 ι
3229 3367 3352 3437 ούχὶ
3379 3367 3443 3419 τὺ
3476 3368 3556 3436 μὴ
3585 3367 3787 3437 προσὸν

2197 3466 2346 3537 αὐτῷ
2377 3467 2638 3537 παρεῖχεν
2660 3503 2675 3528 ,
2727 3461 2842 3516 ἀλλ’
2868 3462 3006 3530 ὅπερ
3036 3463 3069 3528 ἡ
3096 3460 3255 3528 φύσις
3286 3460 3421 3528 ἔχει.
3474 3459 3652 3512 Τοῦτο
3677 3458 3784 3529 γὰρ

2195 3559 2258 3612 τὸ
2298 3577 2317 3610 ι
2346 3557 2538 3628 Δῶμεν
2564 3576 2582 3608 ι
2623 3555 2879 3626 σημαίνει
2928 3548 3041 3605 οἷον
3092 3552 3152 3605 τὸ
3193 3551 3450 3623 διορίζειν
3488 3552 3590 3622 τὴν
3625 3551 3785 3620 φύσιν

2201 3652 2289 3705 διὰ
2337 3650 2445 3703 τῶν
2495 3650 2633 3719 αὐτῇ
2684 3647 2995 3718 προσόντων
3058 3645 3165 3698 ἀπὸ
3207 3644 3319 3697 τῶν
3375 3644 3452 3713 μὴ
3500 3642 3782 3696 τοιούτων.

2203 3743 2307 3795 Τὸν
2334 3740 2495 3795 αὐτὸν
2525 3740 2726 3810 τρόπον
2774 3736 3054 3790 κᾶνταῦοα
3079 3735 3308 3803 λέγοντα
3341 3735 3436 3787 τὸν
3461 3733 3783 3788 διδάσκαλον

2204 3819 2445 3891 εὐσεϐῶς
2473 3829 2715 3898 ἐκδέχου,
2754 3844 2773 3877 ι
2802 3827 2865 3878 Ei
2893 3824 2948 3877 δὲ
2978 3824 3071 3877 καὶ
3101 3822 3182 3893 τῷ
3207 3822 3330 3892 Θεῷ
3355 3823 3594 3891 δῶμεν,›
3630 3840 3781 3874 τουτ-

2204 3923 2319 3975 ἐστι
2374 3922 2479 3991 τῆς
2525 3919 2743 3988 φύσεως
2794 3916 2856 3969 τὸ
2901 3913 3107 3984 προσὸν
3151 3914 3286 3983 αὐτῇ
3333 3913 3476 3984 πρὸς
3505 3913 3616 3968 τῶν
3640 3913 3781 3967 διευ-

2203 4012 2535 4086 κρινούντων
2564 4010 2632 4062 τὰ
2660 4008 2965 4082 πράγματα
2990 4003 3396 4076 λαμϐανούσης.

523 4269 609 4324 Ea:
640 4274 817 4325 eodem
852 4288 1111 4338 sermone,
1141 4276 1197 4327 in
1228 4273 1364 4326 illud
1399 4290 1416 4326 :
1458 4292 1475 4324 ι
1521 4274 1586 4327 Ut
1616 4276 1754 4327 enim
1780 4275 2095 4344 impossibile

2213 4280 2306 4334 Ἐκ
2360 4246 2467 4332 rei;
2517 4275 2705 4332 αὐτοῦ
2754 4275 2969 4343 λόγου,
3023 4274 3113 4340 εἰς
3159 4271 3257 4325 τό·
3310 4288 3329 4323 ι
3362 4269 3456 4335 Ὠς
3491 4266 3604 4338 γὰρ
3639 4267 3781 4322 ἁδύ-

595 4378 704 4416 esse
746 4362 968 4417 dicimus
1009 4362 1175 4417 Deum
1216 4363 1417 4417 malum
1453 4380 1582 4429 esse,
1616 4372 1708 4417 aut
1745 4366 1957 4419 omnino
1995 4383 2099 4421 non

594 4468 722 4509 €889.
757 4472 775 4505 1

595 4565 773 4620 Etiam
805 4566 911 4621 hoc
935 4567 1159 4636 quaesivi
1191 4583 1221 4621 a
1252 4567 1498 4637 sapiente
1532 4583 1661 4621 sene
1695 4582 1861 4637 supra
1895 4581 2097 4621 memo-

526 4665 646 4711 rato
679 4660 772 4728 qui
804 4660 1091 4729 respondit
1118 4676 1226 4715 non
1256 4660 1534 4731 pert-inore
1561 4661 1697 4715 illud
1732 4679 1749 4711 ι
1783 4674 1895 4713 non
1922 4675 2042 4714 esse
2076 4678 2094 4710 ›

525 4750 595 4805 ad
630 4766 695 4805 ea
727 4767 847 4821 quae
879 4760 1299 4821 praecesserunt,
1330 4771 1397 4808 ne
1432 4754 1644 4811 scilicet
1680 4752 1810 4806 illud
1855 4770 1873 4804 ‹
1910 4767 2031 4827 esse
2073 4772 2090 4805 ι

526 4842 875 4910 suspicemur
915 4842 1228 4912 signiﬁcare
1269 4860 1388 4898 esse
1432 4844 1603 4897 Deum
1649 4842 1851 4896 malum
1897 4858 1910 4896 :
1967 4860 1986 4891 ι
2030 4841 2100 4897 Ut

527 4932 675 4986 enim
710 4933 1053 5001 impossibile
1085 4950 1205 4988 eSse
1237 4936 1675 5009 dicimus_Deum
1710 4933 1912 4986 malum
1946 4946 2099 4997 esse,

527 5031 623 5076 aut
651 5038 759 5075 non
790 5038 910 5076 esse
945 5042 961 5074 ›
1002 5026 1227 5089 malum,
1256 5027 1349 5080 sed
1386 5042 1506 5081 esse
1542 5025 1767 5087 malum,
1798 5023 1891 5077 illo
1930 5042 1948 5073 ‹
1989 5039 2103 5077 ma-

528 5115 641 5165 lum
693 5132 709 5162 ›
757 5130 821 5167 ex
866 5117 1143 5169 communi
1189 5118 1387 5186 posito.
1425 5119 1552 5172 Duae
1600 5119 1745 5171 enim
1788 5115 2105 5186 negationes

533 5219 694 5257 unam
722 5206 960 5260 elliciunl
989 5207 1425 5265 aﬂirniationem.
1453 5210 1574 5276 Quo
1606 5208 1665 5261 lit
1692 5216 1748 5264 ut
1776 5207 1909 5261 illud
1940 5223 2102 5277 nega-

533 5286 702 5340 tivum
741 5309 758 5339 ι
791 5291 1127 5361 impossibile
1164 5316 1181 5345 ›
1219 5312 1342 5349 cum
1376 5299 1467 5352 illo
1501 5318 1518 5348 ι
1551 5313 1659 5350 non
1691 5312 1811 5351 esse
1842 5295 2042 5349 malum
2075 5315 2094 5348 ι

536 5382 886 5449 ronjunclum
921 5386 1118 5441 etliciat
1143 5397 1201 5442 ut
1230 5390 1406 5444 malus
1435 5392 1523 5445 sit.
1550 5389 1706 5454 Quod
1744 5390 1816 5443 ita
1852 5404 1960 5443 non
1996 5397 2099 5444 est.

776 5540 821 5585 :l;
868 5558 907 5589 ,τη
958 5546 1055 5583 ἴση]
1116 5560 1229 5597 (ηιμ
1281 5552 1327 5595 ιι,
1368 5564 1419 5598 μ’
1461 5549 1559 5597 ζὴίδζ
1596 5556 1701 5595 lum
1768 5546 1949 5607 10ml.
2009 5548 2095 5601 οὐ.

2268 4386 2453 4423 νατον
2501 4365 2655 4421 εἶναι
2706 4366 2962 4435 λέγομεν·
3012 4362 3287 4430 πονηρὸν
3321 4357 3479 4416 εἶναι
3510 4361 3661 4414 Θεὸν
3682 4398 3698 4425 ,
3744 4359 3780 4425 ἧ

2263 4462 2350 4529 μὴ
2377 4456 2530 4514 εἶναι
2554 4458 2685 4529 (17).
2730 4476 2748 4508 ι

2272 4569 2378 4621 Καὶ
2400 4567 2559 4621 τοῦτο
2574 4568 2663 4621 ἰδν
2685 4566 3048 4638 προλεχθὲντα
3067 4564 3232 4631 σοφὴν
3253 4565 3540 4636 ἐρωτήσας
3554 4564 3779 4634 γέροντα

2197 4659 2302 4728 ἔφη
2359 4658 2432 4729 μὴ
2483 4658 2751 4730 ἠρτῆσθαι
2787 4657 2847 4711 τὸ
2893 4676 2909 4708 ι
2941 4657 3015 4728 μὴ
3060 4652 3200 4711 εἶναι
3232 4676 3250 4707 ι
3289 4656 3369 4727 τῷ
3412 4655 3776 4727 προλεχθέντι,

2204 4750 2293 4804 ἵνα
2329 4751 2404 4822 μὴ
2433 4751 2669 4821 συναχθῇ
2726 4750 2787 4802 τὸ
2830 4747 2969 4803 εἶναι
3025 4749 3118 4801 τὸν
3168 4748 3305 4801 Θεὸν
3361 4748 3613 4817 πονηρόν·
3645 4766 3663 4797 ι
3697 4747 3779 4808 Ὠς

2204 4844 2314 4916 γὰρ
2366 4842 2625 4896 ἀδύνατον
2691 4837 2827 4894 εἶναι
2890 4841 3120 4910 λέγομεν
3165 4839 3407 4910 πονηρὸν
3448 4836 3587 4892 εἶναι
3631 4836 3774 4898 Θεὸν,

2204 4935 2237 5004 ἢ
2274 4935 2348 5007 μὴ
2383 4934 2565 5006 (209
2587 4935 2640 4998 a)
2672 4929 2811 4985 εἶναι
2841 4950 2858 4983 ι
2913 4931 3172 5002 πονηρὸν,
3220 4931 3338 4984 ἀλλ’
3365 4927 3502 4984 εἶναι
3532 4928 3775 4998 πονηρὸν,

2208 5028 2350 5080 κατᾶ
2406 5024 2585 5079 κοινοῦ
2641 5023 2735 5077 τοῦ
2801 5025 3131 5094 (πονηρὸν)
3189 5023 3473 5093 κειμένου.
3532 5020 3633 5073 Δύο
3676 5018 3777 5087 γὰρ

2212 5119 2470 5188 ἀρνήσεις
2517 5117 2643 5188 μίαν
2677 5114 3076 5184 συγκατάθεσιν
3118 5113 3445 5182 ἐπάγουσιν.
3484 5112 3666 5164 Ἔστιν
3690 5105 3776 5163 οὖν

2210 5208 2502 5278 ἀρνητικὸν
2552 5209 2613 5275 τὸ
2662 5205 2989 5279 ιάδύνατον,
3022 5223 3039 5254 ι
3103 5204 3558 5279 συμττλ;κόμενον
3600 5201 3657 5253 δὲ
3703 5197 3777 5268 τῷ

2214 5318 2233 5350 t
2269 5301 2342 5370 μὴ
2390 5295 2529 5352 εἶναι
2577 5315 2635 5349 τε
2651 5278 2841 5368 νηρὸν,
2872 5316 2891 5349 ι
2953 5296 3180 5362 συνάγει
3231 5296 3296 5348 τὸ
3347 5293 3593 5364 tempus;
3624 5285 3772 5341 εἶναι.

2214 5389 2391 5460 Ὅπερ
2443 5388 2541 5459 οὐχ
2588 5388 2758 5451 οὕτως
2805 5388 2939 5457 ἔχει.
2991 5383 3082 5453 Μὴ
3119 5384 3376 5453 γένοιτοὲ
3408 5384 3543 5438 Ἀλλ’
3563 5381 3776 5435 ἕκαστον
3858 5448 3868 5455 _

2235 5620 2247 5641 ν
2287 5546 2394 5601 (Ιτλ
2430 5549 2575 5601 Μυκη
2610 5548 2727 5599 ibid.
2766 5564 2881 5608 cup.
2924 5547 3003 5603 Η,
3040 5561 3089 5612 p.
3125 5545 3251 5605 556,
3291 5554 3425 5599 tom.
3482 5543 3503 5597 Ι
3540 5539 3668 5609 Opp.
3691 5530 3767 5591 ed.

2214 5618 2227 5648 1

2232 5664 2239 5667 ‹
2290 5666 2295 5669 ν
2310 5656 2319 5671 ι
