4038 6146
288 253 451 332 12:3'
683 288 686 291 -
1532 272 1857 335 AMBIGUC

1962 276 2048 338 JM
2087 279 2332 342 LIBER.
3404 289 3552 360 1274

281 368 554 443 ἁπὺίδίας
587 379 760 450 ἀρχῆς
791 377 902 448 ἔχει
929 377 1021 431 τὸν
1059 378 1267 450 εἱρμὸν.
1297 378 1382 430 ἵνα
1486 379 1545 432 τὸ
1579 381 1748 434 κῶλον
1769 381 1857 434 οἱ·

1964 385 2141 441 Absit.
2169 385 2273 443 Sed
2305 405 2463 446 suum
2492 365 2924 466 unumquodque
2951 413 2980 453 a
3010 414 3112 454 suo
3139 401 3364 471 proprio
3389 403 3542 473 prin-

279 489 391 536 τως
419 472 842 543 ὁμαλιζόμενον,
883 487 902 521 ι
926 471 1012 534 Ὠς
1041 469 1151 541 γὰρ
1180 469 1440 524 ἀδύνατον
1465 466 1600 524 εἶναι
1627 472 1856 543 λέγομεν

1965 475 2114 544 eipio
2144 492 2344 533 nexum
2375 481 2562 551 habet,
2588 494 2649 538 ut
2673 488 2982 544 membrum
3012 466 3286 547 orationis
3307 466 3440 548 illud
3465 494 3539 549 ita

165 595 173 602 -
284 568 517 639 πονηρὸν
550 563 689 622 εἶναι
717 567 870 631 Θεὸν,
903 585 922 618 ι
949 565 1046 620 καὶ
1077 565 1250 630 στίξαι
1281 565 1378 632 καὶ
1408 567 1568 620 πάλιν
1594 567 1857 638 ἄρξασθαι

1967 569 2400 638 complanetur:
2438 591 2457 625 ι
2489 574 2960 643 Quemadmodum
2999 581 3148 635 enim
3200 583 3539 653 impossibile

282 662 552 732 νοήματος
582 661 772 731 ἑτέρου
802 659 900 714 καὶ
926 660 1389 730 προσεπαγαγεϊν,
1429 659 1531 713 (Ἢ
1559 659 1636 732 μὴ
1661 656 1854 724 εἶναι.»

1962 672 2083 714 esse
2113 660 2346 719 dicimus
2376 669 2577 721 malum
2603 684 2724 724 esse
2751 672 2942 739 Deum,
2971 693 2988 724 ι
3013 681 3268 744 postqum
3292 669 3540 731 inciden-

283 753 404 808 ἀντὶ
433 752 527 808 τοῦ
557 751 911 824 ἀνύπαρκτον
936 747 1098 806 εἶναι.

1963 749 2093 806 dum
2114 763 2217 819 est,
2255 765 2315 810 ut
2338 774 2531 816 rursus
2559 762 2796 818 alterum
2836 765 3182 820 enuntiatum
3221 766 3349 821 inde
3378 766 3537 821 addi-

1963 847 2080 894 tum
2113 841 2344 914 incipiat
2394 865 2407 900 :
2465 867 2484 900 ι
2511 848 2622 904 Aut
2663 868 2774 910 non
2793 869 2914 910 esse
2935 895 2950 921 ,
2979 873 2998 907 ι
3033 855 3086 910 id
3111 864 3198 912 est
3218 855 3538 913 exsistentia

1959 943 2172 986 carere.

294 1103 396 1174 Ἐκ
442 1115 549 1170 τοῦ
595 1112 782 1168 αὐτοῦ
827 1111 1038 1181 λόγου,
1087 1112 1174 1175 εὶς
1203 1110 1294 1175 τὸ,
1335 1113 1593 1186 ι-τΕχεις
1620 1107 1727 1173 τὰς
1755 1105 1857 1160 τοῦ

1962 1106 2048 1160 Ea:
2080 1111 2259 1164 eodem
2291 1129 2558 1182 sermone,
2582 1118 2638 1170 in
2673 1117 2808 1172 illud
2839 1135 2858 1174 :
2901 1138 2920 1170 ‹
2958 1118 3130 1174 Habes
3161 1116 3263 1187 ﬁlii
3297 1117 3538 1188 appella-

347 1208 483 1264 υιοῦ
541 1203 948 1274 προσηγορίας
976 1241 992 1268 ,
1051 1199 1260 1266 ,βάδιζὲ
1319 1200 1396 1254 δι’
1434 1199 1664 1263 αὐτῶν,
1724 1197 1857 1251 ὅσαι

2034 1202 2230 1268 tiones,
2265 1221 2359 1274 per
2401 1222 2490 1260 eas
2541 1208 2750 1274 incede,
2783 1227 2878 1280 per
2922 1227 3040 1275 eas,
3073 1210 3320 1280 inquam,
3355 1226 3535 1264 omnes

347 1299 578 1368 ὑψηλαὶ
610 1337 625 1362 ,
683 1295 932 1360 θετκῶς,
989 1293 1087 1347 καὶ
1139 1292 1279 1346 ὅσαι
1305 1289 1652 1360 σωματικαὶ,
1707 1305 1857 1358 συμ-

2031 1307 2149 1360 qua:
2186 1293 2433 1348 sublimes
2469 1304 2622 1362 sunt,
2659 1299 2860 1365 divine,
2904 1317 3000 1370 per
3039 1316 3318 1370 corporeus
3359 1311 3534 1355 autem

347 1388 572 1455 παθῶς,
600 1385 844 1458 μᾶλλον
866 1383 934 1438 δὲ
963 1383 1112 1438 ὅλον
1136 1381 1370 1448 θετκῶς,
1400 1383 1501 1436 ἵνα
1531 1381 1676 1452 γένῃ
1709 1379 1857 1444 Θεὸς

2034 1383 2294 1446 humane,
2321 1383 2426 1436 imo
2455 1401 2578 1437 vero
2606 1402 2822 1456 prorsus
2851 1388 3052 1453 divine,
3077 1397 3134 1441 ut
3163 1405 3228 1442 ea:
3253 1389 3372 1442 imis
3399 1388 3536 1442 hisce

347 1479 612 1536 κάτωθεν
642 1473 916 1529 ἀνελθὼν
959 1471 1058 1526 διὰ
1083 1471 1190 1526 τὸν
1218 1473 1579 1526 κατελθόντα
1603 1469 1677 1525 δι’
1699 1467 1855 1538 ἡμᾶς

349 1569 578 1624 ἀνωθεν
616 1566 749 1638 (l8).
789 1584 808 1616 ι

2035 1468 2319 1522 ascendens
2358 1469 2460 1538 ﬁas
2499 1471 2638 1526 Deus
2675 1481 2889 1544 propter
2917 1490 3037 1528 eum
3075 1476 3165 1544 qui
3199 1484 3413 1546 propter
3441 1490 3534 1528 nos

2031 1556 2096 1609 de
2121 1559 2364 1628 supernis
2387 1559 2668 1643 descendit.
2701 1581 2719 1612 ι

361 1684 420 1737 '0
473 1683 566 1737 τὸν
614 1681 740 1735 νοῦν
791 1679 879 1734 διὰ
925 1679 1024 1760 τῆς
1065 1679 1278 1750 ὑψηλῆς
1309 1677 1544 1748 θεωρίας
1586 1675 1731 1730 κατὰ
1759 1675 1857 1747 τὴν

2031 1687 2137 1754 Qui
2178 1698 2419 1746 mentem
2457 1692 2682 1748 sublimi
2720 1695 3183 1766 contemplatione
3214 1711 3315 1766 per
3345 1696 3538 1751 unius-
3580 1727 3590 1737 ~

281 1777 510 1830 ἑκάστου
545 1775 653 1829 τῶν
681 1774 841 1828 Θείων
869 1772 1153 1841 ὀνομάτων
1197 1769 1444 1824 ἐπίνοιαν
1473 1768 1858 1836 καταφωτίσας

279 1870 376 1923 καὶ
410 1869 546 1940 πρὸς
578 1867 669 1920 τὸν
698 1865 928 1938 ἀρχικὸν
958 1865 1193 1918 ἑκάστου
1243 1862 1340 1915 καὶ
1373 1859 1744 1930 πνευματικὸν
1769 1859 1860 1911 λό-

279 1977 376 2030 γον
409 1957 703 2026 ἀναγαγών
731 1974 792 2010 τε
838 1957 934 2009 καὶ
966 1953 1340 2026 μεταποιήσας
1365 1991 1380 2018 ,
1435 1949 1529 2002 καὶ
1573 1950 1686 2012 τοῖς
1719 1947 1860 2017 ὑπὲρ

281 2052 480 2124 ἀρετῆς
509 2050 691 2113 πόνοις
735 2047 797 2101 τὸ
830 2046 1088 2118 φρόνημα
1118 2043 1219 2112 τῆς
1249 2042 1450 2112 σαρκὸς
1478 2039 1858 2104 καθυποτάξας

278 2143 358 2214 τῷ
390 2142 658 2212 πνεύματι
678 2183 692 2208 ,
733 2139 969 2211 ὑπήκοός
994 2155 1056 2192 τε
1092 2137 1254 2208 μέχρι
1282 2134 1514 2189 Θανάτου
1542 2133 1855 2204 γενόμενος,

279 2229 433 2300 οὗτος
465 2232 680 2304 άληθῶς
711 2231 892 2303 βάδιζε
931 2248 951 2282 ι
979 2229 1066 2284 διὰ
1093 2227 1204 2282 τῶν
1231 2227 1394 2282 θείων
1420 2222 1800 2296 προσηγοριῶν
1832 2244 1850 2276 ι

281 2323 586 2397 ἀμέμπτως
635 2323 780 2380 κατά
811 2340 873 2376 τε
907 2322 1132 2392 ,πνεῦμα
1183 2320 1278 2375 καὶ
1311 2321 1490 2390 σάρκα
1515 2359 1529 2384 ,
1581 2318 1679 2390 τὴν
1708 2317 1858 2370 Θείαν

1960 1779 2232 1850 cujusque
2281 1780 2596 1838 divinarum
2645 1785 3071 1854 appellationum
3121 1786 3534 1856 interpretatio-

1960 1886 2085 1925 nem
2114 1871 2413 1927 illustravit
2437 1883 2492 1928 et
2519 1875 2588 1929 ad
2616 1876 2976 1946 principalem
3003 1878 3273 1948 cujusque
3297 1886 3353 1933 et
3374 1878 3538 1948 spiri-

1962 1961 2167 2016 tualem
2202 1963 2471 2018 rationem
2509 1965 2769 2021 subduxit
2801 1977 2966 2038 atque
3000 1967 3442 2033 transformavit,
3471 1983 3538 2023 ac

1959 2052 2245 2109 laboribus
2281 2069 2383 2124 pro
2421 2056 2627 2111 virtute
2663 2057 2938 2128 susceptis
2974 2057 3323 2129 prudentiam
3356 2059 3538 2113 carnis

1959 2143 2184 2212 spiritui
2227 2145 2492 2216 subjecit,
2537 2146 2606 2202 ad
2647 2158 2882 2204 mortem
2925 2164 3105 2218 usque
3147 2149 3414 2204 obediens
3453 2149 3538 2203 fa-

1959 2244 2081 2310 ctus
2105 2245 2152 2302 ³,
2179 2237 2226 2292 is
2256 2252 2386 2293 vere
2422 2238 2614 2294 incede
2654 2258 2672 2290 ι
2710 2255 2810 2310 per
2837 2239 3050 2295 divinas
3083 2241 3478 2312 appellationes
3509 2259 3529 2294 ι

1958 2336 2014 2383 et
2043 2328 2240 2398 spiritu
2272 2329 2838 2398 irreprehensibiliter
2860 2341 2917 2387 et
2940 2347 3127 2398 carne,
3153 2331 3400 2386 divinum
3430 2331 3537 2386 iter
3601 2372 3605 2376 η

281 2418 377 2479 καὶ
397 2417 534 2488 πρὸς
550 2413 683 2469 Θεὸν
705 2414 840 2484 ἄγου
849 2430 948 2468 σαν
969 2412 1196 2488 πορείαν
1211 2411 1556 2480 ποιούμενος,
1575 2429 1593 2460 ι
1606 2407 1818 2480 ὑψηλῶς
1833 2427 1852 2458 ι

1962 2425 2015 2474 et
2050 2419 2198 2488 quod
2234 2419 2301 2474 ad
2343 2421 2516 2475 Deum
2558 2421 2715 2476 ducit
2757 2422 3102 2494 ingrediens,
3147 2441 3165 2474 α
3209 2423 3464 2478 sublimis
3509 2442 3528 2474 ι

285 2509 383 2588 μὲν
433 2508 574 2562 κατὰ
621 2508 722 2579 τὴν
769 2507 1041 2578 μυστικὴν
1086 2506 1320 2578 Θεωρίαν
1366 2504 1456 2559 διὰ
1495 2501 1604 2558 τῶν
1641 2502 1858 2573 ὑψηλῶν

279 2601 558 2670 ὀνομάτων
582 2639 598 2665 ,
661 2619 680 2654 ι
717 2597 1020 2670 συμπαθῶς
1053 2618 1072 2650 ι
1117 2597 1175 2652 δὲ
1229 2597 1369 2652 κατὰ
1410 2596 1510 2667 τὴν
1547 2595 1858 2665 πρακτικὴν

283 2693 620 2764 φιλοσοφίαν,
660 2692 747 2746 διὰ
773 2691 879 2745 τῶν
911 2689 1246 2761 σωματικῶν
1275 2688 1412 2760 πρὸς
1438 2690 1539 2759 τὴν
1566 2689 1678 2745 ἄνω
1705 2683 1858 2758 λῆξιν

281 2785 653 2856 ἐπειγόμενος,
693 2803 712 2836 ι
744 2783 944 2856 μᾶλλον
966 2781 1024 2840 δὲ
1051 2781 1114 2838 τὸ
1135 2781 1256 2835 ὅλον
1283 2780 1528 2844 Θεῖκῶς,›
1553 2779 1628 2844 ὼς
1653 2778 1860 2850 θεωρη-

278 2878 439 2947 τικῆς
469 2876 637 2948 οὔσης
686 2878 780 2932 καὶ
811 2877 910 2946 τῆς
939 2875 1196 2945 πράξεως
1241 2875 1337 2927 καὶ
1379 2873 1604 2942 λογικῆς
1635 2874 1859 2944 χάριτος

1959 2511 2183 2581 quidem
2215 2511 2523 2567 secundum
2557 2513 2844 2584 mysticam
2881 2514 3400 2586 contemplationem
3438 2529 3539 2583 per

1959 2601 2226 2656 sublimes
2281 2603 2708 2672 appellationes,
2745 2622 2763 2655 ι
2795 2605 3096 2675 eademque
3149 2605 3366 2675 patiens
3399 2622 3417 2656 ›
3451 2619 3538 2660 se-

1959 2693 2539 2765 cundum'practieam
2572 2687 3008 2766 philosophiam,
3041 2696 3172 2750 dum
3207 2711 3306 2765 per
3335 2711 3536 2765 corpo-

1960 2786 2096 2841 ralia
2135 2785 2204 2840 ad
2244 2801 2539 2856 supernam
2584 2799 2846 2857 properas
2881 2787 3146 2857 quietem;
3187 2805 3207 2837 ι
3257 2785 3368 2839 imo
3402 2799 3537 2840 vero

1959 2893 2188 2948 prorsus
2214 2877 2426 2942 divine,
2465 2895 2484 2928 ›
2527 2893 2652 2932 cum
2685 2878 3110 2948 contemplativa
3139 2889 3231 2932 tua
3264 2877 3428 2931 etiam
3466 2875 3539 2930 sit

283 2972 357 3042 μὴ
386 2969 746 3042 ἀμοιρούσης·
779 2969 897 3024 ἀλλ’
919 2969 1041 3021 ὅτου
1071 2967 1230 3037 χάριν
1261 2966 1358 3036 τὴν
1390 2965 1528 3036 πρὸς
1555 2956 1658 3036 τὴν
1681 2966 1857 3034 σάρκα

1962 2967 2108 3022 actio
2150 2974 2208 3023 el.
2249 2967 2508 3022 rationali
2549 2967 2727 3040 gratia
2769 2982 2882 3021 non
2923 2966 3196 3037 indigeat;
3241 2964 3336 3020 sed
3379 2965 3539 3034 cujus

277 3064 562 3134 γνωμικὴν
615 3061 968 3132 ἀλλοτρίωσιν
1027 3058 1115 3112 διὰ
1163 3059 1262 3128 τῆς
1310 3057 1522 3120 τελείας
1555 3055 1856 3126 περιτομῆς

277 3155 386 3208 τῶν
431 3155 601 3224 αὐτῆς
649 3152 901 3223 φυσικῶν
947 3150 1264 3221 κινημάτων
1315 3149 1490 3204 εἵλετο
1534 3147 1723 3217 σαφῶς
1752 3147 1857 3199 ὐπ-

278 3245 558 3318 αγορεύων
587 3245 798 3316 ὅτιπερ,
837 3243 925 3297 ἵνα
952 3243 1178 3312 γένηται
1203 3243 1296 3294 καὶ
1321 3239 1484 3304 αὐτὸς
1503 3240 1684 3310 χάριτι
1703 3237 1854 3301 Θεὸς,

279 3342 421 3413 ὑπὲρ
447 3340 548 3412 τὴν
579 3340 711 3411 ὓλην
744 3338 886 3392 κατὰ
915 3337 1094 3407 σάρκα
1125 3334 1213 3388 διὰ
1237 3335 1336 3402 τῆς
1361 3331 1708 3403 πράξεως³³,
1767 3330 1858 3384 καὶ

278 3433 420 3486 κατὰ
445 3431 568 3484 νοῦν
593 3430 682 3484 διὰ
707 3428 942 3499 Θεωρίας
959 3427 1114 3495 ,ὑπὲρ
1143 3425 1202 3477 τὸ
1229 3420 1387 3488 εἶδος,
1423 3421 1606 3494 (209
1626 3422 1678 3491 b)
1705 3421 1762 3487 te
1785 3413 1858 3474 ὧν

279 3527 312 3596 ὴ
351 3524 460 3578 τῶν
486 3525 658 3578 ὅντων
689 3521 925 3598 ὓπαρξις
956 3519 1265 3588 ὑφέστηκεν
1289 3553 1304 3573 .
1364 3513 1556 3568 ἑαυτὸν
1584 3512 1859 3581 καταστή-

281 3635 381 3680 σας
398 3658 414 3685 ,
474 3616 568 3670 καὶ
596 3617 658 3670 τὸ
686 3615 806 3668 ὅλον
832 3613 1007 3666 εἰπεῖν
1025 3650 1041 3675 ,
1099 3611 1240 3665 κατὰ
1267 3610 1366 3680 τὴν
1391 3608 1505 3674 ἕξιν
1533 3608 1630 3678 τῆς
1661 3607 1860 3679 ἀρετῆς

280 3710 372 3766 καὶ
421 3707 522 3778 τῆς
568 3705 822 3776 γνώσεως
865 3703 1027 3765 άῦλος
1079 3699 1177 3754 καὶ
1223 3697 1464 3762 ἀνείδεος
1493 3698 1670 3767 πάντη
1703 3697 1859 3764 γενό-

283 3816 440 3868 μενος
465 3837 480 3861 ,
531 3798 620 3852 διὰ
647 3797 740 3851 τὸν
767 3795 836 3848 δι’
863 3794 1010 3864 ἡμᾶς
1059 3790 1247 3862 ὲνῦλῃ
1277 3791 1372 3844 καὶ
1395 3791 1526 3844 είδει
1562 3789 1686 3844 καθ’
1711 3790 1859 3858 ἡμᾶς

281 3890 494 3962 ἀληθῶς
523 3889 582 3954 ἐξ
607 3888 763 3960 ἡμῶν
791 3885 1087 3955 γενόμενον
1109 3882 1243 3936 Θεὸν
1266 3881 1460 3949 Λόγον,
1485 3880 1577 3934 τὸν
1600 3881 1741 3934 κατὰ
1761 3879 1860 3948 φύ-

282 3999 366 4034 σιν
417 3981 621 4051 κυρίως
665 3978 828 4034 sum
863 3977 957 4030 καὶ
984 3962 1260 4028 ’ἀνείδεον.
1303 3972 1375 4026 Ἦ
1422 3972 1518 4028 καὶ
1563 3970 1724 4025 πάλιν
1753 3969 1814 4023 τό
1839 3987 1855 4004 ο

287 4094 307 4126 ‹
333 4073 548 4128 Μᾶλλον
569 4071 626 4124 δὲ
655 4071 774 4124 ὅλον
802 4067 1054 4130 θεῖκῶς,›
1088 4063 1178 4119 διὰ
1201 4063 1300 4134 τὴν
1323 4063 1686 4133 ἐγγενομένην
1711 4061 1859 4132 αὐτῷ

281 4161 689 4234 κατορθώσαντι
743 4157 843 4230 τὴν
893 4156 1122 4226 ὲφικτὴν
1172 4152 1480 4226 ἀνθρώποις
1521 4153 1722 4225 ἀρετὴν
1767 4153 1862 4207 καὶ

281 4252 481 4322 γνῶσιν
500 4292 514 4317 ,
553 4253 618 4305 ὲκ
648 4252 746 4320 τῆς
781 4249 920 4321 πρὸς
946 4247 1040 4302 τὸν
1061 4247 1194 4300 Θεον
1225 4246 1322 4300 καὶ
1349 4245 1440 4298 τὸν
1465 4243 1695 4315 πλησίον
1721 4261 1861 4314 συμο

1959 3056 2134 3129 gratia
2187 3056 2492 3114 voluntatis
2547 3072 2578 3112 a
2630 3071 2800 3112 carne
2851 3056 3243 3112 alienationem
3295 3053 3538 3125 perfecta

1957 3149 2082 3219 ejus
2124 3148 2462 3202 naturalium
2510 3148 2815 3203 motionum
2863 3130 3288 3203 circumcisione
3329 3145 3540 3216 ceperit

1957 3251 2150 3313 aperte
2186 3243 2415 3308 indicat,
2440 3244 2704 3300 nimirum
2740 3254 2803 3298 ut
2833 3245 2999 3298 etiam
3040 3244 3156 3314 ipse
3188 3243 3360 3314 gratia
3393 3243 3542 3298 Deus

1959 3332 2139 3396 fieret,
2162 3349 2328 3402 super
2347 3333 2634 3388 materiam
2662 3333 2716 3388 in
2740 3347 2906 3387 carne
2929 3349 3028 3402 per
3053 3333 3346 3396 actionem,
3371 3333 3540 3402 inque

1961 3433 2144 3479 mente
2173 3439 2274 3494 per
2303 3424 2821 3492 contemplationem
2853 3439 3020 3494 super
3045 3423 3298 3488 formam,
3324 3437 3391 3477 ex
3419 3423 3542 3492 qui-

1959 3518 2064 3573 bus
2099 3532 2284 3572 rerum
2317 3525 2515 3570 natura
2548 3523 2800 3581 constat,
2833 3531 2952 3571 sese
2987 3516 3360 3580 constituens,
3388 3523 3446 3570 et
3477 3520 3540 3570 ut

1962 3616 2136 3663 totum
2161 3607 2396 3673 edicam,
2421 3606 2728 3662 secundum
2753 3605 3006 3661 habitum
3030 3606 3254 3662 virtutis
3278 3614 3333 3664 et
3355 3605 3542 3677 cogni-

1965 3701 2132 3756 tionis
2177 3699 2556 3756 immaterialis
2600 3707 2657 3755 et
2700 3699 2890 3755 formze
2927 3714 3124 3769 expers
3163 3700 3322 3770 plane
3362 3698 3541 3754 factus

1961 3807 2060 3862 per
2087 3791 2259 3846 Deum
2291 3789 2612 3847 Sermonem
2643 3790 2736 3860 qui
2763 3797 2990 3860 propter
3010 3805 3112 3845 nos
3141 3789 3195 3844 in
3222 3789 3452 3844 materia
3484 3796 3542 3844 et

1961 3882 2137 3937 forma
2171 3897 2363 3937 revera
2392 3881 2460 3936 ad
2490 3895 2592 3936 nos
2621 3879 2689 3935 de
2722 3880 2883 3935 nobis
2917 3881 3189 3950 pervenit,
3218 3881 3312 3951 qui
3344 3889 3538 3936 natura

1964 3989 2064 4030 sua
2094 3974 2320 4044 proprie
2351 3982 2434 4028 est
2461 3971 2843 4026 immaterialis
2871 3971 3167 4042 formaeque
3200 3987 3416 4042 expers.
3441 3966 3537 4027 νει

1963 4063 2132 4118 etiam
2167 4077 2380 4128 rursus,
2407 4061 2541 4118 illud
2580 4078 2594 4115 :
2641 4079 2660 4112 ι
2697 4061 2812 4115 lmo
2841 4075 2976 4115 vero
3009 4075 3235 4130 prorsus
3267 4060 3474 4124 divine,
3511 4079 3534 4112 ι

1962 4153 2102 4208 dixit
2150 4161 2378 4224 propter
2421 4153 2572 4223 ejus,
2617 4152 2713 4222 qui
2754 4152 3012 4206 virtutem
3061 4166 3126 4205 ac
3171 4139 3539 4218 cognitionem

1963 4254 2198 4318 quantas
2254 4244 2575 4300 hominibus
2635 4244 2829 4298 liceret
2879 4243 3162 4308 exercuit,
3211 4239 3279 4297 ex
3335 4242 3430 4298 Dei
3484 4251 3542 4298 et

285 4310 535 4408 παθείας,
566 4310 865 4407 ἀπάθειαν,
892 4310 1032 4412 θπὲρ
1056 4340 1158 4410 τῆς
1183 4339 1294 4393 τῶν
1317 4338 1493 4394 ἄλλων
1517 4310 1857 4407 ὀῷειλῆςπά-

1964 4335 2202 4407 proximi
2234 4349 2444 4398 amore,
2470 4333 2706 4388 liberum
2741 4331 2810 4387 ab
2845 4331 3044 4387 ali‘ectu
3081 4339 3306 4397 statum,
3331 4346 3442 4400 quo
3472 4331 3540 4387 de

285 4451 432 4508 σχειν
463 4437 558 4490 καὶ
589 4434 686 4505 τὴν
716 4433 894 4504 ψυχὴν
925 4430 1161 4502 ἑτοίμως
1189 4429 1495 4500 προΐεσθαι,
1531 4427 1607 4492 ὡς
1626 4427 1857 4499 κηλίδων

1964 4429 2198 4484 aliorum
2231 4426 2421 4482 debito
2454 4425 2696 4496 patiatur
2725 4425 3077 4495 animamque
3107 4424 3344 4480 libenter
3372 4425 3543 4495 proji-

283 4528 627 4582 παντάπασιν
664 4526 923 4596 ὑπάρχων
949 4521 1256 4594 ἐλεύθερος.

1963 4521 2104 4582 eiat,
2134 4527 2326 4590 utpote
2364 4517 2434 4572 ab
2475 4516 2734 4573 omnibus
2769 4516 2995 4574 omnino
3025 4515 3195 4572 navis
3223 4526 3281 4572 et
3311 4516 3542 4572 maculis

1961 4613 2124 4668 liber.

286 4796 397 4851 Τοῦ
417 4795 626 4858 αὑτοῦ,
654 4795 722 4850 ἐκ
748 4793 856 4848 τοῦ
885 4793 972 4859 εις
996 4791 1069 4846 τὰ
1091 4791 1385 4848 Γενέθλια
1413 4794 1624 4862 λόγου,
1653 4795 1739 4860 είς
1763 4795 1854 4862 τὸ,

350 4891 536 4957 Νόμοι
583 4891 823 4957 φύσεως
873 4886 1310 4940 καταλύονται·
1345 4885 1732 4956 πληρωθῆναι
1765 4887 1864 4942 δεῖ

352 4979 458 5033 τὸν
491 4979 614 5032 ἅνω
647 4979 903 5047 κόσμον.
951 4977 1208 5045 Χριστὸς
1250 4978 1482 5032 κελεύει
1506 4996 1518 5010 ·
1563 4978 1650 5048 μὴ
1687 4979 1855 5034 ἀντι-

351 5069 655 5137 πείνωμεν.
695 5086 714 5119 ι

354 5181 514 5236 Κατὰ
537 5180 800 5251 ἀλήθειαν
828 5181 878 5234 οἱ
911 5181 1068 5250 νόμοι
1099 5182 1197 5251 τῆς
1229 5179 1443 5250 φύσεως
1465 5181 1860 5248 καταλυθέντες

1963 4793 2223 4866 Ejusdem
2279 4809 2341 4846 ex
2390 4809 2630 4846 sermone
2689 4793 2746 4846 in
2796 4792 3174 4861 Nativitatem,
3226 4794 3281 4848 in
3335 4794 3493 4866 illud,
3523 4811 3544 4852 :

2041 4905 2061 4938 α
2103 4869 2264 4957 Leges
2295 4895 2503 4940 natura:
2537 4883 2844 4952 solvuntur;
2873 4884 3082 4956 impleri
3112 4895 3314 4956 Oportet
3338 4897 3386 4941 et
3421 4905 3546 4942 con-

2033 4993 2296 5032 summa”
2336 4977 2592 5031 mundum
2632 4993 2942 5048 supernum.
2975 4975 3211 5032 Christus
3238 4979 3388 5050 jubet
3425 4997 3443 5036 :
3479 4996 3548 5034 ne

2035 5064 2377 5142 odsistamus.‘
2405 5087 2424 5120 ›

2035 5181 2209 5252 Leges
2234 5189 2446 5235 natura:
2481 5196 2671 5235 revera
2705 5182 2898 5236 solutae
2928 5182 3153 5252 superni
3184 5182 3373 5238 mundi
3409 5198 3540 5239 con-

282 5273 380 5344 τὴν
406 5272 500 5328 τοῦ
543 5271 658 5327 ἄνω
704 5273 910 5342 κόσμου
947 5271 1231 5342 πλήρωσιν
1275 5272 1620 5343 εἰργάσαντο.
1661 5272 1857 5342 Δηλοι-

1967 5274 2390 5329 summationem
2427 5273 2755 5329 elfeeerunt.
2787 5275 3058 5330 Nimirum
3095 5291 3204 5330 non
3239 5275 3434 5331 Salutis
3461 5275 3544 5332 eis

356 5400 380 5430 '
415 5389 656 5459 Ριιιιινιδ·
688 5403 746 5452 ¹¹τ
773 5385 826 5439 8'
1563 5453 1800 5508 unus.
1838 5453 2242 5510 LECTIONES.

355 5550 400 5582 ³⁸
431 5550 488 5604 1η
517 5548 835 5619 apographo
875 5556 1052 5603 exstat
1089 5547 1229 5618 ὑπὲρ
1258 5546 1356 5617 τὴν
1387 5545 1576 5616 ὑλικὴν
1607 5546 1747 5600 κατὰ
1776 5544 1955 5616 σάρκα
1979 5549 2078 5616 τῆς
2107 5545 2384 5618 πράξεως.
2414 5560 2537 5626 quae
2569 5543 2818 5615 supplevi
2851 5555 2908 5602 et
2933 5547 3244 5604 emendavi.

361 5663 444 5704 ηρ
511 5661 642 5709 μην,
679 5665 774 5715 ριν,
836 5643 943 5716 ἐει⁸
979 5676 1097 5724 ρης,
1155 5659 1277 5724 5:56,
1330 5669 1463 5715 mm,
1516 5659 1536 5714 Ι
1575 5657 1714 5728 Opp.
1767 5655 1856 5711 ed.
2040 5657 2338 5737 (l9)_greg.
2366 5655 2507 5737 N312;
2525 5653 2703 5737 Or.‘in
2729 5657 3024 5731 Tliwphan.
3059 5672 3180 5736 cap.
3217 5655 3278 5730 Δ2,
3329 5679 3387 5737 p.
3416 5664 3547 5721 66$.

315 5758 319 5764 -
451 5765 462 5776 .
1628 5724 1640 5728 ⁷
1661 5724 1675 5726 “
1971 5724 2099 5784 tum.
2140 5731 2159 5785 ι
2189 5724 2326 5798 Opp.
2353 5727 2442 5780 ed.
2467 5724 2673 5782 Bened:
