4038 6146
462 165 616 227 1275

1633 164 1693 224 S.
1737 161 2023 223 MAXIMI
2061 160 2575 224 CUNFESSORIS

3634 156 3776 221 1276

458 292 737 347 supernus
771 276 1009 333 mundus
1043 275 1401 346 imperfectus
1438 272 1734 329 mansisset
1765 282 1928 343 atque
1963 272 2047 326 in-

2166 271 2240 351 ἑτι⁸
2274 271 2349 344 μὴ
2382 272 2796 327 καταλυθέντων
2826 273 2870 305 ³⁸
2912 272 3137 345 ἐλλιπὴς
3173 274 3242 328 ἂν
3298 276 3330 328 6
3382 274 3511 328 ἄνω
3569 271 3785 339 κόσμος

459 374 897 419 consummatus.
924 363 1185 430 Quaenam
1229 373 1356 418 sunt
1393 370 1577 419 autem
1614 362 1732 418 istae
1772 378 1894 432 quae
1934 362 2043 428 sol-7

458 462 671 509 vuntur
704 454 853 524 leges
887 453 1135 509 naturae?
1169 454 1265 508 Est
1295 453 1584 523 conceptio
1621 468 1720 523 per
1752 454 2044 518 sationem,

460 553 519 601 et
552 562 651 616 per
684 544 989 608 interitum,
1023 552 1085 597 ut
1120 552 1276 617 puto,
1309 546 1613 615 generatio,
1641 559 1874 614 quarum
1912 560 2048 599 neu-

465 651 547 692 tra
569 653 756 691 veram
784 637 878 689 Dei
908 637 1343 691 incarnationem
1375 637 1789 707 perfectamque
1818 635 2046 690 humani

462 729 713 798 corporis
759 728 1191 797 assumptionem
1239 729 1397 797 plene
1443 728 1771 799 designavit.
1808 726 2050 782 Sationis

462 821 613 873 enim
639 836 767 873 vere
796 819 898 873 fuit
928 821 1236 890 conceptio,
1262 830 1315 875 et
1346 820 1606 875 interitus
1631 819 1859 874 omnino
1886 834 2052 889 gene-

467 912 636 975 ratio,
686 926 825 980 pura
879 921 1045 981 atque
1096 913 1471 977 immaculata,
1517 920 1916 982 proptereaque
1963 911 2047 965 vel

435 1002 586 1071 lpost
608 1003 854 1072 generati
886 1011 1103 1072 partum
1135 1004 1287 1074 virgo
1314 1012 1510 1069 mater,
1540 1018 1664 1058 cum
1693 1020 1792 1074 per
1820 1003 1875 1057 id
1900 1002 2051 1073 quod

464 1095 681 1163 peperit
718 1095 900 1166 potius
942 1096 1062 1149 sine
1106 1097 1360 1166 passione
1399 1104 1772 1166 permaneret,
1803 1095 1857 1149 id
1902 1094 2049 1165 quod

464 1187 630 1240 etiam
664 1186 864 1241 mirum
894 1196 949 1241 et
975 1197 1174 1257 praeter
1199 1204 1418 1241 omnem
1446 1198 1658 1242 natura:
1686 1189 1859 1258 legem
1886 1198 2053 1259 atque

465 1275 738 1329 rationem
775 1275 980 1330 factum
1015 1285 1121 1339 est,
1150 1278 1229 1331 uti
1266 1277 1412 1331 Deus
1443 1277 1535 1345 qui
1571 1292 1638 1330 ex
1673 1277 1762 1329 illa
1798 1276 1853 1330 in
1885 1292 2051 1332 carne

465 1366 618 1421 nasci
658 1367 916 1438 dignatus
956 1377 1062 1430 est,
1094 1369 1189 1437 qui
1230 1367 1561 1438 virginitatis
1598 1369 1817 1422 vincula
1860 1369 1960 1433 illi,
1994 1377 2055 1423 ut

466 1459 666 1522 matri,
699 1460 885 1527 potius
920 1460 1179 1512 astrinxit
1213 1476 1312 1529 per
1346 1460 1780 1529 generationem.
1812 1460 1869 1514 Id
1905 1460 2052 1529 quod

467 1551 615 1604 factu
666 1566 776 1604 non
827 1552 1010 1605 minus
1051 1567 1215 1620 quam
1263 1552 1451 1605 auditu
1498 1568 1623 1605 vere
1670 1552 2052 1607 admirandum

2146 362 2384 433 διέμεινε
2421 364 2517 417 καὶ
2562 365 2908 436 ἀπλήρωτος.
2944 369 3100 429 Τίνες
3133 368 3191 421 δὲ
3233 368 3287 420 οἱ
3340 362 3783 431 καταλυόμενοι

2146 455 2303 524 νόμοι
2337 455 2438 526 τῆς
2484 454 2698 524 φύσεώς
2733 459 2910 523 είσιν;
2971 458 3035 511 Ἥ
3091 458 3181 511 διὰ
3229 460 3461 528 σπορᾶς
3502 455 3786 524 σύλληψις

2150 545 2245 599 καὶ
2283 547 2316 615 ἡ
2346 545 2433 598 διὰ
2461 546 2669 616 φθορᾶς
2711 548 2882 615 ἐστιν,
2914 549 2990 613 ὡς
3015 542 3193 618 οἶμαι,
3230 549 3541 617 γέννησις,
3572 540 3660 600 ὧν
3690 548 3783 600 οὗ·

2147 636 2366 706 δέτερον
2417 636 2518 705 τὴν
2555 637 2817 709 ἀληθινὴν
2860 638 2955 691 τοῦ
2994 638 3132 692 Θεοῦ
3186 640 3492 709 σάρκωσιν
3535 637 3644 690 καὶ
3691 652 3782 688 τε·

2151 725 2299 778 λείαν
2345 726 2760 797 ὲνανθρώπησιν
2807 728 3091 793 παντελῶς
3143 731 3601 801 ὲχαρακτήρισε.
3644 727 3783 779 Σπο-

2157 818 2257 886 ρᾶς
2311 818 2421 888 γάρ
2476 816 2693 888 ἀληθῶς
2750 820 3113 890 ήσύλληψις,
3156 821 3255 874 καὶ
3289 821 3514 891 φθορᾶς
3568 819 3778 887 γέγονε

2151 908 2389 978 πάμπαν
2424 910 2457 978 ἡ
2499 908 2776 980 γέννησις,
2812 911 3029 981 καθαρά
3059 912 3153 964 καὶ
3191 912 3513 978 ἀνέπαφος,
3555 912 3660 963 καὶ
3687 910 3779 963 διὰ

2150 1000 2312 1054 τοῦτο
2345 1001 2623 1071 Παρθένος
2656 1004 2751 1056 καὶ
2788 1003 2925 1087 μετᾶ
2950 1003 3229 1056 τὸν-τόκον
3259 1003 3363 1056 τοῦ
3388 1001 3775 1071 γεννηθέντος

2152 1093 2188 1163 ἡ
2219 1093 2441 1163 Μήτηρ,
2478 1092 2569 1146 διὰ
2613 1095 2706 1146 τοῦ
2759 1094 2983 1148 τοκετοῦ
3035 1094 3239 1165 μᾶλλον
3274 1094 3505 1166 ἀπαθὴς
3554 1093 3775 1162 διαμεί-

2153 1199 2319 1246 νασα,
2359 1183 2388 1236 ὃ
2431 1184 2527 1237 καὶ
2568 1184 2869 1254 παράδοξον
2900 1186 2995 1238 καὶ
3027 1186 3203 1239 πάντα
3241 1186 3464 1253 φύσεως
3494 1185 3678 1254 νόμον
3710 1200 3769 1235 τε

2158 1274 2253 1328 καὶ
2280 1274 2438 1342 λόγον
2466 1274 2791 1345 ἐκσεόηκδς,
2822 1277 2913 1330 καὶ
2940 1276 3070 1339 Θεὸς
3092 1279 3121 1329 6
3149 1276 3210 1340 ἐξ
3238 1277 3410 1346 αὐτῆς
3437 1277 3620 1345 σαρκὶ
3638 1293 3770 1340 γενο

2160 1365 2392 1437 νηθῆναι
2443 1366 2810 1432 καταξιώσας,
2862 1367 3191 1434 διασφίγξας
3242 1370 3386 1437 αὐτῇ
3434 1366 3655 1436 μᾶλλον
3694 1367 3770 1428 ὡς

2160 1457 2328 1527 μητρὶ
2359 1455 2426 1509 τὰ
2450 1458 2546 1526 τῆς
2566 1457 2868 1537 παρθενίας
2899 1459 3082 1529 (210
3097 1461 3151 1527 a)
3178 1459 3354 1528 δεσμά
3382 1457 3474 1511 διὰ
3506 1457 3617 1527 τῆς
3649 1474 3770 1524 72v-

2158 1549 2389 1619 νήσεως.
2418 1549 2492 1600 Τὸ
2521 1549 2835 1619 θαυμαστὸν
2864 1551 3033 1614 ὅντως
3061 1552 3154 1603 καὶ
3185 1553 3419 1621 πρᾶγμα
3446 1553 3553 1602 καὶ
3592 1550 3771 1601 ἄκου-

469 1649 577 1705 est,
606 1642 855 1713 generari
894 1644 1154 1696 nimirum
1192 1644 1455 1698 infantem
1490 1654 1543 1697 ct
1575 1644 1876 1714 partu'edi,
1906 1646 2058 1716 geni-

2166 1655 2297 1708 σμα,
2330 1639 2586 1711 γέννησιν
2643 1641 2897 1708 γενέσθαι
2935 1641 3167 1712 βρέφους
3212 1644 3305 1694 καὶ
3353 1643 3618 1711 πρόοδον.
3656 1642 3772 1695 τῶν

469 1731 676 1784 talibus
716 1732 975 1785 claustris
1018 1732 1211 1786 matris
1254 1749 1363 1787 non
1405 1735 1633 1802 apertis.
1666 1733 1899 1790 Necesse
1942 1746 2063 1790 erat

470 1822 618 1876 enim
653 1838 874 1899 revera,
908 1838 1133 1877 necesse
1176 1831 1295 1878 erat
1332 1833 1393 1877 ut
1429 1835 1638 1879 natura:
1677 1826 1930 1880 conditor
1965 1843 2064 1897 per

470 1912 827 1981 semetipsum
896 1922 1154 1968 naturam
1221 1916 1525 1970 emendans
1586 1920 1791 1986 primas
1853 1928 2065 1975 natura:

471 2002 621 2073 leges
651 2004 1012 2071 dissolveret,
1046 2007 1251 2077 quibus
1284 2019 1574 2077 peccaturo
1613 2019 1841 2079 propter
1875 2010 2065 2065 inube-

469 2095 733 2149 dientiam
802 2113 989 2166 parem
1051 2113 1175 2152 cum
1245 2099 1661 2153 irrationalibus
1725 2101 2057 2156 animalibus

470 2185 724 2240 homines
757 2187 1111 2241 damnaverat
1140 2188 1345 2245 habere
1386 2205 1453 2243 ex
1493 2191 1807 2260 semetipsis
1842 2208 2064 2247 succes-

470 2274 683 2330 sionem
743 2279 1128 2335 continuandae
1182 2281 1399 2350 stirpis,
1434 2274 1509 2335 et
1558 2282 1750 2351 primae
1805 2285 1945 2337 adeo
1996 2299 2061 2339 ac

476 2383 666 2422 revera
709 2369 910 2423 divinae
954 2371 1257 2425 creationis
1297 2373 1445 2442 leges
1488 2373 1797 2437 innovaret,
1823 2383 1883 2427 ut
1916 2376 2062 2444 quod

477 2460 643 2513 homo
674 2475 741 2513 ex
780 2462 1132 2531 negligentia,
1165 2472 1225 2516 ut
1260 2464 1531 2527 infirmus,
1564 2465 1922 2534 perdidisset,
1959 2467 2065 2522 hoc

474 2552 624 2607 Deus
663 2552 731 2607 de
770 2554 1065 2609 clementia
1111 2572 1231 2622 sua,
1264 2566 1324 2611 ut
1364 2566 1581 2626 potens,
1615 2567 1972 2614 restauraret.
2006 2562 2064 2615 Si

475 2644 644 2714 igitur
675 2644 821 2715 leges
852 2656 1067 2702 natura:
1090 2648 1158 2702 de
1194 2660 1423 2718 peccato
1454 2650 1723 2721 imposita:
1756 2652 1811 2705 in
1843 2652 2065 2708 Christo

476 2734 672 2788 solutae
702 2744 852 2798 sunt,
878 2746 935 2791 et
960 2737 1142 2791 omnis
1170 2738 1465 2793 alfectuum
1493 2740 1711 2795 servilis
1734 2741 2065 2799 insurrectio

477 2821 547 2875 de
589 2820 873 2876 Sermonis
914 2824 1156 2880 adventu
1195 2827 1418 2897 penitus
1453 2838 1662 2883 remota
1700 2840 1805 2895 est,
1837 2846 2064 2898 necesse

2172 1730 2510 1801 γεννητικῶν
2554 1732 2819 1803 κλείθρων
2860 1732 2953 1802 τῆς
2987 1733 3250 1804 τεκούσης
3283 1734 3356 1804 μὴ
3394 1735 3767 1799 ἀνοιγέντων.

2170 1821 2319 1874 Ἔδει
2366 1823 2474 1892 γὰρ
2515 1822 2684 1885 ὅντως
2714 1866 2727 1889 ,
2766 1823 2871 1876 ἔδει
2904 1825 2995 1877 τὸν
3027 1824 3254 1896 ποιητὴν
3284 1825 3383 1893 τῆς
3427 1824 3664 1892 φύσεως
3701 1823 3771 1876 δι’

2165 1911 2361 1964 ἑαυτοῦ
2404 1912 2501 1980 τὴν
2528 1911 2688 1982 φύσιν
2712 1913 3181 1984 ἐπανορθούμενον
3212 1915 3462 1985 πρώτους
3504 1914 3769 1966 καταλῦ-

2167 2020 2256 2056 σαι
2288 2004 2414 2065 τοὺς
2447 2003 2648 2073 νόμους
2681 2005 2778 2074 τῆς
2809 2003 3048 2073 φύσεως,
3077 1999 3160 2067 οἷς
3182 2007 3215 2075 ἡ
3246 2006 3495 2076 ἁμαρτία
3539 2006 3633 2059 διὰ
3668 2009 3774 2075 τῆς

2166 2096 2448 2166 παρακοῆς
2481 2095 2577 2165 τὴν
2602 2096 2773 2167 αὐτὴν
2801 2099 2913 2160 τοῖς,
2946 2098 3161 2166 ἀλόγοις
3186 2096 3343 2163 ζώοις
3365 2100 3496 2161 τοὺς
3538 2098 3774 2167 avem.

2164 2204 2298 2250 πους
2327 2186 2473 2255 ἔχειν
2505 2186 2602 2257 τῆς
2631 2186 2688 2251 ἐξ
2731 2186 2978 2258 ἀλλήλων
3029 2188 3283 2257 διαδοχῆς
3330 2188 3575 2258 ἰδιότητα
3623 2205 3773 2241 κατ-

2164 2279 2412 2340 εδίκασε,
2441 2278 2533 2329 καὶ
2575 2275 2719 2330 οὕτω
2760 2264 2858 2348 τῆς
2890 2277 3111 2349 πρώτης
3139 2280 3235 2332 καὶ
3267 2278 3435 2342 ὅντως
3469 2278 3631 2334 θείας
3665 2280 3770 2348 δη-

2168 2367 2461 2438 μιουργίας
2514 2369 2642 2431 τοὺς
2690 2368 2891 2438 νόμους
2932 2369 3360 2434 ἀνανεώσασθαι,
3396 2370 3489 2423 ἵνα
3542 2371 3692 2440 ὅπερ
3740 2372 3771 2422 ὁ

2163 2459 2454 2530 ἄνθρωπος
2494 2460 2554 2524 ἐξ
2578 2460 2910 2536 ἀπροσεξίας
2943 2460 3018 2524 ὡς
3046 2461 3276 2531 ἀσθενὴς
3308 2463 3575 2531 ἠφάνισε,
3601 2463 3768 2515 τοῦτο

2163 2550 2253 2603 διὰ
2274 2549 2690 2619 φιλανθρωπίαν
2714 2552 2743 2602 6
2763 2549 2897 2611 Θεὸς
2922 2549 2997 2611 ὡς
3025 2550 3249 2612 δυνατὸς
3276 2552 3765 2621 ἐπανορθώσηται.

2166 2641 2229 2694 Εί
2259 2642 2439 2695 τοίνυν
2477 2643 2523 2693 ei
2566 2640 2657 2695 διὰ
2694 2641 2791 2712 τὴν
2826 2642 3104 2713 ἁμαρτίαν
3137 2643 3293 2713 νόμοι
3319 2642 3421 2712 τῆς
3450 2644 3675 2711 φύσεως
3704 2649 3767 2700 ἐν

2165 2730 2389 2801 Χριστῷ
2422 2730 2826 2799 κατελύθησαν,
2880 2732 2976 2785 καὶ
3027 2734 3180 2785 πᾶσα
3230 2733 3617 2805 δουλοπρεπὴς
3651 2737 3765 2790 τών

2167 2820 2355 2874 παθῶν
2391 2820 2763 2883 ἐπανάστασις
2812 2821 2899 2874 διὰ
2948 2821 3048 2891 τῆς
3100 2824 3407 2894 παρουσίας
3450 2825 3543 2878 τοῦ
3584 2828 3764 2895 Αὔγου

475 2920 563 2967 est
595 2914 821 2967 omnino
855 2924 915 2969 ut
947 2932 1221 2985 supernus
1254 2919 1495 2974 mundus
1527 2930 1967 2986 consummetur,
2000 2931 2063 2976 ut

2170 2911 2449 2975 παντελῶς
2484 2913 2783 2980 ἀπεγένετο
2809 2954 2825 2979 ,
2862 2912 3220 2985 πληρωθῆναι
3274 2916 3354 2968 δεῖ
3401 2917 3626 2982 πάντως
3668 2920 3767 2974 τὸν

481 3004 558 3058 ait
592 3007 877 3075 magister.
911 3008 979 3061 Et
1009 3019 1204 3067 contra
1239 3011 1347 3066 hoc
1382 3027 1453 3065 ne
1487 3012 1895 3083 obstrepamus.
1930 3012 2064 3069 Nam

2171 3004 2282 3058 ἀνω
2309 3004 2538 3074 κόσμον,
2567 3003 2643 3067 ὥς
2669 3021 2836 3073 φησιν
2860 3006 2888 3057 6
2916 3005 3257 3069 διδάσκαλος.
3289 3008 3407 3060 Καὶ
3432 3010 3573 3076 πρὸς
3603 3011 3767 3065 τοῦτο

480 3102 526 3152 si
560 3107 739 3163 vetus,
768 3101 862 3169 qui
901 3110 1129 3170 peccato
1167 3103 1505 3174 subjacebat,
1532 3104 1704 3159 Adam
1745 3104 1979 3175 simplex
2014 3115 2072 3160 et

479 3189 640 3243 exilis
672 3191 854 3255 homo,
884 3193 1090 3261 primas
1125 3193 1181 3247 in
1222 3195 1419 3264 spiritu
1457 3196 1609 3267 leges
1641 3205 1853 3251 natura:
1880 3196 2069 3252 inobev

483 3274 690 3336 dientia
725 3282 1000 3347 dissolvit,
1039 3284 1470 3357 inferioremtu
1506 3287 1771 3341 mundum
1800 3288 1954 3357 prole
1986 3303 2075 3343 re-

482 3375 653 3445 plevit
677 3375 744 3430 de
772 3392 872 3432 suo
899 3380 1109 3433 semine
1138 3389 1194 3434 et
1223 3379 1278 3433 in
1306 3396 1472 3436 carne
1512 3390 1630 3436 sata
1668 3382 1724 3436 in
1760 3382 2070 3449 interitum,

484 3467 946 3536 transgressionis
995 3483 1109 3523 sum
1155 3469 1523 3525 similitudine
1573 3471 1834 3543 princeps
1872 3473 2071 3539 factus,

483 3562 543 3608 et
573 3570 738 3609 nemo
766 3556 1123 3627 obloquetur,
1152 3560 1328 3614 multo
1359 3563 1532 3633 magis
1564 3563 1659 3632 qui
1693 3563 1810 3617 sine
1842 3572 2073 3634 peccato

487 3657 574 3699 est
602 3661 777 3700 novus
804 3647 976 3700 Adam
1003 3648 1256 3705 Christus
1279 3652 1428 3707 Deus
1454 3654 1604 3724 leges
1631 3654 2077 3710 irrationalitatis

490 3745 703 3790 natura:
729 3736 797 3790 de
824 3747 1051 3807 peccato
1082 3741 1260 3796 illatas
1285 3742 1622 3809 dissolverit,
1646 3754 1706 3798 ut
1731 3745 1891 3811 ratio,
1917 3760 2079 3815 supe-

490 3829 807 3899 rioremque
836 3830 1101 3885 mundum
1136 3844 1283 3889 recte
1318 3836 1386 3889 iis
1412 3836 1708 3905 repleverit
1743 3852 1884 3907 quos
1914 3853 1983 3892 ex
2019 3853 2077 3893 se

494 3919 550 3974 in
597 3920 796 3990 spiritu
850 3931 1079 3992 generat
1123 3925 1382 3981 interitus
1427 3937 1713 3998 expertes,
1753 3928 2079 3984 obedientite

494 4027 605 4066 sua:
655 4013 1020 4070 similitudine
1068 4017 1327 4088 princeps
1367 4019 1565 4074 factus.
1598 4021 1667 4075 Et
1707 4026 1873 4076 nemo
1914 4022 2079 4077 ﬁdem

484 4103 728 4175 deneget
758 4120 952 4161 eorum
978 4108 1074 4178 qui
1098 4109 1184 4163 vel
1213 4111 1494 4179 paululum
1526 4123 1822 4169 senserunt
1846 4116 1944 4171 Dei
1979 4116 2082 4170 im-

488 4194 709 4267 perium
741 4196 971 4266 ejusque
1003 4198 1437 4267 magnitudinem
1465 4212 1830 4271 agnoverunt.
1862 4204 1952 4258 Sic
1981 4204 2080 4275 igi-

2175 3097 2251 3167 μὴ
2283 3095 2698 3171 ἀντιτείνωμεῆ
2740 3098 2801 3149 Εἰ
2826 3097 2935 3167 γὰρ
2963 3099 2991 3149 ὁ
3032 3098 3265 3162 παλαιός
3298 3100 3409 3152 ὑπὸ
3453 3102 3553 3170 τὴν
3580 3102 3768 3171 ἀμαρο

2170 3188 2293 3243 τίαν
2329 3188 2375 3220 ⁸⁵
2424 3187 2597 3258 Ἀδὰμ
2624 3170 2779 3258 ᾧιλδς
2825 3189 3111 3259 ἄνθρωπος
3145 3189 3221 3243 ὢν
3247 3192 3380 3254 τοὺς
3417 3195 3675 3263 πρώτους
3706 3170 3766 3247 έν

2174 3279 2446 3351 πνεύματι
2480 3280 2681 3351 νόμους
2708 3280 2807 3351 τῆς
2845 3281 3059 3349 φύσεως
3083 3281 3170 3335 διὰ
3201 3284 3302 3355 τῆς
3339 3286 3634 3356 παρακοῆς
3664 3304 3768 3339 κα-

2173 3370 2413 3433 ταλύσας
2441 3370 2532 3423 τὸν
2563 3373 2713 3424 κάτω
2743 3372 2948 3443 κόσμον
2990 3372 3280 3444 ὲπλήρωσε
3312 3376 3429 3428 τῶν
3461 3378 3583 3431 κατ’
3606 3379 3769 3431 αὑτὸν

2178 3461 2343 3532 σαρκὶ
2388 3462 2767 3533 γεννηθέντων
2804 3464 2886 3527 είς
2935 3464 3143 3535 φθορὰν
3168 3505 3183 3526 ,
3215 3465 3294 3533 τῷ
3325 3466 3643 3538 ὁμοιώματι
3672 3470 3771 3539 τῆς

2176 3551 2342 3608 αὐτοῦ
2378 3554 2749 3624 παραϐάσεως
2784 3556 3077 3625 γενόμενος
3129 3557 3404 3626 ἀρχηγὸς,
3458 3563 3557 3612 καὶ
3598 3562 3769 3623 οὐδεὶς

2176 3645 2412 3717 ἀντερεῖ,
2437 3645 2617 3717 πολλῷ
2651 3646 2851 3716 μᾶλλον
2876 3649 2904 3700 6
2934 3648 3329 3717 ἀναμάρτητος
3352 3650 3505 3715 νέος,
3535 3654 3565 3703 6
3604 3653 3771 3721 Ἀδὰμ

2179 3735 2415 3807 Χριστὸς
2442 3736 2471 3787 6
2508 3735 2643 3799 Θεὸς
2676 3737 2803 3798 τοὺς
2834 3736 2923 3788 διὰ
2952 3736 3050 3806 τὴν
3083 3738 3364 3806 ἁμαρτίαν
3417 3742 3771 3811 ἐπεισαχθέν-

2177 3846 2278 3892 τας
2319 3832 2387 3900 τῇ
2435 3828 2594 3899 φύσει
2637 3828 2835 3900 νόμους
2886 3831 2983 3899 τῆς
3034 3828 3260 3896 ἀλογίας
3314 3833 3663 3896 καταλύσας,
3694 3836 3765 3896 ὡς

2180 3920 2358 3988 λόγος,
2400 3918 2495 3973 τὸν
2539 3920 2653 3975 ἄνω
2691 3921 2894 3990 κόσμον
2924 3919 3271 3990 πληρώσειεν
3309 3921 3379 3975 ἂν
3412 3924 3647 3988 δικαίως
3674 3927 3773 3977 τῶν

2138 4016 2141 4021 ”
2180 4012 2302 4067 κατ’
2329 4010 2492 4065 αὐτὸν
2522 4012 2603 4075 είς
2631 4011 2942 4083 ἀφθαρσίαν
2972 4010 3248 4081 πνεύματι
3273 4019 3671 4084 γεννωμένων,
3702 4016 3773 4086 τῷ

2180 4102 2490 4176 ὁμοιώματι
2527 4103 2629 4172 τῆς
2674 4103 2842 4156 αὑτοῦ
2879 4103 3124 4172 ὑπακοῆς
3168 4105 3478 4173 γενόμενος
3510 4108 3771 4176 ἀρχηγός.

2180 4196 2292 4249 Καὶ
2321 4186 2619 4249 ἀπιστείτω
2650 4193 2838 4263 μηδεὶς
2865 4192 2971 4246 τῶν
2998 4192 3102 4245 κᾶν
3137 4193 3340 4264 μικρὸς
3369 4197 3776 4266 ὲπῃσθημένων

498 4295 589 4338 tur
616 4289 870 4355 superior
900 4287 1144 4341 mundus
1171 4289 1419 4357 repletur
1449 4291 1516 4345 iis
1545 4292 1640 4361 qui
1672 4293 1740 4348 de
1770 4294 1993 4349 Christo
2024 4297 2065 4350 ir

2182 4289 2281 4359 τῆς
2310 4287 2403 4341 τοῦ
2452 4286 2587 4339 Θεοῦ
2624 4285 2946 4347 δυναστείας
2978 4283 3070 4337 καὶ
3097 4284 3160 4337 τὸ
3204 4285 3448 4355 μέγεθος
3484 4289 3664 4356 αὐτῆς
3710 4290 3776 4358 μὴ

498 4376 697 4445 Spiritu
739 4385 1097 4446 generantur,
1120 4387 1175 4431 et
1200 4378 1278 4432 sic
1305 4377 1466 4434 tinem
1496 4381 1726 4435 sortitur
1746 4385 2081 4439 convenien-

498 4474 609 4520 tem
653 4467 888 4520 earnalis
928 4476 984 4522 et
1025 4467 1308 4523 inferioris
1351 4469 1516 4540 hujus
1559 4475 1930 4541 generationis
1971 4476 2078 4541 lex,

2182 4378 2543 4446 ἀγνοούντων.
2586 4374 2742 4429 Οὕτω
2772 4375 2872 4444 μὲν
2895 4370 2989 4428 οὖν
3012 4372 3043 4427 6
3071 4373 3185 4428 ἄνω
3222 4377 3440 4445 κόσμος
3480 4378 3777 4449 πληροῦται

2185 4470 2372 4540 (210
2397 4469 2448 4537 b)
2489 4468 2598 4520 τῶν
2627 4466 2772 4520 κατὰ
2819 4466 3054 4537 Χριστὸν
3087 4469 3144 4518 ὲν
3172 4468 3457 4537 πνεύματι
3506 4472 3778 4537 γεννωμέ.

487 4566 555 4611 .et
588 4557 654 4611 ad
695 4560 1038 4627 superiorem
1077 4559 1344 4614 mundum
1378 4564 1637 4633 aequabili
1672 4566 1855 4620 omnia
1889 4567 2065 4623 ordini

2185 4579 2291 4614 νων
2316 4600 2331 4624 ,
2378 4560 2469 4612 καὶ
2524 4557 2666 4610 οὕτω
2704 4560 2883 4626 πέρας
2921 4555 3135 4625 δέχεται
3185 4558 3513 4629 πρόσφορον
3542 4558 3598 4615 ‘6
3648 4561 3778 4615 κατὰ

494 4647 928 4720 dispunguntur.

922 4948 1046 5004 Alia
1083 4951 1137 5003 in
1180 4950 1320 5004 idem
1359 4951 1667 5007 observatio.

573 5056 713 5112 Cum
736 5074 869 5114 vero
897 5061 1061 5115 aliam
1087 5077 1307 5132 quoque
1334 5065 1580 5136 magistri
1610 5080 1791 5120 sermo
1820 5065 2090 5135 interpre-

505 5146 772 5202 tationem
806 5149 1100 5207 admittere
1132 5152 1269 5206 mihi
1294 5155 1567 5220 videatur,
1597 5158 1712 5211 haec
1740 5172 1959 5226 quoque
1988 5171 2088 5226 pro

2172 4650 2367 4721 τάρκα
2411 4649 2576 4719 νόμος
2626 4648 2721 4701 καὶ
2772 4647 2870 4716 τῆς
2909 4648 3059 4699 κάτω
3094 4650 3448 4716 γεννήσεως,
3500 4653 3603 4705 καὶ
3655 4652 3780 4723 πρὸς

2187 4742 2282 4794 τὸν
2315 4741 2429 4797 ἄνω
2453 4740 2658 4811 κόσμον
2689 4739 2866 4792 πάντα
2911 4737 3408 4810 ἀναρῤυθμίζεται.

2536 4953 2731 5019 ’Ἄλλη
2761 4951 3011 5018 ἐπιϐολὴ
3039 4952 3124 5017 εἱς
3152 4950 3220 5002 τὸ
3263 4952 3441 5006 αὐτό.

2273 5063 2492 5135 Ἐπειδὴ
2524 5062 2579 5116 δὲ
2617 5061 2717 5115 καὶ
2743 5060 2903 5116 ἄλλον
2934 5058 3061 5112 νοῦν
3091 5058 3229 5130 πρὸς
3259 5058 3487 5125 τούτοις
3524 5065 3554 5115 6
3592 5063 3686 5117 τοῦ
3710 5065 3781 5116 δι-

2191 5154 2462 5209 δασκάλου
2486 5153 2643 5221 λόγος
2672 5150 2808 5221 ἔχων
2839 5166 2930 5219 μοι
2973 5147 3246 5216 φαίνεται,
3278 5148 3511 5204 λεκτέον
3539 5155 3637 5205 καί
3667 5150 3782 5205 τοῦ·

404 5316 411 5324 .
508 5238 720 5292 viribus
763 5242 903 5296 meis
944 5244 1053 5297 erit
1094 5247 1481 5314 proponenda,
1516 5249 1631 5302 Deo
1679 5250 1731 5302 in
1778 5249 2059 5319 Evangelii

2192 5264 2284 5300 τον
2316 5245 2392 5308 ὡς
2420 5244 2542 5298 καθ’
2576 5245 2722 5314 ἡμᾶς
2754 5245 2871 5295 ἐστι
2900 5239 3146 5303 δυνατὸν,
3189 5239 3331 5293 Θεοῦ
3358 5243 3457 5294 τὸν
3481 5243 3647 5313 λόγον
3677 5242 3753 5297 ἰθύ

508 5323 633 5392 ipso
666 5342 975 5387 sermonem
1000 5334 1292 5405 dirigente.
1322 5337 1445 5394 Sola
1474 5350 1531 5395 et
1556 5342 1719 5396 unica
1752 5357 1935 5396 rerum
1968 5342 2091 5397 uni-

2197 5353 2378 5399 νοντος
2414 5336 2472 5389 ὲν
2504 5337 2617 5397 τοῖς
2645 5329 3021 5400 Εὑαγγελίοις.
3065 5330 3126 5382 Ἡ
3155 5330 3297 5402 μόνη
3322 5332 3440 5387 τῶν
3473 5335 3620 5391 ὅλων
3645 5334 3783 5391 αἰτία

1815 5475 2055 5531 VARle
2096 5469 2506 5528 LECTIONES.

596 5567 642 5598 “
670 5568 1051 5645 Apographum
1086 5586 1497 5655 καταλυθέντες.
1578 5597 1618 5627 ³⁵
1651 5595 1692 5649 Λ
1718 5595 1890 5665 prima
1926 5609 2087 5649 manu
2120 5591 2384 5662 scriptum
2423 5596 2505 5647 est
2534 5587 2634 5659 τῆς
2666 5582 2938 5657 ἁμαρτίας
2966 5580 3020 5636 in
3050 5579 3173 5638 6οά-
3199 5579 3349 5638 Gild-
