4038 6146
578 218 716 284 1279
1747 228 1808 289 S.
1846 228 2129 289 MAXIM]
2175 227 2688 290 CONFESSORIS
3005 262 3012 269 -
3686 223 3791 290 1280

583 329 899 401 ἀνθρώπου,
935 333 1089 402 δῆλον
1118 335 1193 396 ὡς
1220 333 1311 387 τον
1335 335 1449 389 ἀνω
1519 338 1722 406 κόσμον
1789 314 2078 409 ἐπλήρωσε
2107 337 2341 407 Χριστὸς
2381 340 2409 392 6
2475 339 2632 405 Θεὸς,
2672 337 2771 409 τὴν
2821 338 3035 394 πάντων
3069 340 3127 394 ὲν
3167 338 3352 409 ἑαυτῷ
3386 336 3697 408 θεοπρεπῶς
3730 342 3794 393 αὖ-

579 428 893 498 τουργήσας
920 428 1217 497 σωτηρῖαν.
3174 427 3186 439 ’

974 606 1097 659 Alia
1124 600 1181 660 in
1211 608 1348 661 idem
1378 609 1771 679 contemplatio.

2627 608 2823 674 ’Ἄλλη
2875 608 3085 675 θεωρία
3116 608 3202 673 εις
3224 605 3290 659 τὸ
3318 606 3496 659 αὐτό.

647 717 754 773 Sed
795 718 959 773 aliter
996 735 1249 789 quoque.
1286 722 1582 796 si.placct,
1615 723 1759 779 hanc
1799 724 2163 793 quaestionem

577 818 998 879 pertractemus.
1028 812 1132 878 Qui
1170 829 1354 868 rerum
1393 828 1647 871 accurate
1680 816 2043 886 dispexerunt
2070 834 2167 873 na-

546 910 555 976 t
581 910 782 962 turam,
808 902 1241 972 uniuscujusque
1271 912 1480 959 natura:
1509 906 1681 976 legem
1712 906 1944 961 rationis
1970 923 2169 962 secun-

548 970 556 1064 ξ
580 993 709 1046 dum
735 1010 897 1064 quam
925 994 995 1048 sit
1022 970 1076 1049 et
1100 970 1374 1051 exstiterit
1397 970 1743 1053 constantem
1770 1010 1826 1055 et
1852 1000 2169 1055 immutabi-

548 1058 555 1153 ξ
583 1084 687 1139 lem
717 1058 1050 1141 soliditatem
1080 1104 1198 1142 esse
1231 1096 1501 1155 statuunt,
1529 1099 1585 1144 et
1622 1092 1758 1162 legis
1790 1100 2002 1146 natura:
2035 1092 2172 1149 deli-

547 1168 555 1193 ⁶
582 1177 850 1230 nitioncm
885 1178 962 1231 sic
990 1178 1129 1231 bene
1156 1194 1213 1231 se
1240 1179 1467 1245 habere,
1496 1190 1554 1234 ut
1580 1182 1714 1235 mihi
1741 1182 1981 1245 videtur,
2009 1200 2173 1238 nemo

2337 721 2448 774 Kal.
2478 720 2653 784 ἄλλως
2697 720 2777 786 δὲ,
2809 723 2856 774 εἰ
2890 720 3056 786 δοκεῖ,
3107 721 3486 791 θεωρήσωμεν
3531 719 3590 771 τὸ
3624 721 3799 789 προκεέο

2271 827 2435 881 μενον
2478 811 2705 880 ἄπορον.
2755 813 2924 865 Φασὶν
2972 813 3020 865 οἱ
3066 812 3175 864 τῶν
3209 812 3396 879 (all
3447 809 3499 877 b)
3543 811 3694 863 ὄντων
3724 813 3799 879 τὴν

2270 901 2433 970 φύσιν
2480 902 2721 969 ἀκριϐῶς
2763 903 3156 973 διαθρήσαντες
3196 905 3365 972 νόμον
3432 896 3572 955 εἶναι
3634 902 3799 969 φύσεως

2271 995 2513 1065 ἑκάστης
2555 994 2654 1065 τὴν
2696 993 2790 1048 τοῦ
2842 995 2963 1069 καθ’
2996 996 3055 1049 ὃν
3084 996 3203 1048 ἐστι
3234 994 3332 1048 καὶ
3365 993 3655 1063 γεγένηται
3678 994 3798 1061 iam

2273 1085 2494 1156 ἀρρεπῆ
2544 1086 2641 1139 καὶ
2673 1085 3032 1139 ἀναλλοίωτον
3067 1085 3433 1155 μονιμότητα,
3460 1084 3555 1137 καὶ
3584 1084 3738 1148 καλῶς
3756 1085 3801 1138 ἂν

2275 1177 2419 1247 ἔχειν
2454 1178 2601 1231 οὕτω
2614 1178 2704 1231 τὸν
2720 1178 2845 1249 ὅρον
2866 1177 2961 1230 τοῦ
2995 1180 3160 1247 νόμου
3182 1177 3279 1247 τῆς
3309 1175 3554 1244 φύσεως,
3575 1176 3644 1238 ὡς
3670 1173 3799 1245 οἶμαι,

546 1268 552 1305 ε
585 1265 817 1321 rationis
853 1269 1131 1338 particeps
1163 1270 1257 1323 ubi
1292 1271 1528 1325 audierit
1559 1290 1665 1326 non
1700 1276 1988 1329 concedet.
2015 1275 2173 1341 Quod

585 1357 630 1410 si
667 1373 859 1411 verum
893 1369 1008 1420 est.
1046 1369 1273 1429 apparet
1308 1362 1425 1431 lege
1463 1370 1675 1417 naturre
1710 1366 2027 1419 necessario
2067 1378 2174 1423 tam

588 1450 861 1504 rationem
904 1459 1119 1505 naturze
1157 1453 1424 1507 custodiri
1470 1454 1823 1520 inviolatam,
1856 1473 2017 1525 quam
2058 1461 2177 1530 ejus

590 1538 901 1592 secundum
960 1541 1290 1609 positionem
1345 1543 1573 1597 omnino
1629 1544 1813 1598 locum
1871 1550 2179 1615 perservari

591 1629 963 1684 immutatum.
995 1632 1196 1687 Verum
1237 1634 1330 1703 qui
1370 1635 1489 1705 lege
1532 1644 1589 1689 et
1631 1637 1845 1691 ratione
1890 1646 1944 1691 et
1984 1649 2180 1694 natura

591 1722 874 1791 sapienter
915 1740 1011 1793 per
1047 1726 1291 1796 singulas
1333 1730 1545 1797 species
1585 1744 1769 1781 rerum
1811 1731 2179 1787 substantiam

594 1813 841 1877 deﬁniit,
874 1815 920 1867 is
950 1823 1149 1869 natura
1180 1827 1237 1870 et
1266 1818 1384 1887 lege
1412 1828 1467 1873 et
1496 1818 1777 1872 intellectu
1805 1829 1859 1874 et
1889 1822 2100 1876 ratione
2129 1834 2183 1878 ct

597 1903 722 1958 loco
749 1912 805 1957 et
832 1906 1076 1959 motione
1105 1909 1360 1977 superior
1384 1911 1690 1966 secundum
1721 1913 1932 1966 nullum
1961 1924 2184 1967 natura-

594 1994 731 2050 lium
771 1998 883 2067 agit
916 2000 996 2053 eis
1033 2015 1155 2069 qua:
1190 2011 1399 2057 naturm
1439 2004 1686 2074 subjecta
1727 2015 1874 2068 sunt,
1913 2007 2009 2061 sed
2048 2008 2183 2061 sibi-

595 2089 818 2159 metipsi
862 2101 1229 2161 congruenter
1271 2094 1328 2147 in
1379 2096 1449 2149 iis
1488 2112 1610 2165 qua:
1651 2097 1938 2167 subjaecnt
1975 2109 2184 2155 natura:

596 2188 816 2235 sectans
840 2185 1339 2251 supernaturaliter
1363 2202 1427 2241 ea
1451 2203 1572 2257 qua:
1599 2189 1899 2243 secundum
1929 2199 2183 2244 naturam

598 2279 726 2324 sunt
752 2281 810 2329 et
843 2271 973 2326 facit
996 2282 1052 2328 et
1084 2275 1310 2343 patitur,
1344 2277 1629 2347 utrisque,
1659 2286 1771 2331 tam
1815 2279 1920 2332 sibi
1957 2280 2186 2348 patienti

597 2377 763 2430 quam
793 2363 875 2417 eis
900 2380 1023 2433 qua:
1054 2364 1191 2419 {lunt
1219 2366 1450 2421 miriﬁce
1494 2368 1817 2422 custodiens
1858 2370 2187 2424 naturaliter

597 2451 865 2508 illibatam
914 2457 1308 2511 constantiam.
1342 2457 1421 2511 lta
1463 2466 1520 2511 et
1566 2458 1635 2512 ad
1681 2474 1783 2512 nos
1831 2459 1950 2528 ipse
1996 2475 2186 2513 revera

557 2530 560 2533 V
598 2555 783 2600 motus
831 2562 929 2600 sua
976 2547 1121 2617 apud
1173 2564 1277 2602 nos
1324 2549 1644 2618 apparentia
1690 2549 1970 2619 perfectus
2022 2550 2188 2603 homo

599 2628 781 2692 factus
801 2647 919 2703 est,
946 2640 1101 2693 nullo
1129 2650 1310 2693 tamen
1340 2640 1504 2694 modo
1529 2641 1596 2695 de
1625 2645 1923 2712 semetipso
1974 2652 2185 2708 motus,

604 2727 930 2797 nullumque
969 2729 1127 2797 plane
1167 2730 1359 2783 localis
1400 2729 1930 2801 circumscriptionis
1972 2733 2191 2803 pericu-

599 2816 716 2872 lum
756 2829 1037 2887 expertus,
1074 2828 1238 2889 atque
1279 2837 1379 2874 nos
1418 2821 1661 2890 perfecte
1704 2823 2006 2888 deiﬁcavit,
2045 2824 2189 2877 nihil

601 2908 831 2961 omnino
880 2919 1084 2963 nostra:
1135 2917 1347 2964 natura:
1399 2912 1467 2966 de
1526 2913 1907 2968 immutatione
1959 2915 2191 2970 interci-

605 2999 783 3066 piens,
812 3005 1101 3068 totumque
1143 3015 1206 3053 ac
1243 3001 1405 3070 plene
1454 3018 1513 3055 se
1556 3004 1780 3058 tradens
1819 3014 1875 3059 et
1912 3014 2085 3060 totum
2124 3007 2192 3062 de

607 3087 878 3141 ineffabili
936 3087 1308 3158 inviolataque
1366 3090 1574 3144 unione
1633 3091 1854 3160 plenum
1914 3092 2193 3148 hominem

606 3192 836 3232 sumens
880 3177 1020 3232 nihil
1068 3178 1136 3234 de
1190 3180 1364 3234 altera
1414 3181 1756 3251 perfectione
1807 3182 2095 3249 ditninuit,
2138 3193 2194 3240 et

2277 1272 2385 1332 πᾶς
2424 1270 2587 1338 λόγου
2629 1269 2970 1339 μετειληφὼς
3018 1268 3230 1323 ἀκούων
3286 1269 3637 1338 συνθήσεται.
3684 1270 3734 1322 Εἰ
3763 1268 3802 1322 δὲ

2278 1360 2437 1414 τοῦτό
2465 1362 2617 1414 ἐστιν
2649 1361 2869 1431 ἀληθὲς,
2891 1360 3135 1427 δηλονότι
3159 1362 3187 1412 ὁ
3216 1361 3391 1429 νόμος
3423 1360 3522 1429 τῆς
3557 1359 3743 1427 φύσεως
3764 1359 3803 1421 ἐξ

2280 1453 2525 1521 ἀνάγκης
2560 1451 2749 1524 ὥσπερ
2774 1452 2868 1503 τὸν
2901 1451 3057 1519 λόγον
3086 1450 3451 1520 ἀπαράϐατον
3483 1449 3716 1518 φυλάττει
3736 1450 3803 1517 τῆς

2283 1540 2521 1609 φύσεως,
2562 1539 2705 1593 οὕτω
2737 1542 2833 1594 καὶ
2866 1540 2958 1593 τὸν
2996 1539 3165 1607 αὐτῆς
3201 1539 3350 1593 κατὰ
3402 1538 3504 1608 τὴν
3537 1538 3675 1591 θέσιν
3706 1537 3804 1590 eive

2281 1649 2388 1695 τως
2417 1632 2668 1702 διατηρεῖ
2705 1632 2868 1685 τόπον
2910 1630 3279 1701 ἀμετάθετον.
3331 1630 3481 1683 Ἀλλ’
3520 1632 3547 1683 6
3589 1629 3719 1700 νόμῳ
3741 1630 3806 1682 καὶ

2283 1723 2428 1792 λόγῳ
2472 1725 2566 1777 καὶ
2599 1724 2759 1792 φύσει
2805 1723 2986 1791 σοφῶς
3030 1723 3271 1792 διορίσας
3312 1721 3441 1774 καθ’
3465 1722 3680 1775 ἕκαστον
3709 1715 3811 1781 aiio;

2285 1815 2384 1884 τὴν
2410 1815 2518 1868 τῶν
2541 1814 2709 1868 ὄντων
2744 1816 3064 1877 ὑπόστασιν,
3097 1813 3238 1883 ὑπὲρ
3266 1813 3437 1883 φύσιν
3460 1811 3557 1864 καὶ
3582 1813 3723 1880 νόμον
3743 1810 3809 1863 καὶ

2288 1907 2413 1961 νοῦν
2445 1887 2541 1962 καὶ
2560 1908 2719 1975 λόγον
2749 1906 2844 1959 καὶ
2870 1907 3036 1958 τόπον
3065 1907 3157 1957 καὶ
3180 1904 3405 1973 κίνησιν
3431 1904 3696 1972 ὑπάρχων,
3722 1901 3806 1952 κατ’

2285 1997 2438 2050 οὐδὲν
2469 1997 2576 2049 τῶν
2622 1996 2763 2049 κατὰ
2798 1994 2958 2064 φύσιν
3002 1996 3216 2064 ἐνεργεῖ
3247 1997 3365 2056 τοῖς
3397 1992 3503 2045 ὑπὸ
3536 1990 3701 2060 φύσιν,
3726 1990 3809 2043 ἀλλ’

2286 2089 2463 2159 ἑαυτῷ
2514 2088 2807 2158 προσφυῶς
2856 2088 2993 2157 ὑπὲρ
3044 2085 3205 2153 φύσιν
3252 2087 3323 2138 τὰ
3370 2086 3517 2139 κατὰ
3562 2084 3702 2152 φύσιν
3732 2082 3809 2133 τῶν

2288 2180 2393 2235 ὑπὸ
2448 2180 2609 2248 φύσιν
2663 2180 3062 2249 μετερχόμενος
3118 2177 3223 2247 δρᾷ
3262 2193 3325 2229 τε
3370 2177 3469 2230 καὶ
3504 2176 3699 2244 πάσχει,
3733 2174 3813 2242 ἀμ-

2289 2275 2407 2342 φοῖν
2446 2270 2727 2339 φυλάττων
2770 2268 2949 2339 ἑαυτῷ
3000 2286 3058 2321 τε
3106 2269 3377 2337 πάσχοντι
3433 2267 3528 2320 καὶ
3572 2268 3672 2329 τοῖς
3709 2264 3810 2333 δρω-

2292 2362 2475 2432 μένοις
2510 2360 2827 2430 παραδόξως
2862 2359 3003 2413 κατὰ
3050 2359 3212 2429 φύσιν
3244 2358 3554 2429 ἀκραιφνὲς
3577 2356 3633 2409 τδ
3655 2353 3809 2423 ἀρετὰ·

2290 2451 2662 2508 6ολον..οὓτω
2725 2468 2782 2505 τε
2811 2452 2963 2505 κάτω
3017 2451 3152 2522 πρὸς
3211 2451 3368 2521 ἡμᾶς
3426 2451 3585 2513 αὐτὸς
3626 2444 3812 2515 κινηθεὶς

2291 2545 2507 2616 ἀληθῶς
2546 2548 2612 2616 τῇ
2665 2543 2788 2597 καθ’
2842 2546 2989 2614 ἡμᾶς
3043 2543 3308 2611 ὲκφάνσει
3363 2541 3640 2610 ἅνθρωπος
3669 2539 3812 2606 γέγονε

2292 2635 2514 2696 τέλειος,
2562 2633 2641 2703 μὴ
2692 2631 3163 2702 κινηθεὶςὲαυτοῦ
3209 2630 3274 2683 τὸ
3326 2632 3589 2700 παράπαν
3633 2628 3711 2680 καὶ
3743 2626 3812 2691 τῆς

2292 2725 2351 2779 ὲν
2395 2725 2543 2794 τόπῳ
2591 2723 2936 2795 περιγραφῆς
2981 2721 3246 2792 μηδαμῶς
3287 2722 3494 2790 πεῖραν
3539 2717 3717 2779 λαόὼν,
3747 2715 3813 2767 καὶ

2292 2817 2439 2888 ἡμᾶς
2471 2816 2668 2869 ὲθέωσε
2699 2814 2940 2877 τελείως,
2975 2812 3140 2884 μηδὲν
3162 2812 3326 2882 ἡμῶν
3353 2812 3455 2883 τῆς
3494 2810 3688 2880 φύσεως
3719 2824 3816 2860 πιιν⁵

2292 2909 2500 2962 τάπασι
2549 2907 2670 2960 κατ’
2719 2905 3003 2959 ἀλλοίωσιν
3062 2903 3429 2973 ὑφελόμενος,
3477 2904 3592 2955 ὅλον
3641 2917 3690 2952 τε
3728 2897 3814 2957 δοὺς

2293 3001 2597 3064 ἀνελλιπῶς
2636 3001 2828 3053 ἑαυτὸν
2870 2999 2963 3053 καὶ
2995 2998 3113 3051 ὅλον
3160 2996 3306 3050 κατά
3357 2997 3459 3067 τὴν
3488 2995 3729 3065 ἄφραστον
3749 2989 3816 3042 καὶ

2295 3093 2575 3163 ἀλώὸητον
2598 3093 2790 3146 ἕνωσιν
2816 3091 2999 3161 πλήρη
3032 3090 3123 3142 τὸν
3149 3088 3449 3158 ἄνθρωπον
3470 3085 3683 3155 εἰληφὼς
3704 3081 3816 3135 οὐδὲν

2294 3187 2392 3256 τῆς
2423 3187 2541 3239 κατ’
2572 3186 2758 3255 ἕτερον
2784 3184 3019 3254 ἐμείωσε
3047 3183 3428 3249 τελειότητος,
3458 3180 3549 3235 καὶ
3574 3179 3699 3232 ἐστιν
3719 3176 3818 3243 ἁλη-

606 3286 798 3326 revera
842 3279 926 3324 est
964 3280 1112 3326 lotus
1150 3272 1297 3326 Deus
1339 3272 1509 3337 idem,
1538 3281 1594 3327 et
1636 3281 1782 3328 totus
1822 3275 1987 3329 homo
2026 3275 2191 3341 idem,

2298 3278 2407 3341 θῶς
2442 3277 2560 3341 ὅλος
2587 3277 2718 3340 θεὸς
2753 3278 2781 3330 6
2810 3276 3007 3339 αὐτὺςτι
3032 3274 3125 3328 καὶ
3153 3274 3274 3336 ὅλος
3299 3274 3588 3343 ἄνθρωπος
3678 3267 3817 3361 αυτδςο

607 3362 739 3416 dum
788 3362 1082 3432 utriusque
1125 3378 1318 3417 eorum
1364 3364 1418 3417 in
1457 3364 1661 3434 quibus
1703 3381 1892 3420 revera
1935 3375 2021 3421 est
2061 3382 2195 3421 con-

610 3455 979 3508 summatione
1013 3455 1235 3509 sibimet
1265 3456 1591 3510 testificatur
1620 3458 1909 3527 utriusque
1942 3459 2197 3515 immuta-

608 3540 879 3597 bilitatem
919 3551 1082 3612 atque
1126 3545 1510 3598 constantiam.
1541 3543 1631 3598 Sic
1669 3545 1815 3598 Deus
1854 3546 2018 3599 solvit
2051 3546 2199 3614 leges

609 3642 845 3695 naturas,
875 3630 1005 3684 dum
1037 3634 1538 3702 supernaturaliter
1566 3635 1622 3688 in
1648 3634 1995 3689 naturalibus
2025 3635 2198 3689 utitur

612 3732 830 3775 natura.

2295 3371 2362 3440 τῇ
2394 3367 2514 3421 κατ’
2566 3369 2735 3437 ἄμφω
2783 3365 2889 3418 τῶν
2921 3368 2979 3418 ὲν
3017 3358 3099 3427 οἷς
3147 3362 3372 3431 ἀληθῶς
3424 3362 3537 3415 ἐστι
3581 3357 3818 3423 τελειότητι

2301 3458 2594 3530 μαρτυρῶν
2636 3457 2813 3527 ἑαυτῷ
2858 3457 2916 3509 τὸ
2976 3457 3099 3509 κατ’
3148 3454 3321 3524 ἄμφω
3367 3452 3626 3523 ἀτρεπτόν
3669 3466 3717 3501 τε
3753 3446 3819 3500 καὶ

2299 3544 2710 3599 ἀναλλοίωττον.
2750 3544 2907 3597 Οὕτω
2945 3543 3062 3596 λύει
3108 3542 3237 3606 τοὺς
3265 3541 3473 3612 νόμους
3511 3541 3606 3612 τῆς
3640 3538 3818 3609 φύσεως,

2301 3635 2441 3706 ὑπὲρ
2476 3634 2638 3703 φύσιν
2668 3637 2725 3689 ὲν
2749 3636 2864 3699 τοῖς
2910 3633 3052 3689 κατά
3089 3632 3254 3703 φύσιν
3288 3635 3357 3705 τῇ
3392 3632 3551 3697 φύσει
3580 3629 3819 3704 χρώμενος.

2300 3729 2328 3780 6
2351 3727 2502 3793 Θεός.

612 3943 739 4000 Alia
767 3945 1161 4016 contemplatio,
1195 3948 1247 4000 in
1297 3947 1433 4003 illud
1462 3965 1480 4003 :
1514 3967 1532 3999 ‹
1571 3947 1948 4004 Consummari
1996 3961 2192 4022 oportet

2306 3955 2504 4020 ’Ἄλλη
2536 3952 2771 4021 θεωρία,
2808 3956 2896 4018 εὶς
2926 3953 3013 4006 τό·
3052 3970 3070 4005 ι
3095 3952 3501 4024 Πληρωθῆναι
3525 3949 3613 4005 δεῖ
3629 3949 3718 4002 τὸν
3735 3944 3821 3999 ἄγω

1049 4037 1303 4090 mundum
1344 4039 1693 4108 superiorem.
1726 4058 1744 4088 ι

687 4162 743 4218 Si
767 4163 937 4234 igitur
958 4162 1233 4227 Christus,
1250 4169 1311 4215 ut
1329 4162 1518 4224 homo,
1534 4162 1801 4217 delibalio
1818 4172 2023 4219 nostrae
2038 4172 2202 4219 natu-

604 4270 692 4325 ra:
722 4266 776 4309 et
801 4256 957 4325 quasi
989 4255 1321 4309 fermentum
1357 4256 1527 4308 totius
1547 4269 1740 4309 massa:
1764 4254 1909 4324 apud
1937 4256 2105 4310 Deum
2137 4271 2203 4311 ac

618 4345 840 4400 Patrem
868 4355 972 4409 est,
1003 4357 1086 4399 est
1118 4361 1249 4399 vero
1279 4346 1423 4414 apud
1459 4346 1629 4398 Deum
1662 4361 1726 4401 ac
1756 4347 1972 4401 Patrem
2007 4364 2203 4403 secun-

620 4435 752 4490 dum
802 4437 1160 4491 humanitatis
1211 4437 1530 4506 opinionem
1572 4438 1619 4491 is
1658 4438 1751 4507 qui
1803 4455 2083 4508 nunquam
2133 4442 2201 4496 de

621 4540 721 4580 sua
766 4526 821 4579 in
882 4526 1047 4579 Patre
1100 4525 1382 4579 soliditate
1422 4526 1692 4588 excessit,
1745 4532 1807 4579 ut
1862 4526 2087 4589 Sermo.
2131 4543 2202 4582 ne

623 4618 965 4688 ambigamus
1008 4618 1168 4687 quin,
1221 4618 1524 4671 secundum
1582 4618 1758 4687 ipsius
1795 4618 1938 4687 apud
1983 4619 2199 4673 Patrem

624 4712 970 4780 petitionem,
1020 4727 1122 4763 nos
1174 4710 1347 4763 futuri
1392 4710 1565 4764 simus
1600 4710 1693 4763 ubi
1740 4710 1856 4779 ipse
1904 4720 1989 4764 est
2027 4711 2204 4765 nostri

626 4801 847 4872 generis
900 4801 1185 4855 delibatio.
1244 4801 1719 4865 Quemadmodum
1773 4801 1922 4854 enim
1978 4810 2206 4871 propter

627 4909 729 4949 nos
760 4893 1046 4947 descendit
1080 4894 1423 4957 immutatus,
1464 4903 1519 4947 ct
1543 4893 1707 4946 homo
1730 4892 1799 4946 ad
1829 4894 2003 4947 nostri
2036 4893 2209 4947 instar

626 4984 808 5039 factus
854 4995 939 5040 est
984 4996 1182 5054 praeter
1224 4985 1397 5038 ullum
1440 4993 1750 5054 peceatum,
1787 4993 2076 5060 postquam
2112 4984 2210 5038 ad-

632 5077 963 5131 mirabiliter
1006 5077 1169 5131 solvit
1220 5076 1368 5146 lcges
1427 5085 1667 5141 naturae,
1722 5077 1796 5129 ita
1849 5091 1953 5129 nos
1991 5090 2212 5144 quoque

633 5175 1038 5236 consequenter
1087 5182 1186 5236 per
1247 5183 1373 5220 cum
1430 5168 1818 5232 ascendemus,
1873 5168 1970 5222 Dei
2017 5168 2211 5233 futuri,

635 5266 698 5309 u'.
725 5256 838 5322 ille,
869 5256 1057 5325 gratiae
1085 5257 1367 5325 mysterio,
1401 5257 1650 5319 nihilque
1684 5268 1940 5313 naturam
1969 5265 2243 5314 nostram'

638 5346 864 5399 omnino
911 5347 1348 5401 immutabimur.
1403 5350 1585 5419 Atque,
1638 5351 1733 5415 ita,
1772 5352 2217 5406 secundum~sa-

642 5435 884 5502 pientem
909 5436 1253 5505 magistrum,
1281 5439 1537 5508 superior
1566 5457 1757 5496 rursus
1784 5442 2027 5511 repletur
2051 5458 2215 5497 mun-

645 5525 769 5585 dus,
809 5526 1072 5580 membris
1114 5529 1363 5596 corporis
1395 5547 1462 5585 ex
1498 5531 1765 5602 dignitate
1808 5543 1971 5605 atque
2017 5536 2216 5591 merito

645 5612 715 5666 ad
755 5626 919 5682 caput
947 5619 1311 5688 congregatis,
1342 5621 1605 5677 nimirum
1654 5640 1780 5681 cum
1817 5640 1979 5681 suum
2010 5643 2213 5682 unum-

2940 4043 3196 4111 κόσμον.
3224 4061 3243 4094 ο

2376 4169 2440 4221 Εἰ
2462 4169 2639 4221 τοίνυν
2675 4167 2899 4239 ἀπαρχὴ
2926 4170 3023 4238 τῆς
3057 4165 3177 4220 καθ’
3226 4168 3381 4237 ἡμᾶς
3404 4168 3632 4236 φύσεως,
3659 4162 3721 4225 ὠς
3756 4158 3820 4211 ἇν-

2309 4257 2548 4329 θρωπος,
2579 4259 2724 4310 ἐστὶν
2745 4259 2773 4311 6
2808 4258 3041 4328 Χριστὸς
3068 4257 3206 4327 πρὸς
3242 4258 3337 4311 τὸν
3372 4259 3505 4311 Θεδν
3530 4258 3617 4309 καὶ
3643 4250 3819 4317 Πατέρα.

2307 4350 2403 4404 καὶ
2432 4344 2543 4403 οἷον
2577 4350 2721 4420 ζύμη
2747 4336 2842 4402 τοῧ
2870 4350 2991 4402 ὅλου
3017 4352 3365 4419 φυράματος,
3395 4351 3512 4402 ἔστι
3536 4350 3589 4401 δὲ
3626 4345 3737 4414 πρὸς
3761 4339 3821 4391 τδν

2307 4443 2439 4496 Θεὸν
2473 4444 2566 4495 καὶ
2619 4436 2839 4512 Πατέρα⁴
2884 4442 3021 4495 κατὰ
3071 4441 3167 4511 τὴν
3202 4441 3451 4495 ἐπίνοιαν
3484 4445 3578 4511 τῆς
3607 4430 3821 4504 ἀνθρωπό-

2305 4549 2466 4601 τητος
2517 4535 2544 4584 ὁ
2601 4531 2870 4601 μηδέποτε
2915 4531 3013 4597 τῆς
3043 4531 3100 4582 ὲν
3128 4529 3207 4600 τῷ
3236 4532 3419 4601 ﬂat-cpi
3447 4532 3634 4591 ἐκστὰς
3660 4519 3820 4597 μοκιιξιό·

2305 4640 2468 4695 τητος
2491 4663 2504 4686 ι
2542 4623 2616 4686 ὡς
2670 4622 2845 4689 λόγος.
2885 4620 3066 4691 (212
3102 4621 3157 4685 α)
3190 4621 3266 4691 μὴ
3312 4623 3686 4689 ἀπιστήσωμεν
3737 4611 3819 4662 ἔσεο

2314 4713 2458 4778 σθαι,
2501 4715 2643 4767 κατὰ
2693 4714 2792 4782 τὴν
2844 4710 3008 4764 αὐτοῦ
3059 4712 3193 4780 πρὸς
3244 4712 3341 4764 τὸν
3395 4711 3609 4783 Πατέρα
3648 4706 3819 4773 αἴτησιν,

2314 4803 2442 4857 ἔνθα
2476 4803 2636 4865 αὑτός
2674 4803 2885 4872 ἐστινὴ
2933 4802 3160 4871 ἀπαρχὴ
3218 4801 3316 4853 τοῦ
3371 4802 3630 4872 ἡμετέρου
3670 4796 3821 4863 γένους·

2328 4897 2416 4958 Ὠς
2455 4895 2564 4966 γὰρ
2609 4897 2798 4962 γέγονε
2857 4896 3007 4947 κάτω
3052 4892 3119 4945 δι’
3175 4894 3326 4963 ἡμᾶς
3380 4891 3723 4946 ἀναλλοιώτως
3762 4880 3824 4934 xui

2319 4986 2608 5057 ἄνθρωπος
2643 4986 2764 5038 καθ’
2802 4987 2950 5055 ἡμᾶς
2988 4986 3154 5054 χωρὶς
3187 4988 3360 5054 μόνης
3398 4982 3677 5054 ἁμαρτίας,
3705 4974 3823 5029 λύσις

2315 5077 2613 5150 ὑπερφυῶς
2643 5077 2770 5139 τοὺς
2802 5077 2999 5143 νόμους
3033 5079 3130 5143 τῆς
3163 5076 3405 5143 φύσεως,
3442 5076 3579 5127 οὕτω
3605 5072 3686 5124 καὶ
3710 5063 3824 5150 imit;

2316 5148 2459 5222 κατά
2490 5167 2549 5220 τὸ
2584 5166 2873 5220 ἀκόλουθον
2903 5166 3012 5218 ἀνω
3051 5164 3118 5217 δι’
3164 5165 3328 5217 αὐτὸν
3385 5159 3721 5233 γενησόμεθα,
3761 5148 3827 5215 διαὶ

2318 5261 2431 5315 θεοὶ
2460 5261 2579 5313 κατ’
2609 5258 2773 5312 αὑτὸν
2802 5257 2880 5328 τῷ
2915 5258 3014 5323 τῆς
3038 5257 3261 5326 χάριτος
3293 5255 3595 5328 μυστηρέῳ,
3633 5247 3766 5320 μηδὲν
3786 5237 3828 5292 τδ

2319 5350 2583 5421 παράπαν
2632 5348 2969 5409 ἀλλοιοῦντες
3009 5347 3107 5415 τῆς
3150 5345 3390 5414 φύσεως.
3433 5347 3540 5398 Καὶ
3573 5341 3697 5394 οὓτω
3729 5332 3828 5398 πλη-

2327 5441 2515 5513 ροῦται
2549 5440 2712 5493 πάλιν
2770 5437 2911 5491 κατὰ
2956 5436 3045 5490 τὸν
3107 5438 3272 5505 σοφὸν
3323 5435 3632 5491 διδάσκαλον
3680 5429 3703 5480 ὁ
3748 5422 3830 5476 ἀνα)

2324 5532 2548 5603 κόσμος,
2582 5531 2716 5602 πρὸς
2741 5529 2838 5600 τὴν
2878 5527 3117 5597 κεφαλὴν
3150 5528 3260 5581 τῶν
3292 5528 3469 5601 μελῶν
3514 5524 3600 5579 τοῦ
3637 5519 3829 5587 σώματος

2327 5625 2448 5681 κατ’
2477 5623 2631 5691 ἀξίαν
2675 5620 3077 5693 συναγομένων,
3127 5604 3363 5675 ἑκάστου
3408 5615 3638 5691 δηλονότι
3682 5604 3827 5678 pii-09¢
