  <div class='ocr_page' id='page_1' title='image "/cluster/home/n/w/nwhite01/storage/ocr_20150623/91/mdp.39015022223195/640.png"; bbox 0 0 4038 6146; ppageno 0'>
   <div class='ocr_carea' id='block_1_1' title="bbox 339 329 3570 418">
    <p class='ocr_par' dir='ltr' id='par_1_1' title="bbox 339 329 3570 418">
     <span class='ocr_line' id='line_1_1' title="bbox 339 329 3570 418; baseline -0.008 -16"><span class='ocrx_word' id='word_1_1' title='bbox 339 337 470 406; x_wconf 73' lang='lat'><strong>1231</strong></span> <span class='ocrx_word' id='word_1_2' title='bbox 601 392 613 410; x_wconf 81' lang='grc'><strong>,</strong></span> <span class='ocrx_word' id='word_1_3' title='bbox 1566 329 2084 392; x_wconf 81' lang='lat' dir='ltr'><strong>AMBIGUORUM</strong></span> <span class='ocrx_word' id='word_1_4' title='bbox 2121 331 2372 393; x_wconf 82' lang='lat' dir='ltr'><strong>LIBER.</strong></span> <span class='ocrx_word' id='word_1_5' title='bbox 2559 411 2570 418; x_wconf 21' lang='lat'>~</span> <span class='ocrx_word' id='word_1_6' title='bbox 3433 333 3570 399; x_wconf 56' lang='grc' dir='ltr'><strong>ηερ</strong></span> 
     </span>
    </p>
   </div>
   <div class='ocr_carea' id='block_1_2' title="bbox 334 436 1929 518">
    <p class='ocr_par' dir='ltr' id='par_1_2' title="bbox 334 436 1902 518">
     <span class='ocr_line' id='line_1_2' title="bbox 334 436 1902 518; baseline -0.008 -16"><span class='ocrx_word' id='word_1_7' title='bbox 334 451 402 518; x_wconf 78' lang='grc' dir='ltr'>τῇ</span> <span class='ocrx_word' id='word_1_8' title='bbox 437 443 560 500; x_wconf 82' lang='grc' dir='ltr'>κατ’</span> <span class='ocrx_word' id='word_1_9' title='bbox 587 439 786 514; x_wconf 80' lang='grc' dir='ltr'>ἀρετὴν</span> <span class='ocrx_word' id='word_1_10' title='bbox 816 438 1076 510; x_wconf 78' lang='grc' dir='ltr'>ὲγγύτητι</span> <span class='ocrx_word' id='word_1_11' title='bbox 1120 437 1221 512; x_wconf 79' lang='grc' dir='ltr'><strong>τὴν</strong></span> <span class='ocrx_word' id='word_1_12' title='bbox 1265 436 1580 513; x_wconf 77' lang='grc' dir='ltr'>πρέπουσαν</span> <span class='ocrx_word' id='word_1_13' title='bbox 1623 437 1772 508; x_wconf 82' lang='grc' dir='ltr'>αὑτῷ</span> <span class='ocrx_word' id='word_1_14' title='bbox 1814 438 1902 491; x_wconf 83' lang='grc' dir='ltr'><strong>θέ-</strong></span> 
     </span>
    </p>
   </div>
   <div class='ocr_carea' id='block_1_3' title="bbox 1973 436 3568 518">
    <p class='ocr_par' dir='ltr' id='par_1_3' title="bbox 2001 437 3568 509">
     <span class='ocr_line' id='line_1_3' title="bbox 2001 437 3568 509; baseline 0.003 -17"><span class='ocrx_word' id='word_1_15' title='bbox 2001 439 2258 508; x_wconf 83' lang='lat' dir='ltr'><strong>quodque</strong></span> <span class='ocrx_word' id='word_1_16' title='bbox 2299 438 2606 494; x_wconf 86' lang='lat' dir='ltr'><strong>membrum</strong></span> <span class='ocrx_word' id='word_1_17' title='bbox 2637 453 2738 508; x_wconf 89' lang='lat' dir='ltr'><strong>pro</strong></span> <span class='ocrx_word' id='word_1_18' title='bbox 2765 437 2988 494; x_wconf 85' lang='lat' dir='ltr'><strong>virtutis</strong></span> <span class='ocrx_word' id='word_1_19' title='bbox 3019 453 3132 494; x_wconf 65' lang='lat' dir='ltr'><strong>sua</strong></span> <span class='ocrx_word' id='word_1_20' title='bbox 3159 441 3568 509; x_wconf 75' lang='lat' dir='ltr'><strong>prOpinquitatc</strong></span> 
     </span>
    </p>
   </div>
   <div class='ocr_carea' id='block_1_4' title="bbox 337 525 1932 602">
    <p class='ocr_par' dir='ltr' id='par_1_4' title="bbox 337 525 1898 602">
     <span class='ocr_line' id='line_1_4' title="bbox 337 525 1898 602; baseline -0.008 -10"><span class='ocrx_word' id='word_1_21' title='bbox 337 554 422 592; x_wconf 87' lang='grc' dir='ltr'><strong>σιν</strong></span> <span class='ocrx_word' id='word_1_22' title='bbox 458 535 546 590; x_wconf 70' lang='grc' dir='ltr'>διὰ</span> <span class='ocrx_word' id='word_1_23' title='bbox 568 534 667 602; x_wconf 83' lang='grc' dir='ltr'><strong>τῆς</strong></span> <span class='ocrx_word' id='word_1_24' title='bbox 713 528 1128 602; x_wconf 80' lang='grc' dir='ltr'>ἀρχιτεκτονίας</span> <span class='ocrx_word' id='word_1_25' title='bbox 1167 526 1261 581; x_wconf 79' lang='grc' dir='ltr'>τοῦ</span> <span class='ocrx_word' id='word_1_26' title='bbox 1321 525 1626 596; x_wconf 82' lang='grc' dir='ltr'>πνεύματος</span> <span class='ocrx_word' id='word_1_27' title='bbox 1665 531 1898 598; x_wconf 77' lang='grc' dir='ltr'>ἐναρμο-</span> 
     </span>
    </p>
   </div>
   <div class='ocr_carea' id='block_1_5' title="bbox 1964 525 3559 602">
    <p class='ocr_par' dir='ltr' id='par_1_5' title="bbox 2003 528 3559 598">
     <span class='ocr_line' id='line_1_5' title="bbox 2003 528 3559 598; baseline 0.003 -18"><span class='ocrx_word' id='word_1_28' title='bbox 2003 529 2422 583; x_wconf 91' lang='lat' dir='ltr'><strong>convenientem</strong></span> <span class='ocrx_word' id='word_1_29' title='bbox 2473 529 2578 582; x_wconf 84' lang='lat' dir='ltr'><strong>sibi</strong></span> <span class='ocrx_word' id='word_1_30' title='bbox 2615 528 2796 582; x_wconf 91' lang='lat' dir='ltr'><strong>locum</strong></span> <span class='ocrx_word' id='word_1_31' title='bbox 2845 543 2944 596; x_wconf 87' lang='lat' dir='ltr'><strong>per</strong></span> <span class='ocrx_word' id='word_1_32' title='bbox 2975 528 3203 598; x_wconf 76' lang='lat' dir='ltr'><strong>spiritus</strong></span> <span class='ocrx_word' id='word_1_33' title='bbox 3232 531 3559 584; x_wconf 83' lang='lat' dir='ltr'><strong>architecto-</strong></span> 
     </span>
    </p>
   </div>
   <div class='ocr_carea' id='block_1_6' title="bbox 335 615 1930 694">
    <p class='ocr_par' dir='ltr' id='par_1_6' title="bbox 335 615 1900 694">
     <span class='ocr_line' id='line_1_6' title="bbox 335 615 1900 694; baseline -0.006 -15"><span class='ocrx_word' id='word_1_34' title='bbox 335 627 459 687; x_wconf 87' lang='grc' dir='ltr'>νίως</span> <span class='ocrx_word' id='word_1_35' title='bbox 489 622 858 694; x_wconf 78' lang='grc' dir='ltr'>λαμϐάνοντος</span> <span class='ocrx_word' id='word_1_36' title='bbox 891 619 985 672; x_wconf 75' lang='grc' dir='ltr'>καὶ</span> <span class='ocrx_word' id='word_1_37' title='bbox 1017 615 1460 688; x_wconf 79' lang='grc' dir='ltr'><strong>συμπληροῦντος</strong></span> <span class='ocrx_word' id='word_1_38' title='bbox 1495 615 1589 669; x_wconf 77' lang='grc' dir='ltr'>τοῦ</span> <span class='ocrx_word' id='word_1_39' title='bbox 1622 617 1690 669; x_wconf 79' lang='grc' dir='ltr'>τὰ</span> <span class='ocrx_word' id='word_1_40' title='bbox 1721 619 1900 669; x_wconf 75' lang='grc' dir='ltr'>πάντα</span> 
     </span>
    </p>
   </div>
   <div class='ocr_carea' id='block_1_7' title="bbox 1974 615 3569 694">
    <p class='ocr_par' dir='ltr' id='par_1_7' title="bbox 2001 618 3569 690">
     <span class='ocr_line' id='line_1_7' title="bbox 2001 618 3569 690; baseline 0.002 -19"><span class='ocrx_word' id='word_1_41' title='bbox 2001 618 2149 672; x_wconf 90' lang='lat' dir='ltr'><strong>niam</strong></span> <span class='ocrx_word' id='word_1_42' title='bbox 2196 627 2567 688; x_wconf 84' lang='lat' dir='ltr'><strong>congruenter</strong></span> <span class='ocrx_word' id='word_1_43' title='bbox 2626 618 2898 681; x_wconf 89' lang='lat' dir='ltr'><strong>obtineat,</strong></span> <span class='ocrx_word' id='word_1_44' title='bbox 2952 627 3118 686; x_wconf 85' lang='lat' dir='ltr'><strong>atque</strong></span> <span class='ocrx_word' id='word_1_45' title='bbox 3165 619 3288 687; x_wconf 87' lang='lat' dir='ltr'><strong>ejus</strong></span> <span class='ocrx_word' id='word_1_46' title='bbox 3340 621 3433 688; x_wconf 86' lang='lat' dir='ltr'><strong>qui</strong></span> <span class='ocrx_word' id='word_1_47' title='bbox 3470 637 3569 690; x_wconf 83' lang='lat' dir='ltr'><strong>per</strong></span> 
     </span>
    </p>
   </div>
   <div class='ocr_carea' id='block_1_8' title="bbox 337 703 1932 780">
    <p class='ocr_par' dir='ltr' id='par_1_8' title="bbox 337 703 1900 780">
     <span class='ocr_line' id='line_1_8' title="bbox 337 703 1900 780; baseline -0.007 -11"><span class='ocrx_word' id='word_1_48' title='bbox 337 717 392 768; x_wconf 80' lang='grc' dir='ltr'>ὲν</span> <span class='ocrx_word' id='word_1_49' title='bbox 422 716 554 768; x_wconf 81' lang='grc' dir='ltr'>πᾶσι</span> <span class='ocrx_word' id='word_1_50' title='bbox 587 709 959 780; x_wconf 78' lang='grc' dir='ltr'>πληρουμένου</span> <span class='ocrx_word' id='word_1_51' title='bbox 983 707 1042 760; x_wconf 73' lang='grc' dir='ltr'>τὸ</span> <span class='ocrx_word' id='word_1_52' title='bbox 1069 706 1224 776; x_wconf 86' lang='grc' dir='ltr'>σῶμα</span> <span class='ocrx_word' id='word_1_53' title='bbox 1247 707 1310 760; x_wconf 74' lang='grc' dir='ltr'>τὸ</span> <span class='ocrx_word' id='word_1_54' title='bbox 1340 705 1516 759; x_wconf 77' lang='grc' dir='ltr'>πάντα</span> <span class='ocrx_word' id='word_1_55' title='bbox 1543 703 1780 775; x_wconf 78' lang='grc' dir='ltr'><strong>πληροῦν</strong></span> <span class='ocrx_word' id='word_1_56' title='bbox 1807 706 1900 758; x_wconf 76' lang='grc' dir='ltr'><strong>καὶ</strong></span> 
     </span>
    </p>
   </div>
   <div class='ocr_carea' id='block_1_9' title="bbox 1970 703 3565 780">
    <p class='ocr_par' dir='ltr' id='par_1_9' title="bbox 2003 709 3565 777">
     <span class='ocr_line' id='line_1_9' title="bbox 2003 709 3565 777; baseline 0.003 -16"><span class='ocrx_word' id='word_1_57' title='bbox 2003 709 2259 764; x_wconf 87' lang='lat' dir='ltr'><strong>universa</strong></span> <span class='ocrx_word' id='word_1_58' title='bbox 2296 709 2353 763; x_wconf 90' lang='lat' dir='ltr'><strong>in</strong></span> <span class='ocrx_word' id='word_1_59' title='bbox 2395 711 2672 764; x_wconf 89' lang='lat' dir='ltr'><strong>universis</strong></span> <span class='ocrx_word' id='word_1_60' title='bbox 2720 709 3024 777; x_wconf 84' lang='lat' dir='ltr'><strong>completus</strong></span> <span class='ocrx_word' id='word_1_61' title='bbox 3055 718 3110 762; x_wconf 92' lang='lat' dir='ltr'><strong>ct</strong></span> <span class='ocrx_word' id='word_1_62' title='bbox 3155 721 3565 766; x_wconf 71' lang='lat' dir='ltr'><strong>consummatus</strong></span> 
     </span>
    </p>
   </div>
   <div class='ocr_carea' id='block_1_10' title="bbox 333 795 1928 870">
    <p class='ocr_par' dir='ltr' id='par_1_10' title="bbox 333 795 1902 870">
     <span class='ocr_line' id='line_1_10' title="bbox 333 795 1902 870; baseline -0.004 -12"><span class='ocrx_word' id='word_1_63' title='bbox 333 805 400 858; x_wconf 79' lang='grc' dir='ltr'>ὲκ</span> <span class='ocrx_word' id='word_1_64' title='bbox 428 804 644 857; x_wconf 84' lang='grc' dir='ltr'>πάντων</span> <span class='ocrx_word' id='word_1_65' title='bbox 673 799 1068 870; x_wconf 83' lang='grc' dir='ltr'>πληρούμενον.</span> <span class='ocrx_word' id='word_1_66' title='bbox 1096 796 1219 850; x_wconf 76' lang='grc' dir='ltr'>Εἴτε</span> <span class='ocrx_word' id='word_1_67' title='bbox 1244 795 1360 860; x_wconf 77' lang='grc' dir='ltr'>οὖν,</span> <span class='ocrx_word' id='word_1_68' title='bbox 1383 795 1458 858; x_wconf 84' lang='grc' dir='ltr'>ὡς</span> <span class='ocrx_word' id='word_1_69' title='bbox 1490 795 1728 866; x_wconf 79' lang='grc' dir='ltr'>εἴρηται,</span> <span class='ocrx_word' id='word_1_70' title='bbox 1759 797 1902 851; x_wconf 74' lang='grc' dir='ltr'>κατὰ</span> 
     </span>
    </p>
   </div>
   <div class='ocr_carea' id='block_1_11' title="bbox 1974 795 3569 870">
    <p class='ocr_par' dir='ltr' id='par_1_11' title="bbox 2001 798 3569 869">
     <span class='ocr_line' id='line_1_11' title="bbox 2001 798 3569 869; baseline 0.002 -17"><span class='ocrx_word' id='word_1_71' title='bbox 2001 807 2086 852; x_wconf 88' lang='lat' dir='ltr'><strong>est</strong></span> <span class='ocrx_word' id='word_1_72' title='bbox 2128 815 2348 868; x_wconf 83' lang='lat' dir='ltr'><strong>corpus,</strong></span> <span class='ocrx_word' id='word_1_73' title='bbox 2395 799 2544 869; x_wconf 89' lang='lat' dir='ltr'><strong>quod</strong></span> <span class='ocrx_word' id='word_1_74' title='bbox 2591 799 2847 853; x_wconf 85' lang='lat' dir='ltr'><strong>universa</strong></span> <span class='ocrx_word' id='word_1_75' title='bbox 2886 798 3068 867; x_wconf 84' lang='lat' dir='ltr'><strong>explet</strong></span> <span class='ocrx_word' id='word_1_76' title='bbox 3111 807 3166 852; x_wconf 91' lang='lat' dir='ltr'><strong>et</strong></span> <span class='ocrx_word' id='word_1_77' title='bbox 3199 815 3268 852; x_wconf 82' lang='lat' dir='ltr'><strong>ex</strong></span> <span class='ocrx_word' id='word_1_78' title='bbox 3295 799 3569 855; x_wconf 84' lang='lat' dir='ltr'><strong>universis</strong></span> 
     </span>
    </p>
   </div>
   <div class='ocr_carea' id='block_1_12' title="bbox 331 887 1926 965">
    <p class='ocr_par' dir='ltr' id='par_1_12' title="bbox 331 887 1901 965">
     <span class='ocr_line' id='line_1_12' title="bbox 331 887 1901 965; baseline -0.005 -17"><span class='ocrx_word' id='word_1_79' title='bbox 331 893 430 965; x_wconf 80' lang='grc' dir='ltr'>τὴν</span> <span class='ocrx_word' id='word_1_80' title='bbox 473 891 846 961; x_wconf 80' lang='grc' dir='ltr'>πνευματικὴν</span> <span class='ocrx_word' id='word_1_81' title='bbox 905 888 1262 956; x_wconf 76' lang='grc' dir='ltr'>ἀναγέγνησιν</span> <span class='ocrx_word' id='word_1_82' title='bbox 1321 887 1429 940; x_wconf 86' lang='grc' dir='ltr'><strong>τῶν</strong></span> <span class='ocrx_word' id='word_1_83' title='bbox 1483 887 1624 940; x_wconf 78' lang='grc' dir='ltr'>κατὰ</span> <span class='ocrx_word' id='word_1_84' title='bbox 1667 887 1901 956; x_wconf 71' lang='grc' dir='ltr'>Χριστὸν</span> 
     </span>
    </p>
   </div>
   <div class='ocr_carea' id='block_1_13' title="bbox 1974 887 3569 965">
    <p class='ocr_par' dir='ltr' id='par_1_13' title="bbox 2001 887 3569 958">
     <span class='ocr_line' id='line_1_13' title="bbox 2001 887 3569 958; baseline 0.003 -18"><span class='ocrx_word' id='word_1_85' title='bbox 2001 888 2252 957; x_wconf 87' lang='lat' dir='ltr'><strong>expletur</strong></span> <span class='ocrx_word' id='word_1_86' title='bbox 2278 891 2570 958; x_wconf 83' lang='lat' dir='ltr'><strong>compleat.</strong></span> <span class='ocrx_word' id='word_1_87' title='bbox 2615 889 2802 958; x_wconf 84' lang='lat' dir='ltr'><strong>Itaque</strong></span> <span class='ocrx_word' id='word_1_88' title='bbox 2831 889 2966 948; x_wconf 88' lang='lat' dir='ltr'><strong>sive,</strong></span> <span class='ocrx_word' id='word_1_89' title='bbox 3015 895 3076 940; x_wconf 91' lang='lat' dir='ltr'><strong>ut</strong></span> <span class='ocrx_word' id='word_1_90' title='bbox 3111 887 3318 942; x_wconf 82' lang='lat' dir='ltr'><strong>dictum</strong></span> <span class='ocrx_word' id='word_1_91' title='bbox 3349 899 3452 952; x_wconf 88' lang='lat' dir='ltr'><strong>est,</strong></span> <span class='ocrx_word' id='word_1_92' title='bbox 3483 905 3569 945; x_wconf 86' lang='lat' dir='ltr'><strong>sc-</strong></span> 
     </span>
    </p>
   </div>
   <div class='ocr_carea' id='block_1_14' title="bbox 333 977 1928 1054">
    <p class='ocr_par' dir='ltr' id='par_1_14' title="bbox 333 977 1900 1054">
     <span class='ocr_line' id='line_1_14' title="bbox 333 977 1900 1054; baseline -0.004 -15"><span class='ocrx_word' id='word_1_93' title='bbox 333 985 704 1054; x_wconf 83' lang='grc' dir='ltr'>γεννωμένων,</span> <span class='ocrx_word' id='word_1_94' title='bbox 745 981 856 1034; x_wconf 78' lang='grc' dir='ltr'>εἴτε</span> <span class='ocrx_word' id='word_1_95' title='bbox 891 980 1032 1033; x_wconf 84' lang='grc' dir='ltr'>κατὰ</span> <span class='ocrx_word' id='word_1_96' title='bbox 1061 977 1158 1048; x_wconf 82' lang='grc' dir='ltr'><strong>τὴν</strong></span> <span class='ocrx_word' id='word_1_97' title='bbox 1187 979 1244 1030; x_wconf 85' lang='grc' dir='ltr'>ὲν</span> <span class='ocrx_word' id='word_1_98' title='bbox 1271 978 1490 1049; x_wconf 81' lang='grc' dir='ltr'>Χριστῷ</span> <span class='ocrx_word' id='word_1_99' title='bbox 1517 979 1609 1031; x_wconf 78' lang='grc' dir='ltr'>καὶ</span> <span class='ocrx_word' id='word_1_100' title='bbox 1643 979 1734 1032; x_wconf 79' lang='grc' dir='ltr'>διὰ</span> <span class='ocrx_word' id='word_1_101' title='bbox 1765 981 1900 1048; x_wconf 87' lang='grc' dir='ltr'>Χρι-</span> 
     </span>
    </p>
   </div>
   <div class='ocr_carea' id='block_1_15' title="bbox 1975 977 3570 1054">
    <p class='ocr_par' dir='ltr' id='par_1_15' title="bbox 2001 977 3570 1049">
     <span class='ocr_line' id='line_1_15' title="bbox 2001 977 3570 1049; baseline 0.003 -19"><span class='ocrx_word' id='word_1_102' title='bbox 2001 977 2243 1031; x_wconf 88' lang='lat' dir='ltr'><strong>cundum</strong></span> <span class='ocrx_word' id='word_1_103' title='bbox 2279 977 2622 1048; x_wconf 87' lang='lat' dir='ltr'><strong>spiritualem</strong></span> <span class='ocrx_word' id='word_1_104' title='bbox 2661 994 2852 1032; x_wconf 88' lang='lat' dir='ltr'><strong>eorum</strong></span> <span class='ocrx_word' id='word_1_105' title='bbox 2881 977 2975 1048; x_wconf 89' lang='lat' dir='ltr'><strong>qui</strong></span> <span class='ocrx_word' id='word_1_106' title='bbox 3017 994 3116 1046; x_wconf 86' lang='lat' dir='ltr'><strong>per</strong></span> <span class='ocrx_word' id='word_1_107' title='bbox 3158 977 3438 1034; x_wconf 84' lang='lat' dir='ltr'><strong>Christum</strong></span> <span class='ocrx_word' id='word_1_108' title='bbox 3473 995 3570 1049; x_wconf 82' lang='lat' dir='ltr'><strong>ge-</strong></span> 
     </span>
    </p>
   </div>
   <div class='ocr_carea' id='block_1_16' title="bbox 335 1068 1930 1143">
    <p class='ocr_par' dir='ltr' id='par_1_16' title="bbox 335 1069 1902 1143">
     <span class='ocr_line' id='line_1_16' title="bbox 335 1069 1902 1143; baseline -0.006 -12"><span class='ocrx_word' id='word_1_109' title='bbox 335 1076 459 1130; x_wconf 78' lang='grc' dir='ltr'>στοῦ</span> <span class='ocrx_word' id='word_1_110' title='bbox 485 1072 856 1143; x_wconf 80' lang='grc' dir='ltr'><strong>γεγενημένην</strong></span> <span class='ocrx_word' id='word_1_111' title='bbox 881 1069 989 1124; x_wconf 86' lang='grc' dir='ltr'><strong>τῶν</strong></span> <span class='ocrx_word' id='word_1_112' title='bbox 1019 1073 1132 1132; x_wconf 80' lang='grc' dir='ltr'>τοῖς</span> <span class='ocrx_word' id='word_1_113' title='bbox 1179 1071 1426 1139; x_wconf 81' lang='grc' dir='ltr'>οὐρανοῖς</span> <span class='ocrx_word' id='word_1_114' title='bbox 1460 1070 1734 1139; x_wconf 81' lang='grc' dir='ltr'><strong>μυστικῶν</strong></span> <span class='ocrx_word' id='word_1_115' title='bbox 1779 1071 1902 1140; x_wconf 81' lang='grc' dir='ltr'>ἀρι-</span> 
     </span>
    </p>
   </div>
   <div class='ocr_carea' id='block_1_17' title="bbox 1974 1068 3569 1143">
    <p class='ocr_par' dir='ltr' id='par_1_17' title="bbox 2001 1068 3569 1141">
     <span class='ocr_line' id='line_1_17' title="bbox 2001 1068 3569 1141; baseline 0.003 -21"><span class='ocrx_word' id='word_1_116' title='bbox 2001 1077 2266 1122; x_wconf 88' lang='lat' dir='ltr'><strong>ncrantur</strong></span> <span class='ocrx_word' id='word_1_117' title='bbox 2289 1070 2782 1138; x_wconf 76' lang='lat' dir='ltr'><strong>regenerationem,</strong></span> <span class='ocrx_word' id='word_1_118' title='bbox 2807 1071 2923 1123; x_wconf 84' lang='lat' dir='ltr'><strong>sive</strong></span> <span class='ocrx_word' id='word_1_119' title='bbox 2953 1068 3254 1122; x_wconf 89' lang='lat' dir='ltr'><strong>secundum</strong></span> <span class='ocrx_word' id='word_1_120' title='bbox 3285 1071 3569 1141; x_wconf 83' lang='lat' dir='ltr'><strong>mysticam</strong></span> 
     </span>
    </p>
   </div>
   <div class='ocr_carea' id='block_1_18' title="bbox 335 1157 1930 1237">
    <p class='ocr_par' dir='ltr' id='par_1_18' title="bbox 335 1159 1902 1237">
     <span class='ocr_line' id='line_1_18' title="bbox 335 1159 1902 1237; baseline -0.004 -16"><span class='ocrx_word' id='word_1_121' title='bbox 335 1169 486 1237; x_wconf 86' lang='grc' dir='ltr'>θμῶν</span> <span class='ocrx_word' id='word_1_122' title='bbox 517 1165 919 1234; x_wconf 80' lang='grc' dir='ltr'><strong>ἀναπλήρωσιν,</strong></span> <span class='ocrx_word' id='word_1_123' title='bbox 955 1162 1054 1229; x_wconf 78' lang='grc' dir='ltr'>τῆς</span> <span class='ocrx_word' id='word_1_124' title='bbox 1089 1177 1148 1212; x_wconf 91' lang='grc' dir='ltr'><strong>τε</strong></span> <span class='ocrx_word' id='word_1_125' title='bbox 1187 1159 1336 1224; x_wconf 88' lang='grc' dir='ltr'>θείας</span> <span class='ocrx_word' id='word_1_126' title='bbox 1369 1161 1510 1230; x_wconf 73' lang='grc' dir='ltr'>φημὶ</span> <span class='ocrx_word' id='word_1_127' title='bbox 1534 1161 1643 1214; x_wconf 87' lang='grc' dir='ltr'><strong>τῶν</strong></span> <span class='ocrx_word' id='word_1_128' title='bbox 1671 1161 1902 1228; x_wconf 81' lang='grc' dir='ltr'><strong>λογικῶν</strong></span> 
     </span>
    </p>
   </div>
   <div class='ocr_carea' id='block_1_19' title="bbox 1976 1157 3571 1237">
    <p class='ocr_par' dir='ltr' id='par_1_19' title="bbox 2002 1157 3571 1228">
     <span class='ocr_line' id='line_1_19' title="bbox 2002 1157 3571 1228; baseline 0.003 -19"><span class='ocrx_word' id='word_1_129' title='bbox 2002 1171 2124 1224; x_wconf 59' lang='lat' dir='ltr'><strong>qua;</strong></span> <span class='ocrx_word' id='word_1_130' title='bbox 2165 1157 2218 1211; x_wconf 93' lang='lat' dir='ltr'><strong>in</strong></span> <span class='ocrx_word' id='word_1_131' title='bbox 2262 1157 2486 1214; x_wconf 87' lang='lat' dir='ltr'><strong>Christo</strong></span> <span class='ocrx_word' id='word_1_132' title='bbox 2525 1168 2582 1214; x_wconf 90' lang='lat' dir='ltr'><strong>et</strong></span> <span class='ocrx_word' id='word_1_133' title='bbox 2620 1175 2720 1228; x_wconf 89' lang='lat' dir='ltr'><strong>per</strong></span> <span class='ocrx_word' id='word_1_134' title='bbox 2741 1158 3023 1214; x_wconf 84' lang='lat' dir='ltr'><strong>Christum</strong></span> <span class='ocrx_word' id='word_1_135' title='bbox 3056 1158 3196 1215; x_wconf 82' lang='lat' dir='ltr'><strong>facta</strong></span> <span class='ocrx_word' id='word_1_136' title='bbox 3227 1167 3310 1214; x_wconf 88' lang='lat' dir='ltr'><strong>est</strong></span> <span class='ocrx_word' id='word_1_137' title='bbox 3347 1161 3402 1213; x_wconf 89' lang='lat' dir='ltr'><strong>in</strong></span> <span class='ocrx_word' id='word_1_138' title='bbox 3431 1162 3571 1215; x_wconf 74' lang='lat' dir='ltr'><strong>cmio</strong></span> 
     </span>
    </p>
   </div>
   <div class='ocr_carea' id='block_1_20' title="bbox 337 1249 1932 1326">
    <p class='ocr_par' dir='ltr' id='par_1_20' title="bbox 337 1251 1906 1326">
     <span class='ocr_line' id='line_1_20' title="bbox 337 1251 1906 1326; baseline -0.004 -16"><span class='ocrx_word' id='word_1_139' title='bbox 337 1258 622 1326; x_wconf 76' lang='grc' dir='ltr'>προϐάτων</span> <span class='ocrx_word' id='word_1_140' title='bbox 677 1252 1050 1318; x_wconf 62' lang='grc' dir='ltr'>ἐκατοντάδοςς</span> <span class='ocrx_word' id='word_1_141' title='bbox 1103 1251 1196 1304; x_wconf 70' lang='grc' dir='ltr'><strong>καὶ</strong></span> <span class='ocrx_word' id='word_1_142' title='bbox 1244 1252 1344 1320; x_wconf 80' lang='grc' dir='ltr'><strong>τῆς</strong></span> <span class='ocrx_word' id='word_1_143' title='bbox 1383 1253 1492 1304; x_wconf 86' lang='grc' dir='ltr'><strong>τῶν</strong></span> <span class='ocrx_word' id='word_1_144' title='bbox 1532 1253 1733 1322; x_wconf 87' lang='grc' dir='ltr'>νοερῶν</span> <span class='ocrx_word' id='word_1_145' title='bbox 1775 1253 1906 1320; x_wconf 86' lang='grc' dir='ltr'>δρα-</span> 
     </span>
    </p>
   </div>
   <div class='ocr_carea' id='block_1_21' title="bbox 1974 1249 3569 1326">
    <p class='ocr_par' dir='ltr' id='par_1_21' title="bbox 2001 1249 3569 1316">
     <span class='ocr_line' id='line_1_21' title="bbox 2001 1249 3569 1316; baseline 0.003 -17"><span class='ocrx_word' id='word_1_146' title='bbox 2001 1261 2360 1303; x_wconf 88' lang='lat' dir='ltr'><strong>numerorum</strong></span> <span class='ocrx_word' id='word_1_147' title='bbox 2393 1250 2780 1316; x_wconf 88' lang='lat' dir='ltr'><strong>repletionem,</strong></span> <span class='ocrx_word' id='word_1_148' title='bbox 2813 1249 2866 1302; x_wconf 88' lang='lat' dir='ltr'><strong>id</strong></span> <span class='ocrx_word' id='word_1_149' title='bbox 2895 1259 2980 1304; x_wconf 91' lang='lat' dir='ltr'><strong>est</strong></span> <span class='ocrx_word' id='word_1_150' title='bbox 3013 1251 3184 1304; x_wconf 87' lang='lat' dir='ltr'><strong>divini</strong></span> <span class='ocrx_word' id='word_1_151' title='bbox 3219 1250 3569 1304; x_wconf 88' lang='lat' dir='ltr'><strong>rationalium</strong></span> 
     </span>
    </p>
   </div>
   <div class='ocr_carea' id='block_1_22' title="bbox 338 1335 1933 1416">
    <p class='ocr_par' dir='ltr' id='par_1_22' title="bbox 338 1337 1900 1416">
     <span class='ocr_line' id='line_1_22' title="bbox 338 1337 1900 1416; baseline -0.004 -18"><span class='ocrx_word' id='word_1_152' title='bbox 338 1345 488 1416; x_wconf 82' lang='grc' dir='ltr'>χμῶν</span> <span class='ocrx_word' id='word_1_153' title='bbox 530 1343 798 1414; x_wconf 81' lang='grc' dir='ltr'><strong>μυστικῆς</strong></span> <span class='ocrx_word' id='word_1_154' title='bbox 832 1340 1074 1404; x_wconf 87' lang='grc' dir='ltr'>δεκάδος,</span> <span class='ocrx_word' id='word_1_155' title='bbox 1124 1339 1214 1392; x_wconf 77' lang='grc' dir='ltr'><strong>καὶ</strong></span> <span class='ocrx_word' id='word_1_156' title='bbox 1245 1339 1344 1409; x_wconf 82' lang='grc' dir='ltr'>τῆς</span> <span class='ocrx_word' id='word_1_157' title='bbox 1367 1337 1477 1391; x_wconf 89' lang='grc' dir='ltr'><strong>τῶν</strong></span> <span class='ocrx_word' id='word_1_158' title='bbox 1524 1339 1656 1391; x_wconf 80' lang='grc' dir='ltr'><strong>υίῶν</strong></span> <span class='ocrx_word' id='word_1_159' title='bbox 1711 1339 1900 1408; x_wconf 79' lang='grc' dir='ltr'>τιμίας</span> 
     </span>
    </p>
   </div>
   <div class='ocr_carea' id='block_1_23' title="bbox 1974 1335 3569 1416">
    <p class='ocr_par' dir='ltr' id='par_1_23' title="bbox 2002 1335 3569 1400">
     <span class='ocr_line' id='line_1_23' title="bbox 2002 1335 3569 1400; baseline 0.002 -10"><span class='ocrx_word' id='word_1_160' title='bbox 2002 1335 2191 1390; x_wconf 85' lang='lat' dir='ltr'><strong>ovium</strong></span> <span class='ocrx_word' id='word_1_161' title='bbox 2219 1338 2547 1400; x_wconf 84' lang='lat' dir='ltr'><strong>centuriam,</strong></span> <span class='ocrx_word' id='word_1_162' title='bbox 2583 1347 2638 1392; x_wconf 88' lang='lat' dir='ltr'><strong>et</strong></span> <span class='ocrx_word' id='word_1_163' title='bbox 2679 1339 3137 1392; x_wconf 88' lang='lat' dir='ltr'><strong>intellectualium</strong></span> <span class='ocrx_word' id='word_1_164' title='bbox 3180 1340 3569 1396; x_wconf 82' lang='lat' dir='ltr'><strong>drachmarum</strong></span> 
     </span>
    </p>
   </div>
   <div class='ocr_carea' id='block_1_24' title="bbox 329 1426 1924 1500">
    <p class='ocr_par' dir='ltr' id='par_1_24' title="bbox 329 1427 1900 1500">
     <span class='ocr_line' id='line_1_24' title="bbox 329 1427 1900 1500; baseline -0.005 -12"><span class='ocrx_word' id='word_1_165' title='bbox 329 1433 538 1498; x_wconf 73' lang='grc' dir='ltr'>δυάδος,</span> <span class='ocrx_word' id='word_1_166' title='bbox 571 1432 680 1485; x_wconf 79' lang='grc' dir='ltr'>εἴτε</span> <span class='ocrx_word' id='word_1_167' title='bbox 710 1429 850 1484; x_wconf 81' lang='grc' dir='ltr'>κατὰ</span> <span class='ocrx_word' id='word_1_168' title='bbox 876 1429 976 1500; x_wconf 83' lang='grc' dir='ltr'>τὴν</span> <span class='ocrx_word' id='word_1_169' title='bbox 1013 1427 1121 1481; x_wconf 87' lang='grc' dir='ltr'><strong>τῶν</strong></span> <span class='ocrx_word' id='word_1_170' title='bbox 1152 1428 1329 1498; x_wconf 84' lang='grc' dir='ltr'>μελῶν</span> <span class='ocrx_word' id='word_1_171' title='bbox 1359 1427 1452 1482; x_wconf 82' lang='grc' dir='ltr'>τοῦ</span> <span class='ocrx_word' id='word_1_172' title='bbox 1479 1427 1730 1498; x_wconf 85' lang='grc' dir='ltr'>σώματος</span> <span class='ocrx_word' id='word_1_173' title='bbox 1765 1427 1900 1499; x_wconf 81' lang='grc' dir='ltr'>πρὸς</span> 
     </span>
    </p>
   </div>
   <div class='ocr_carea' id='block_1_25' title="bbox 1972 1426 3567 1500">
    <p class='ocr_par' dir='ltr' id='par_1_25' title="bbox 2001 1426 3567 1500">
     <span class='ocr_line' id='line_1_25' title="bbox 2001 1426 3567 1500; baseline 0.001 -20"><span class='ocrx_word' id='word_1_174' title='bbox 2001 1429 2244 1498; x_wconf 72' lang='lat' dir='ltr'><strong>mysticae</strong></span> <span class='ocrx_word' id='word_1_175' title='bbox 2287 1426 2534 1489; x_wconf 88' lang='lat' dir='ltr'><strong>decadis,</strong></span> <span class='ocrx_word' id='word_1_176' title='bbox 2595 1434 2652 1480; x_wconf 90' lang='lat' dir='ltr'><strong>et</strong></span> <span class='ocrx_word' id='word_1_177' title='bbox 2687 1426 2924 1481; x_wconf 80' lang='lat' dir='ltr'><strong>ﬁliorum</strong></span> <span class='ocrx_word' id='word_1_178' title='bbox 2983 1427 3303 1483; x_wconf 58' lang='lat' dir='ltr'><strong>honoriﬁca;</strong></span> <span class='ocrx_word' id='word_1_179' title='bbox 3357 1429 3567 1500; x_wconf 77' lang='lat' dir='ltr'><strong>dyadis,</strong></span> 
     </span>
    </p>
   </div>
   <div class='ocr_carea' id='block_1_26' title="bbox 330 1517 1925 1593">
    <p class='ocr_par' dir='ltr' id='par_1_26' title="bbox 330 1517 1901 1593">
     <span class='ocr_line' id='line_1_26' title="bbox 330 1517 1901 1593; baseline -0.002 -19"><span class='ocrx_word' id='word_1_180' title='bbox 330 1523 429 1593; x_wconf 74' lang='grc' dir='ltr'><strong>τὴν</strong></span> <span class='ocrx_word' id='word_1_181' title='bbox 460 1523 664 1576; x_wconf 75' lang='grc' dir='ltr'>οἰκείαν</span> <span class='ocrx_word' id='word_1_182' title='bbox 690 1520 929 1590; x_wconf 82' lang='grc' dir='ltr'>κεφαλὴν</span> <span class='ocrx_word' id='word_1_183' title='bbox 959 1518 1052 1572; x_wconf 81' lang='grc' dir='ltr'>καὶ</span> <span class='ocrx_word' id='word_1_184' title='bbox 1083 1517 1220 1588; x_wconf 81' lang='grc' dir='ltr'>πρὸς</span> <span class='ocrx_word' id='word_1_185' title='bbox 1244 1518 1342 1588; x_wconf 76' lang='grc' dir='ltr'>τὴν</span> <span class='ocrx_word' id='word_1_186' title='bbox 1373 1518 1508 1571; x_wconf 73' lang='grc' dir='ltr'>ἰδίαν</span> <span class='ocrx_word' id='word_1_187' title='bbox 1529 1517 1781 1590; x_wconf 80' lang='grc' dir='ltr'>ἀπαρχὴν</span> <span class='ocrx_word' id='word_1_188' title='bbox 1806 1517 1901 1572; x_wconf 79' lang='grc' dir='ltr'>τοῦ</span> 
     </span>
    </p>
   </div>
   <div class='ocr_carea' id='block_1_27' title="bbox 1977 1517 3572 1593">
    <p class='ocr_par' dir='ltr' id='par_1_27' title="bbox 2001 1517 3572 1588">
     <span class='ocr_line' id='line_1_27' title="bbox 2001 1517 3572 1588; baseline 0.001 -17"><span class='ocrx_word' id='word_1_189' title='bbox 2001 1517 2116 1572; x_wconf 87' lang='lat' dir='ltr'><strong>sive</strong></span> <span class='ocrx_word' id='word_1_190' title='bbox 2141 1517 2442 1571; x_wconf 89' lang='lat' dir='ltr'><strong>secundum</strong></span> <span class='ocrx_word' id='word_1_191' title='bbox 2478 1517 2855 1570; x_wconf 85' lang='lat' dir='ltr'><strong>membrorum</strong></span> <span class='ocrx_word' id='word_1_192' title='bbox 2885 1517 3140 1586; x_wconf 86' lang='lat' dir='ltr'><strong>corporis</strong></span> <span class='ocrx_word' id='word_1_193' title='bbox 3182 1518 3248 1571; x_wconf 92' lang='lat' dir='ltr'><strong>ad</strong></span> <span class='ocrx_word' id='word_1_194' title='bbox 3287 1518 3572 1588; x_wconf 89' lang='lat' dir='ltr'><strong>proprium</strong></span> 
     </span>
    </p>
   </div>
   <div class='ocr_carea' id='block_1_28' title="bbox 331 1607 1926 1684">
    <p class='ocr_par' dir='ltr' id='par_1_28' title="bbox 331 1609 1900 1684">
     <span class='ocr_line' id='line_1_28' title="bbox 331 1609 1900 1684; baseline -0.004 -17"><span class='ocrx_word' id='word_1_195' title='bbox 331 1615 652 1684; x_wconf 83' lang='grc' dir='ltr'>φυράματος</span> <span class='ocrx_word' id='word_1_196' title='bbox 679 1610 1115 1678; x_wconf 73' lang='grc' dir='ltr'>ἐπισυναγωγὴν,</span> <span class='ocrx_word' id='word_1_197' title='bbox 1153 1611 1181 1662; x_wconf 98' lang='lat'><strong>6</strong></span> <span class='ocrx_word' id='word_1_198' title='bbox 1211 1609 1324 1664; x_wconf 78' lang='grc' dir='ltr'>ἄνω</span> <span class='ocrx_word' id='word_1_199' title='bbox 1371 1609 1572 1679; x_wconf 82' lang='grc' dir='ltr'>κόσμος</span> <span class='ocrx_word' id='word_1_200' title='bbox 1609 1609 1900 1680; x_wconf 76' lang='grc' dir='ltr'>πληρωθή-</span> 
     </span>
    </p>
   </div>
   <div class='ocr_carea' id='block_1_29' title="bbox 1981 1607 3576 1684">
    <p class='ocr_par' dir='ltr' id='par_1_29' title="bbox 2003 1607 3576 1677">
     <span class='ocr_line' id='line_1_29' title="bbox 2003 1607 3576 1677; baseline 0.003 -17"><span class='ocrx_word' id='word_1_201' title='bbox 2003 1614 2169 1674; x_wconf 87' lang='lat' dir='ltr'><strong>caput</strong></span> <span class='ocrx_word' id='word_1_202' title='bbox 2215 1620 2272 1660; x_wconf 84' lang='lat' dir='ltr'><strong>et</strong></span> <span class='ocrx_word' id='word_1_203' title='bbox 2324 1607 2389 1661; x_wconf 89' lang='lat' dir='ltr'><strong>ad</strong></span> <span class='ocrx_word' id='word_1_204' title='bbox 2434 1609 2710 1677; x_wconf 87' lang='lat' dir='ltr'><strong>propriam</strong></span> <span class='ocrx_word' id='word_1_205' title='bbox 2762 1607 3156 1663; x_wconf 85' lang='lat' dir='ltr'><strong>delibationem</strong></span> <span class='ocrx_word' id='word_1_206' title='bbox 3202 1624 3393 1664; x_wconf 69' lang='lat' dir='ltr'><strong>massa:</strong></span> <span class='ocrx_word' id='word_1_207' title='bbox 3445 1625 3576 1664; x_wconf 85' lang='lat' dir='ltr'><strong>con-</strong></span> 
     </span>
    </p>
   </div>
   <div class='ocr_carea' id='block_1_30' title="bbox 331 1696 1926 1770">
    <p class='ocr_par' dir='ltr' id='par_1_30' title="bbox 331 1696 1898 1768">
     <span class='ocr_line' id='line_1_30' title="bbox 331 1696 1898 1768; baseline -0.003 -13"><span class='ocrx_word' id='word_1_208' title='bbox 331 1720 482 1756; x_wconf 88' lang='grc' dir='ltr'>σεται</span> <span class='ocrx_word' id='word_1_209' title='bbox 527 1701 746 1764; x_wconf 85' lang='grc' dir='ltr'>πάντως</span> <span class='ocrx_word' id='word_1_210' title='bbox 787 1701 930 1753; x_wconf 80' lang='grc' dir='ltr'>κατὰ</span> <span class='ocrx_word' id='word_1_211' title='bbox 967 1701 1058 1752; x_wconf 71' lang='grc' dir='ltr'>τὸν</span> <span class='ocrx_word' id='word_1_212' title='bbox 1086 1698 1423 1760; x_wconf 83' lang='grc' dir='ltr'>διδάσκαλον,</span> <span class='ocrx_word' id='word_1_213' title='bbox 1455 1696 1767 1768; x_wconf 78' lang='grc' dir='ltr'>πληρωθεὶς</span> <span class='ocrx_word' id='word_1_214' title='bbox 1801 1699 1898 1768; x_wconf 80' lang='grc' dir='ltr'>μὲν</span> 
     </span>
    </p>
   </div>
   <div class='ocr_carea' id='block_1_31' title="bbox 1976 1696 3571 1770">
    <p class='ocr_par' dir='ltr' id='par_1_31' title="bbox 2003 1697 3571 1770">
     <span class='ocr_line' id='line_1_31' title="bbox 2003 1697 3571 1770; baseline 0.002 -21"><span class='ocrx_word' id='word_1_215' title='bbox 2003 1697 2400 1767; x_wconf 79' lang='lat' dir='ltr'><strong>gregationem,</strong></span> <span class='ocrx_word' id='word_1_216' title='bbox 2447 1698 2700 1767; x_wconf 85' lang='lat' dir='ltr'><strong>superior</strong></span> <span class='ocrx_word' id='word_1_217' title='bbox 2736 1699 2978 1754; x_wconf 90' lang='lat' dir='ltr'><strong>mundus</strong></span> <span class='ocrx_word' id='word_1_218' title='bbox 3007 1699 3378 1768; x_wconf 85' lang='lat' dir='ltr'><strong>complebitur</strong></span> <span class='ocrx_word' id='word_1_219' title='bbox 3409 1700 3571 1770; x_wconf 88' lang='lat' dir='ltr'><strong>plane</strong></span> 
     </span>
    </p>
   </div>
   <div class='ocr_carea' id='block_1_32' title="bbox 329 1773 1924 1864">
    <p class='ocr_par' dir='ltr' id='par_1_32' title="bbox 329 1773 1901 1864">
     <span class='ocr_line' id='line_1_32' title="bbox 329 1773 1901 1864; baseline -0.003 -17"><span class='ocrx_word' id='word_1_220' title='bbox 329 1795 428 1864; x_wconf 70' lang='grc' dir='ltr'>ἤδη</span> <span class='ocrx_word' id='word_1_221' title='bbox 457 1795 515 1846; x_wconf 82' lang='grc' dir='ltr'>ὲν</span> <span class='ocrx_word' id='word_1_222' title='bbox 555 1785 796 1863; x_wconf 79' lang='grc' dir='ltr'>Χριστῷ,</span> <span class='ocrx_word' id='word_1_223' title='bbox 843 1773 1336 1862; x_wconf 63' lang='grc' dir='ltr'>πληρῖυθησόμενος</span> <span class='ocrx_word' id='word_1_224' title='bbox 1382 1789 1440 1844; x_wconf 81' lang='grc' dir='ltr'>δὲ</span> <span class='ocrx_word' id='word_1_225' title='bbox 1485 1791 1545 1842; x_wconf 85' lang='grc' dir='ltr'>ὲν</span> <span class='ocrx_word' id='word_1_226' title='bbox 1593 1792 1706 1852; x_wconf 87' lang='grc' dir='ltr'>τοῖς</span> <span class='ocrx_word' id='word_1_227' title='bbox 1759 1789 1901 1842; x_wconf 80' lang='grc' dir='ltr'><strong>κατὰ</strong></span> 
     </span>
    </p>
   </div>
   <div class='ocr_carea' id='block_1_33' title="bbox 1979 1773 3574 1864">
    <p class='ocr_par' dir='ltr' id='par_1_33' title="bbox 2005 1787 3574 1860">
     <span class='ocr_line' id='line_1_33' title="bbox 2005 1787 3574 1860; baseline 0.004 -21"><span class='ocrx_word' id='word_1_228' title='bbox 2005 1787 2310 1840; x_wconf 88' lang='lat' dir='ltr'><strong>secundum</strong></span> <span class='ocrx_word' id='word_1_229' title='bbox 2349 1789 2698 1858; x_wconf 87' lang='lat' dir='ltr'><strong>magistrum,</strong></span> <span class='ocrx_word' id='word_1_230' title='bbox 2753 1791 3060 1858; x_wconf 79' lang='lat' dir='ltr'><strong>completus</strong></span> <span class='ocrx_word' id='word_1_231' title='bbox 3095 1792 3208 1860; x_wconf 89' lang='lat' dir='ltr'><strong>jam</strong></span> <span class='ocrx_word' id='word_1_232' title='bbox 3259 1791 3479 1860; x_wconf 88' lang='lat' dir='ltr'><strong>quidem</strong></span> <span class='ocrx_word' id='word_1_233' title='bbox 3516 1793 3574 1845; x_wconf 90' lang='lat' dir='ltr'><strong>in</strong></span> 
     </span>
    </p>
   </div>
   <div class='ocr_carea' id='block_1_34' title="bbox 328 1875 1923 1956">
    <p class='ocr_par' dir='ltr' id='par_1_34' title="bbox 328 1880 1900 1956">
     <span class='ocr_line' id='line_1_34' title="bbox 328 1880 1900 1956; baseline -0.003 -18"><span class='ocrx_word' id='word_1_234' title='bbox 328 1883 562 1956; x_wconf 81' lang='grc' dir='ltr'>Χριστὸν</span> <span class='ocrx_word' id='word_1_235' title='bbox 586 1880 743 1947; x_wconf 83' lang='grc' dir='ltr'>αὖθις</span> <span class='ocrx_word' id='word_1_236' title='bbox 769 1881 994 1954; x_wconf 79' lang='grc' dir='ltr'>ὕστερον</span> <span class='ocrx_word' id='word_1_237' title='bbox 1019 1921 1034 1946; x_wconf 95' lang='grc'><strong>,</strong></span> <span class='ocrx_word' id='word_1_238' title='bbox 1071 1881 1232 1952; x_wconf 82' lang='grc' dir='ltr'>ἡνίκα</span> <span class='ocrx_word' id='word_1_239' title='bbox 1269 1881 1563 1952; x_wconf 68' lang='grc' dir='ltr'>σύμφυτοιρ</span> <span class='ocrx_word' id='word_1_240' title='bbox 1579 1882 1900 1950; x_wconf 76' lang='grc' dir='ltr'>γενήσονται</span> 
     </span>
    </p>
   </div>
   <div class='ocr_carea' id='block_1_35' title="bbox 1980 1875 3575 1956">
    <p class='ocr_par' dir='ltr' id='par_1_35' title="bbox 2005 1875 3575 1950">
     <span class='ocr_line' id='line_1_35' title="bbox 2005 1875 3575 1950; baseline 0.003 -20"><span class='ocrx_word' id='word_1_241' title='bbox 2005 1875 2246 1942; x_wconf 85' lang='lat' dir='ltr'><strong>Christo,</strong></span> <span class='ocrx_word' id='word_1_242' title='bbox 2299 1879 2658 1947; x_wconf 83' lang='lat' dir='ltr'><strong>complendus</strong></span> <span class='ocrx_word' id='word_1_243' title='bbox 2707 1895 2840 1934; x_wconf 87' lang='lat' dir='ltr'><strong>vero</strong></span> <span class='ocrx_word' id='word_1_244' title='bbox 2894 1896 3092 1934; x_wconf 90' lang='lat' dir='ltr'><strong>rursus</strong></span> <span class='ocrx_word' id='word_1_245' title='bbox 3137 1892 3329 1950; x_wconf 88' lang='lat' dir='ltr'><strong>postea</strong></span> <span class='ocrx_word' id='word_1_246' title='bbox 3379 1881 3436 1936; x_wconf 93' lang='lat' dir='ltr'><strong>in</strong></span> <span class='ocrx_word' id='word_1_247' title='bbox 3493 1883 3575 1936; x_wconf 87' lang='lat' dir='ltr'><strong>eis</strong></span> 
     </span>
    </p>
   </div>
   <div class='ocr_carea' id='block_1_36' title="bbox 255 1967 1850 2043">
    <p class='ocr_par' dir='ltr' id='par_1_36' title="bbox 255 1969 1850 2043">
     <span class='ocr_line' id='line_1_36' title="bbox 255 1969 1850 2043; baseline -0.004 -15"><span class='ocrx_word' id='word_1_248' title='bbox 255 1974 264 1986; x_wconf 77' lang='grc'><strong><em>“</em></strong></span> <span class='ocrx_word' id='word_1_249' title='bbox 329 1974 550 2043; x_wconf 77' lang='grc' dir='ltr'>καὶτῆς</span> <span class='ocrx_word' id='word_1_250' title='bbox 585 1971 934 2035; x_wconf 78' lang='grc' dir='ltr'>ἀναστάσεως</span> <span class='ocrx_word' id='word_1_251' title='bbox 979 1971 1145 2026; x_wconf 80' lang='grc' dir='ltr'>αὑτοῦ</span> <span class='ocrx_word' id='word_1_252' title='bbox 1195 1970 1240 2004; x_wconf 82' lang='grc'><strong>³⁸</strong></span> <span class='ocrx_word' id='word_1_253' title='bbox 1291 1971 1406 2039; x_wconf 83' lang='grc' dir='ltr'>οἵγε</span> <span class='ocrx_word' id='word_1_254' title='bbox 1455 1970 1532 2041; x_wconf 84' lang='grc' dir='ltr'>τῷ</span> <span class='ocrx_word' id='word_1_255' title='bbox 1589 1969 1850 2040; x_wconf 81' lang='grc' dir='ltr'>ὀμοιώμα·</span> 
     </span>
    </p>
   </div>
   <div class='ocr_carea' id='block_1_37' title="bbox 1978 1967 3573 2043">
    <p class='ocr_par' dir='ltr' id='par_1_37' title="bbox 1999 1967 3573 2038">
     <span class='ocr_line' id='line_1_37' title="bbox 1999 1967 3573 2038; baseline 0.005 -18"><span class='ocrx_word' id='word_1_256' title='bbox 1999 1967 2094 2038; x_wconf 89' lang='lat' dir='ltr'><strong>qui</strong></span> <span class='ocrx_word' id='word_1_257' title='bbox 2141 1969 2448 2023; x_wconf 86' lang='lat' dir='ltr'><strong>secundum</strong></span> <span class='ocrx_word' id='word_1_258' title='bbox 2493 1969 2777 2025; x_wconf 87' lang='lat' dir='ltr'><strong>Christum</strong></span> <span class='ocrx_word' id='word_1_259' title='bbox 2811 1977 2958 2034; x_wconf 92' lang='lat' dir='ltr'><strong>sunt,</strong></span> <span class='ocrx_word' id='word_1_260' title='bbox 2994 1971 3084 2026; x_wconf 91' lang='lat' dir='ltr'><strong>ubi</strong></span> <span class='ocrx_word' id='word_1_261' title='bbox 3114 1973 3424 2028; x_wconf 88' lang='lat' dir='ltr'><strong>coalescent</strong></span> <span class='ocrx_word' id='word_1_262' title='bbox 3446 1987 3573 2028; x_wconf 88' lang='lat' dir='ltr'><strong>cum</strong></span> 
     </span>
    </p>
   </div>
   <div class='ocr_carea' id='block_1_38' title="bbox 327 2059 1922 2134">
    <p class='ocr_par' dir='ltr' id='par_1_38' title="bbox 327 2059 1900 2133">
     <span class='ocr_line' id='line_1_38' title="bbox 327 2059 1900 2133; baseline -0.003 -16"><span class='ocrx_word' id='word_1_263' title='bbox 327 2063 422 2116; x_wconf 78' lang='grc' dir='ltr'>τοῦ</span> <span class='ocrx_word' id='word_1_264' title='bbox 457 2063 686 2117; x_wconf 82' lang='grc' dir='ltr'>Θανάτου</span> <span class='ocrx_word' id='word_1_265' title='bbox 723 2061 886 2116; x_wconf 79' lang='grc' dir='ltr'>αὐτοῦ</span> <span class='ocrx_word' id='word_1_266' title='bbox 921 2061 1010 2115; x_wconf 82' lang='grc' dir='ltr'>διὰ</span> <span class='ocrx_word' id='word_1_267' title='bbox 1036 2061 1148 2115; x_wconf 85' lang='grc' dir='ltr'><strong>τῶν</strong></span> <span class='ocrx_word' id='word_1_268' title='bbox 1190 2059 1372 2115; x_wconf 81' lang='grc' dir='ltr'>αὐτῶν</span> <span class='ocrx_word' id='word_1_269' title='bbox 1415 2061 1752 2133; x_wconf 76' lang='grc' dir='ltr'>παθημάτων</span> <span class='ocrx_word' id='word_1_270' title='bbox 1799 2061 1900 2132; x_wconf 75' lang='grc' dir='ltr'>ήδη</span> 
     </span>
    </p>
   </div>
   <div class='ocr_carea' id='block_1_39' title="bbox 1980 2059 3575 2134">
    <p class='ocr_par' dir='ltr' id='par_1_39' title="bbox 1997 2059 3575 2134">
     <span class='ocr_line' id='line_1_39' title="bbox 1997 2059 3575 2134; baseline 0.003 -20"><span class='ocrx_word' id='word_1_271' title='bbox 1997 2075 2065 2115; x_wconf 90' lang='lat' dir='ltr'><strong>eo</strong></span> <span class='ocrx_word' id='word_1_272' title='bbox 2093 2067 2170 2124; x_wconf 88' lang='lat' dir='ltr'><strong>et,</strong></span> <span class='ocrx_word' id='word_1_273' title='bbox 2206 2059 2302 2130; x_wconf 89' lang='lat' dir='ltr'><strong>qui</strong></span> <span class='ocrx_word' id='word_1_274' title='bbox 2353 2063 2556 2117; x_wconf 89' lang='lat' dir='ltr'><strong>mortis</strong></span> <span class='ocrx_word' id='word_1_275' title='bbox 2604 2063 2726 2132; x_wconf 82' lang='lat' dir='ltr'><strong>ejus</strong></span> <span class='ocrx_word' id='word_1_276' title='bbox 2783 2061 3149 2118; x_wconf 85' lang='lat' dir='ltr'><strong>similitudine</strong></span> <span class='ocrx_word' id='word_1_277' title='bbox 3185 2064 3406 2118; x_wconf 89' lang='lat' dir='ltr'><strong>easdem</strong></span> <span class='ocrx_word' id='word_1_278' title='bbox 3450 2080 3575 2134; x_wconf 88' lang='lat' dir='ltr'><strong>pas-</strong></span> 
     </span>
    </p>
   </div>
   <div class='ocr_carea' id='block_1_40' title="bbox 329 2152 3576 2224">
    <p class='ocr_par' dir='ltr' id='par_1_40' title="bbox 329 2152 3576 2224">
     <span class='ocr_line' id='line_1_40' title="bbox 329 2152 3576 2224; baseline 0.001 -18"><span class='ocrx_word' id='word_1_279' title='bbox 329 2156 632 2223; x_wconf 86' lang='grc' dir='ltr'>γεγονότες.</span> <span class='ocrx_word' id='word_1_280' title='bbox 1226 2202 1230 2206; x_wconf 83' lang='lat'><strong>.</strong></span> <span class='ocrx_word' id='word_1_281' title='bbox 1999 2152 2184 2206; x_wconf 87' lang='lat' dir='ltr'><strong>siones</strong></span> <span class='ocrx_word' id='word_1_282' title='bbox 2203 2153 2316 2223; x_wconf 88' lang='lat' dir='ltr'><strong>jam</strong></span> <span class='ocrx_word' id='word_1_283' title='bbox 2355 2161 2484 2207; x_wconf 84' lang='lat' dir='ltr'><strong>sunt</strong></span> <span class='ocrx_word' id='word_1_284' title='bbox 2512 2154 2746 2224; x_wconf 80' lang='lat' dir='ltr'><strong>experti,</strong></span> <span class='ocrx_word' id='word_1_285' title='bbox 2781 2153 2950 2208; x_wconf 88' lang='lat' dir='ltr'><strong>etiam</strong></span> <span class='ocrx_word' id='word_1_286' title='bbox 3007 2153 3430 2209; x_wconf 88' lang='lat' dir='ltr'><strong>resurrectionis</strong></span> <span class='ocrx_word' id='word_1_287' title='bbox 3455 2154 3576 2224; x_wconf 85' lang='lat' dir='ltr'><strong>ejus</strong></span> 
     </span>
    </p>
   </div>
   <div class='ocr_carea' id='block_1_41' title="bbox 1999 2240 2504 2314">
    <p class='ocr_par' dir='ltr' id='par_1_41' title="bbox 1999 2240 2504 2314">
     <span class='ocr_line' id='line_1_41' title="bbox 1999 2240 2504 2314; baseline 0.008 -20"><span class='ocrx_word' id='word_1_288' title='bbox 1999 2240 2136 2296; x_wconf 84' lang='lat' dir='ltr'><strong>ﬁent</strong></span> <span class='ocrx_word' id='word_1_289' title='bbox 2186 2241 2504 2314; x_wconf 87' lang='lat' dir='ltr'><strong>participes.</strong></span> 
     </span>
    </p>
   </div>
   <div class='ocr_carea' id='block_1_42' title="bbox 337 2413 1932 2491">
    <p class='ocr_par' dir='ltr' id='par_1_42' title="bbox 337 2418 1902 2490">
     <span class='ocr_line' id='line_1_42' title="bbox 337 2418 1902 2490; baseline -0.001 -17"><span class='ocrx_word' id='word_1_290' title='bbox 337 2423 445 2474; x_wconf 71' lang='grc' dir='ltr'><strong>Ἐκ</strong></span> <span class='ocrx_word' id='word_1_291' title='bbox 472 2419 578 2474; x_wconf 83' lang='grc' dir='ltr'>τοῦ</span> <span class='ocrx_word' id='word_1_292' title='bbox 601 2419 796 2475; x_wconf 74' lang='grc' dir='ltr'>αὐτοῦ</span> <span class='ocrx_word' id='word_1_293' title='bbox 819 2422 1024 2490; x_wconf 72' lang='grc' dir='ltr'>λόγου,</span> <span class='ocrx_word' id='word_1_294' title='bbox 1047 2421 1126 2486; x_wconf 76' lang='grc' dir='ltr'><strong>είς</strong></span> <span class='ocrx_word' id='word_1_295' title='bbox 1167 2419 1234 2476; x_wconf 81' lang='grc' dir='ltr'>τό</span> <span class='ocrx_word' id='word_1_296' title='bbox 1254 2434 1268 2451; x_wconf 89' lang='grc'><strong>·</strong></span> <span class='ocrx_word' id='word_1_297' title='bbox 1289 2437 1309 2472; x_wconf 76' lang='grc' dir='ltr'><strong>ι</strong></span> <span class='ocrx_word' id='word_1_298' title='bbox 1343 2418 1589 2474; x_wconf 80' lang='grc' dir='ltr'>Παιδίον</span> <span class='ocrx_word' id='word_1_299' title='bbox 1611 2419 1902 2488; x_wconf 79' lang='grc' dir='ltr'><strong>ἐγεννήθη</strong></span> 
     </span>
    </p>
   </div>
   <div class='ocr_carea' id='block_1_43' title="bbox 1970 2413 3565 2491">
    <p class='ocr_par' dir='ltr' id='par_1_43' title="bbox 2008 2413 3565 2491">
     <span class='ocr_line' id='line_1_43' title="bbox 2008 2413 3565 2491; baseline -0.001 -13"><span class='ocrx_word' id='word_1_300' title='bbox 2008 2423 2092 2478; x_wconf 72' lang='lat' dir='ltr'><em>Ex</em></span> <span class='ocrx_word' id='word_1_301' title='bbox 2130 2423 2308 2478; x_wconf 84' lang='lat' dir='ltr'><strong>eodem</strong></span> <span class='ocrx_word' id='word_1_302' title='bbox 2327 2413 2584 2485; x_wconf 77' lang='lat' dir='ltr'><strong>sermone,</strong></span> <span class='ocrx_word' id='word_1_303' title='bbox 2610 2423 2665 2475; x_wconf 78' lang='lat' dir='ltr'><strong>in</strong></span> <span class='ocrx_word' id='word_1_304' title='bbox 2693 2422 2826 2475; x_wconf 82' lang='lat' dir='ltr'><strong>illud</strong></span> <span class='ocrx_word' id='word_1_305' title='bbox 2853 2439 2870 2476; x_wconf 94' lang='lat'><em>:</em></span> <span class='ocrx_word' id='word_1_306' title='bbox 2913 2441 2931 2472; x_wconf 72' lang='grc' dir='ltr'><strong>ι</strong></span> <span class='ocrx_word' id='word_1_307' title='bbox 2960 2421 3100 2476; x_wconf 85' lang='lat' dir='ltr'><strong>Puer</strong></span> <span class='ocrx_word' id='word_1_308' title='bbox 3123 2421 3266 2476; x_wconf 78' lang='lat' dir='ltr'><strong>nobis</strong></span> <span class='ocrx_word' id='word_1_309' title='bbox 3292 2430 3447 2476; x_wconf 82' lang='lat' dir='ltr'><strong>natus</strong></span> <span class='ocrx_word' id='word_1_310' title='bbox 3471 2431 3565 2491; x_wconf 79' lang='lat' dir='ltr'><strong>est,</strong></span> 
     </span>
    </p>
   </div>
   <div class='ocr_carea' id='block_1_44' title="bbox 398 2507 1993 2584">
    <p class='ocr_par' dir='ltr' id='par_1_44' title="bbox 398 2507 1902 2582">
     <span class='ocr_line' id='line_1_44' title="bbox 398 2507 1902 2582; baseline 0 -18"><span class='ocrx_word' id='word_1_311' title='bbox 398 2512 545 2578; x_wconf 73' lang='grc' dir='ltr'><strong>ἡμῖν</strong></span> <span class='ocrx_word' id='word_1_312' title='bbox 577 2512 703 2578; x_wconf 82' lang='grc' dir='ltr'><strong><em>Υἱὸς</em></strong></span> <span class='ocrx_word' id='word_1_313' title='bbox 745 2511 845 2565; x_wconf 77' lang='grc' dir='ltr'><strong>καί</strong></span> <span class='ocrx_word' id='word_1_314' title='bbox 895 2510 1074 2578; x_wconf 77' lang='grc' dir='ltr'>ἐδόθη</span> <span class='ocrx_word' id='word_1_315' title='bbox 1113 2511 1278 2582; x_wconf 72' lang='grc' dir='ltr'>ἡμῖν,</span> <span class='ocrx_word' id='word_1_316' title='bbox 1316 2507 1390 2568; x_wconf 85' lang='grc' dir='ltr'>οὗ</span> <span class='ocrx_word' id='word_1_317' title='bbox 1439 2509 1594 2579; x_wconf 80' lang='grc' dir='ltr'><strong>ἀρχὴ</strong></span> <span class='ocrx_word' id='word_1_318' title='bbox 1641 2510 1741 2564; x_wconf 83' lang='grc' dir='ltr'><strong>ἐπὶ</strong></span> <span class='ocrx_word' id='word_1_319' title='bbox 1795 2511 1902 2564; x_wconf 84' lang='grc' dir='ltr'>τοῦ</span> 
     </span>
    </p>
   </div>
   <div class='ocr_carea' id='block_1_45' title="bbox 1980 2507 3575 2584">
    <p class='ocr_par' dir='ltr' id='par_1_45' title="bbox 2075 2513 3575 2584">
     <span class='ocr_line' id='line_1_45' title="bbox 2075 2513 3575 2584; baseline -0.001 -17"><span class='ocrx_word' id='word_1_320' title='bbox 2075 2523 2124 2568; x_wconf 88' lang='lat' dir='ltr'><strong>et</strong></span> <span class='ocrx_word' id='word_1_321' title='bbox 2153 2513 2296 2582; x_wconf 77' lang='lat' dir='ltr'><strong>ﬁlius</strong></span> <span class='ocrx_word' id='word_1_322' title='bbox 2331 2514 2487 2567; x_wconf 84' lang='lat' dir='ltr'><strong>datus</strong></span> <span class='ocrx_word' id='word_1_323' title='bbox 2525 2521 2599 2566; x_wconf 78' lang='lat' dir='ltr'><strong>est</strong></span> <span class='ocrx_word' id='word_1_324' title='bbox 2643 2515 2811 2578; x_wconf 78' lang='lat' dir='ltr'><strong>nobis,</strong></span> <span class='ocrx_word' id='word_1_325' title='bbox 2859 2515 3008 2584; x_wconf 80' lang='lat' dir='ltr'><strong>cujus</strong></span> <span class='ocrx_word' id='word_1_326' title='bbox 3049 2515 3372 2584; x_wconf 75' lang='lat' dir='ltr'><strong>principatus</strong></span> <span class='ocrx_word' id='word_1_327' title='bbox 3419 2530 3575 2584; x_wconf 80' lang='lat' dir='ltr'><strong>super</strong></span> 
     </span>
    </p>
   </div>
   <div class='ocr_carea' id='block_1_46' title="bbox 399 2599 1994 2675">
    <p class='ocr_par' dir='ltr' id='par_1_46' title="bbox 399 2599 1896 2672">
     <span class='ocr_line' id='line_1_46' title="bbox 399 2599 1896 2672; baseline -0.002 -17"><span class='ocrx_word' id='word_1_328' title='bbox 399 2603 560 2672; x_wconf 82' lang='grc' dir='ltr'>ὢμου</span> <span class='ocrx_word' id='word_1_329' title='bbox 580 2602 767 2657; x_wconf 84' lang='grc' dir='ltr'>αὑτοῦ</span> <span class='ocrx_word' id='word_1_330' title='bbox 793 2619 806 2632; x_wconf 92' lang='grc'><strong>·</strong></span> <span class='ocrx_word' id='word_1_331' title='bbox 820 2599 904 2666; x_wconf 77' lang='grc' dir='ltr'>τῷ</span> <span class='ocrx_word' id='word_1_332' title='bbox 917 2601 1026 2672; x_wconf 78' lang='grc' dir='ltr'>γὰρ</span> <span class='ocrx_word' id='word_1_333' title='bbox 1039 2601 1277 2670; x_wconf 80' lang='grc' dir='ltr'>σταυρῷ</span> <span class='ocrx_word' id='word_1_334' title='bbox 1291 2601 1714 2670; x_wconf 77' lang='grc' dir='ltr'>συνεπαίρεται</span> <span class='ocrx_word' id='word_1_335' title='bbox 1731 2601 1862 2672; x_wconf 69' lang='lat'><strong>(20).</strong></span> <span class='ocrx_word' id='word_1_336' title='bbox 1877 2619 1896 2652; x_wconf 72' lang='grc' dir='ltr'><strong>ι</strong></span> 
     </span>
    </p>
   </div>
   <div class='ocr_carea' id='block_1_47' title="bbox 1850 2599 3445 2675">
    <p class='ocr_par' dir='ltr' id='par_1_47' title="bbox 1850 2602 3445 2675">
     <span class='ocr_line' id='line_1_47' title="bbox 1850 2602 3445 2675; baseline -0.001 -18"><span class='ocrx_word' id='word_1_337' title='bbox 1850 2619 1896 2654; x_wconf 80' lang='grc'><strong>.›</strong></span> <span class='ocrx_word' id='word_1_338' title='bbox 2076 2605 2352 2658; x_wconf 82' lang='lat' dir='ltr'><strong>humerum</strong></span> <span class='ocrx_word' id='word_1_339' title='bbox 2390 2605 2536 2675; x_wconf 83' lang='lat' dir='ltr'><strong>ejus;</strong></span> <span class='ocrx_word' id='word_1_340' title='bbox 2577 2603 2696 2658; x_wconf 83' lang='lat' dir='ltr'><strong>cum</strong></span> <span class='ocrx_word' id='word_1_341' title='bbox 2737 2619 2890 2656; x_wconf 77' lang='lat' dir='ltr'><strong>cruce</strong></span> <span class='ocrx_word' id='word_1_342' title='bbox 2935 2603 3073 2656; x_wconf 85' lang='lat' dir='ltr'><strong>enim</strong></span> <span class='ocrx_word' id='word_1_343' title='bbox 3105 2602 3396 2656; x_wconf 68' lang='lat' dir='ltr'><strong>extollitur.</strong></span> <span class='ocrx_word' id='word_1_344' title='bbox 3429 2622 3445 2655; x_wconf 76' lang='grc' dir='ltr'><strong>ι</strong></span> 
     </span>
    </p>
   </div>
   <div class='ocr_carea' id='block_1_48' title="bbox 383 2700 1978 2796">
    <p class='ocr_par' dir='ltr' id='par_1_48' title="bbox 383 2700 1978 2786">
     <span class='ocr_line' id='line_1_48' title="bbox 383 2700 1978 2786; baseline 0.001 -19"><span class='ocrx_word' id='word_1_345' title='bbox 383 2713 563 2777; x_wconf 72' lang='grc' dir='ltr'>’Ὅλος</span> <span class='ocrx_word' id='word_1_346' title='bbox 603 2714 690 2768; x_wconf 84' lang='grc' dir='ltr'>διὰ</span> <span class='ocrx_word' id='word_1_347' title='bbox 719 2713 812 2767; x_wconf 83' lang='grc' dir='ltr'>τοῦ</span> <span class='ocrx_word' id='word_1_348' title='bbox 844 2713 1007 2783; x_wconf 84' lang='grc' dir='ltr'>λόγου</span> <span class='ocrx_word' id='word_1_349' title='bbox 1031 2715 1110 2785; x_wconf 80' lang='grc' dir='ltr'>τῷ</span> <span class='ocrx_word' id='word_1_350' title='bbox 1142 2713 1342 2786; x_wconf 80' lang='grc' dir='ltr'>πρώτῳ</span> <span class='ocrx_word' id='word_1_351' title='bbox 1361 2715 1507 2784; x_wconf 82' lang='grc' dir='ltr'>λόγῳ</span> <span class='ocrx_word' id='word_1_352' title='bbox 1534 2714 1900 2786; x_wconf 80' lang='grc' dir='ltr'>προσθέμενος</span> <span class='ocrx_word' id='word_1_353' title='bbox 1968 2700 1978 2712; x_wconf 71' lang='grc'><em>’</em></span> 
     </span>
    </p>
   </div>
   <div class='ocr_carea' id='block_1_49' title="bbox 1982 2700 3577 2796">
    <p class='ocr_par' dir='ltr' id='par_1_49' title="bbox 2075 2701 3577 2796">
     <span class='ocr_line' id='line_1_49' title="bbox 2075 2701 3577 2796; baseline 0.002 -26"><span class='ocrx_word' id='word_1_354' title='bbox 2075 2716 2242 2771; x_wconf 86' lang='lat' dir='ltr'><strong>Plane</strong></span> <span class='ocrx_word' id='word_1_355' title='bbox 2271 2701 2373 2788; x_wconf 85' lang='lat' dir='ltr'><strong>per</strong></span> <span class='ocrx_word' id='word_1_356' title='bbox 2411 2734 2726 2796; x_wconf 70' lang='lat' dir='ltr'><strong>sermonem</strong></span> <span class='ocrx_word' id='word_1_357' title='bbox 2753 2719 3043 2772; x_wconf 65' lang='lat' dir='ltr'><strong>sententia:</strong></span> <span class='ocrx_word' id='word_1_358' title='bbox 3062 2717 3234 2786; x_wconf 89' lang='lat' dir='ltr'><strong>priori</strong></span> <span class='ocrx_word' id='word_1_359' title='bbox 3272 2717 3577 2788; x_wconf 85' lang='lat' dir='ltr'><strong>adjungens</strong></span> 
     </span>
    </p>
   </div>
   <div class='ocr_carea' id='block_1_50' title="bbox 332 2803 1927 2878">
    <p class='ocr_par' dir='ltr' id='par_1_50' title="bbox 332 2803 1899 2876">
     <span class='ocr_line' id='line_1_50' title="bbox 332 2803 1899 2876; baseline -0.001 -19"><span class='ocrx_word' id='word_1_360' title='bbox 332 2807 470 2858; x_wconf 83' lang='grc' dir='ltr'>κατὰ</span> <span class='ocrx_word' id='word_1_361' title='bbox 499 2805 653 2872; x_wconf 86' lang='grc' dir='ltr'>λόγον</span> <span class='ocrx_word' id='word_1_362' title='bbox 700 2805 793 2858; x_wconf 83' lang='grc' dir='ltr'><strong>τὸν</strong></span> <span class='ocrx_word' id='word_1_363' title='bbox 832 2808 960 2876; x_wconf 60' lang='grc' dir='ltr'><strong>περδ⁸</strong></span> <span class='ocrx_word' id='word_1_364' title='bbox 1001 2808 1095 2859; x_wconf 83' lang='grc' dir='ltr'>τοῦ</span> <span class='ocrx_word' id='word_1_365' title='bbox 1148 2804 1326 2873; x_wconf 81' lang='grc' dir='ltr'>Λόγου</span> <span class='ocrx_word' id='word_1_366' title='bbox 1386 2803 1542 2872; x_wconf 85' lang='grc' dir='ltr'>λόγον</span> <span class='ocrx_word' id='word_1_367' title='bbox 1597 2803 1656 2858; x_wconf 82' lang='grc' dir='ltr'>ὃν</span> <span class='ocrx_word' id='word_1_368' title='bbox 1725 2805 1899 2874; x_wconf 80' lang='grc' dir='ltr'>μέγας</span> 
     </span>
    </p>
   </div>
   <div class='ocr_carea' id='block_1_51' title="bbox 1981 2803 3576 2878">
    <p class='ocr_par' dir='ltr' id='par_1_51' title="bbox 2005 2807 3576 2878">
     <span class='ocr_line' id='line_1_51' title="bbox 2005 2807 3576 2878; baseline 0.001 -17"><span class='ocrx_word' id='word_1_369' title='bbox 2005 2807 2307 2862; x_wconf 87' lang='lat' dir='ltr'><strong>secundum</strong></span> <span class='ocrx_word' id='word_1_370' title='bbox 2351 2809 2600 2863; x_wconf 86' lang='lat' dir='ltr'><strong>ordinem</strong></span> <span class='ocrx_word' id='word_1_371' title='bbox 2629 2809 2762 2863; x_wconf 86' lang='lat' dir='ltr'><strong>illud</strong></span> <span class='ocrx_word' id='word_1_372' title='bbox 2791 2808 2860 2862; x_wconf 90' lang='lat' dir='ltr'><strong>de</strong></span> <span class='ocrx_word' id='word_1_373' title='bbox 2897 2807 3161 2862; x_wconf 84' lang='lat' dir='ltr'><strong>Sermone</strong></span> <span class='ocrx_word' id='word_1_374' title='bbox 3190 2809 3396 2863; x_wconf 83' lang='lat' dir='ltr'><strong>dictum</strong></span> <span class='ocrx_word' id='word_1_375' title='bbox 3429 2807 3576 2878; x_wconf 91' lang='lat' dir='ltr'><strong>quod</strong></span> 
     </span>
    </p>
   </div>
   <div class='ocr_carea' id='block_1_52' title="bbox 332 2894 1927 2970">
    <p class='ocr_par' dir='ltr' id='par_1_52' title="bbox 332 2894 1900 2966">
     <span class='ocr_line' id='line_1_52' title="bbox 332 2894 1900 2966; baseline 0 -18"><span class='ocrx_word' id='word_1_376' title='bbox 332 2896 617 2966; x_wconf 84' lang='grc' dir='ltr'>προφήτης</span> <span class='ocrx_word' id='word_1_377' title='bbox 663 2895 894 2961; x_wconf 77' lang='grc' dir='ltr'>Ἡσαΐας</span> <span class='ocrx_word' id='word_1_378' title='bbox 923 2899 1154 2950; x_wconf 86' lang='grc' dir='ltr'>ποιεῖται</span> <span class='ocrx_word' id='word_1_379' title='bbox 1206 2895 1332 2964; x_wconf 77' lang='grc' dir='ltr'>περὶ</span> <span class='ocrx_word' id='word_1_380' title='bbox 1378 2895 1472 2948; x_wconf 71' lang='grc' dir='ltr'>τοῦ</span> <span class='ocrx_word' id='word_1_381' title='bbox 1527 2894 1900 2966; x_wconf 83' lang='grc' dir='ltr'>σαρκωθέντος</span> 
     </span>
    </p>
   </div>
   <div class='ocr_carea' id='block_1_53' title="bbox 1984 2894 3579 2970">
    <p class='ocr_par' dir='ltr' id='par_1_53' title="bbox 2004 2898 3579 2970">
     <span class='ocr_line' id='line_1_53' title="bbox 2004 2898 3579 2970; baseline 0.003 -19"><span class='ocrx_word' id='word_1_382' title='bbox 2004 2913 2240 2968; x_wconf 88' lang='lat' dir='ltr'><strong>magnus</strong></span> <span class='ocrx_word' id='word_1_383' title='bbox 2297 2901 2570 2969; x_wconf 87' lang='lat' dir='ltr'><strong>prepheta</strong></span> <span class='ocrx_word' id='word_1_384' title='bbox 2632 2900 2801 2954; x_wconf 85' lang='lat' dir='ltr'><strong>Isaias</strong></span> <span class='ocrx_word' id='word_1_385' title='bbox 2848 2899 2915 2953; x_wconf 84' lang='lat' dir='ltr'><strong>de</strong></span> <span class='ocrx_word' id='word_1_386' title='bbox 2985 2898 3254 2955; x_wconf 84' lang='lat' dir='ltr'><strong>Sermone</strong></span> <span class='ocrx_word' id='word_1_387' title='bbox 3307 2901 3400 2970; x_wconf 90' lang='lat' dir='ltr'><strong>qui</strong></span> <span class='ocrx_word' id='word_1_388' title='bbox 3449 2917 3579 2956; x_wconf 87' lang='lat' dir='ltr'><strong>caro</strong></span> 
     </span>
    </p>
   </div>
   <div class='ocr_carea' id='block_1_54' title="bbox 329 2981 1924 3062">
    <p class='ocr_par' dir='ltr' id='par_1_54' title="bbox 329 2981 1896 3057">
     <span class='ocr_line' id='line_1_54' title="bbox 329 2981 1896 3057; baseline 0.001 -19"><span class='ocrx_word' id='word_1_389' title='bbox 329 2985 528 3054; x_wconf 86' lang='grc' dir='ltr'>Λόγου,</span> <span class='ocrx_word' id='word_1_390' title='bbox 565 2986 841 3055; x_wconf 80' lang='grc' dir='ltr'>μυστικῶς</span> <span class='ocrx_word' id='word_1_391' title='bbox 879 2988 1079 3057; x_wconf 87' lang='grc' dir='ltr'>φήσας,</span> <span class='ocrx_word' id='word_1_392' title='bbox 1109 2981 1190 3042; x_wconf 76' lang='grc' dir='ltr'><strong>Οὔ</strong></span> <span class='ocrx_word' id='word_1_393' title='bbox 1242 2987 1282 3054; x_wconf 79' lang='grc' dir='ltr'><strong><em>ἠ</em></strong></span> <span class='ocrx_word' id='word_1_394' title='bbox 1334 2986 1379 3018; x_wconf 76' lang='grc'><strong>⁸³</strong></span> <span class='ocrx_word' id='word_1_395' title='bbox 1431 2985 1588 3055; x_wconf 76' lang='grc' dir='ltr'><strong>ἁρχὴ</strong></span> <span class='ocrx_word' id='word_1_396' title='bbox 1637 2986 1735 3040; x_wconf 75' lang='grc' dir='ltr'>ἐπί</span> <span class='ocrx_word' id='word_1_397' title='bbox 1791 2985 1896 3040; x_wconf 79' lang='grc' dir='ltr'>τοῦ</span> 
     </span>
    </p>
   </div>
   <div class='ocr_carea' id='block_1_55' title="bbox 1983 2981 3578 3062">
    <p class='ocr_par' dir='ltr' id='par_1_55' title="bbox 2002 2988 3578 3062">
     <span class='ocr_line' id='line_1_55' title="bbox 2002 2988 3578 3062; baseline 0.001 -18"><span class='ocrx_word' id='word_1_398' title='bbox 2002 2988 2180 3044; x_wconf 76' lang='lat' dir='ltr'><strong>iactus</strong></span> <span class='ocrx_word' id='word_1_399' title='bbox 2214 2999 2299 3044; x_wconf 88' lang='lat' dir='ltr'><strong>est</strong></span> <span class='ocrx_word' id='word_1_400' title='bbox 2345 2990 2578 3060; x_wconf 83' lang='lat' dir='ltr'><strong>profert,</strong></span> <span class='ocrx_word' id='word_1_401' title='bbox 2611 2991 2840 3062; x_wconf 78' lang='lat' dir='ltr'><strong>mystice</strong></span> <span class='ocrx_word' id='word_1_402' title='bbox 2887 2991 3125 3046; x_wconf 86' lang='lat' dir='ltr'><strong>dicens:</strong></span> <span class='ocrx_word' id='word_1_403' title='bbox 3175 2993 3339 3062; x_wconf 81' lang='lat' dir='ltr'><strong>Cujus</strong></span> <span class='ocrx_word' id='word_1_404' title='bbox 3379 2994 3578 3062; x_wconf 76' lang='lat' dir='ltr'><strong>princi-</strong></span> 
     </span>
    </p>
   </div>
   <div class='ocr_carea' id='block_1_56' title="bbox 328 3075 1923 3152">
    <p class='ocr_par' dir='ltr' id='par_1_56' title="bbox 328 3075 1896 3148">
     <span class='ocr_line' id='line_1_56' title="bbox 328 3075 1896 3148; baseline 0.001 -20"><span class='ocrx_word' id='word_1_405' title='bbox 328 3075 490 3144; x_wconf 79' lang='grc' dir='ltr'>ῶμου</span> <span class='ocrx_word' id='word_1_406' title='bbox 527 3075 735 3142; x_wconf 83' lang='grc' dir='ltr'>αὑτοῦ,</span> <span class='ocrx_word' id='word_1_407' title='bbox 774 3076 1134 3142; x_wconf 86' lang='grc' dir='ltr'>συνοπτικῶς,</span> <span class='ocrx_word' id='word_1_408' title='bbox 1170 3075 1241 3141; x_wconf 82' lang='grc' dir='ltr'>ὡς</span> <span class='ocrx_word' id='word_1_409' title='bbox 1284 3075 1405 3140; x_wconf 77' lang='grc' dir='ltr'>ἔθος</span> <span class='ocrx_word' id='word_1_410' title='bbox 1435 3077 1582 3148; x_wconf 82' lang='grc' dir='ltr'>αὐτῷ</span> <span class='ocrx_word' id='word_1_411' title='bbox 1605 3078 1746 3140; x_wconf 80' lang='grc' dir='ltr'>ἐστι,</span> <span class='ocrx_word' id='word_1_412' title='bbox 1777 3077 1896 3130; x_wconf 81' lang='grc' dir='ltr'>τίνα</span> 
     </span>
    </p>
   </div>
   <div class='ocr_carea' id='block_1_57' title="bbox 1970 3075 3565 3152">
    <p class='ocr_par' dir='ltr' id='par_1_57' title="bbox 1999 3083 3565 3152">
     <span class='ocr_line' id='line_1_57' title="bbox 1999 3083 3565 3152; baseline 0.005 -18"><span class='ocrx_word' id='word_1_413' title='bbox 1999 3088 2154 3152; x_wconf 78' lang='lat' dir='ltr'><strong>palus</strong></span> <span class='ocrx_word' id='word_1_414' title='bbox 2191 3097 2350 3152; x_wconf 78' lang='lat' dir='ltr'><strong>super</strong></span> <span class='ocrx_word' id='word_1_415' title='bbox 2391 3083 2666 3136; x_wconf 83' lang='lat' dir='ltr'><strong>humerum</strong></span> <span class='ocrx_word' id='word_1_416' title='bbox 2707 3083 2820 3152; x_wconf 72' lang='lat' dir='ltr'><strong>ejus</strong></span> <span class='ocrx_word' id='word_1_417' title='bbox 2860 3095 2909 3147; x_wconf 75' lang='grc' dir='ltr'>ι,</span> <span class='ocrx_word' id='word_1_418' title='bbox 2954 3083 3269 3152; x_wconf 86' lang='lat' dir='ltr'><strong>perspicue,</strong></span> <span class='ocrx_word' id='word_1_419' title='bbox 3313 3093 3376 3138; x_wconf 92' lang='lat' dir='ltr'><strong>ut</strong></span> <span class='ocrx_word' id='word_1_420' title='bbox 3415 3084 3565 3142; x_wconf 86' lang='lat' dir='ltr'><strong>solet.</strong></span> 
     </span>
    </p>
   </div>
   <div class='ocr_carea' id='block_1_58' title="bbox 329 3167 1924 3242">
    <p class='ocr_par' dir='ltr' id='par_1_58' title="bbox 329 3167 1895 3240">
     <span class='ocr_line' id='line_1_58' title="bbox 329 3167 1895 3240; baseline 0.003 -21"><span class='ocrx_word' id='word_1_421' title='bbox 329 3169 428 3236; x_wconf 80' lang='grc' dir='ltr'>τὴν</span> <span class='ocrx_word' id='word_1_422' title='bbox 459 3169 632 3237; x_wconf 80' lang='grc' dir='ltr'>ἀρχὴν</span> <span class='ocrx_word' id='word_1_423' title='bbox 655 3167 857 3240; x_wconf 85' lang='grc' dir='ltr'>ταύτην</span> <span class='ocrx_word' id='word_1_424' title='bbox 904 3169 1016 3224; x_wconf 83' lang='grc' dir='ltr'>δεῖν</span> <span class='ocrx_word' id='word_1_425' title='bbox 1079 3167 1283 3222; x_wconf 76' lang='grc' dir='ltr'>οἴεσθαι</span> <span class='ocrx_word' id='word_1_426' title='bbox 1332 3167 1488 3237; x_wconf 80' lang='grc' dir='ltr'>Θέμις</span> <span class='ocrx_word' id='word_1_427' title='bbox 1538 3167 1895 3239; x_wconf 86' lang='grc' dir='ltr'>διετράνωσεν</span> 
     </span>
    </p>
   </div>
   <div class='ocr_carea' id='block_1_59' title="bbox 1974 3167 3569 3242">
    <p class='ocr_par' dir='ltr' id='par_1_59' title="bbox 1999 3171 3569 3242">
     <span class='ocr_line' id='line_1_59' title="bbox 1999 3171 3569 3242; baseline 0.001 -17"><span class='ocrx_word' id='word_1_428' title='bbox 1999 3171 2092 3226; x_wconf 86' lang='lat' dir='ltr'><strong>hic</strong></span> <span class='ocrx_word' id='word_1_429' title='bbox 2124 3187 2354 3242; x_wconf 89' lang='lat' dir='ltr'><strong>magnus</strong></span> <span class='ocrx_word' id='word_1_430' title='bbox 2394 3171 2678 3242; x_wconf 76' lang='lat' dir='ltr'><strong>magister,</strong></span> <span class='ocrx_word' id='word_1_431' title='bbox 2725 3171 2948 3242; x_wconf 88' lang='lat' dir='ltr'><strong>quinam</strong></span> <span class='ocrx_word' id='word_1_432' title='bbox 2979 3173 3326 3242; x_wconf 85' lang='lat' dir='ltr'><strong>principatus</strong></span> <span class='ocrx_word' id='word_1_433' title='bbox 3361 3172 3569 3227; x_wconf 82' lang='lat' dir='ltr'><strong>intelli-</strong></span> 
     </span>
    </p>
   </div>
   <div class='ocr_carea' id='block_1_60' title="bbox 333 3254 1928 3334">
    <p class='ocr_par' dir='ltr' id='par_1_60' title="bbox 333 3254 1896 3329">
     <span class='ocr_line' id='line_1_60' title="bbox 333 3254 1896 3329; baseline -0.01 -3"><span class='ocrx_word' id='word_1_434' title='bbox 333 3255 513 3326; x_wconf 73' lang='grc'><strong>(212</strong></span> <span class='ocrx_word' id='word_1_435' title='bbox 563 3257 615 3327; x_wconf 72' lang='grc' dir='ltr'><strong>ὁ)</strong></span> <span class='ocrx_word' id='word_1_436' title='bbox 671 3259 700 3312; x_wconf 80' lang='grc' dir='ltr'><em>ὁ</em></span> <span class='ocrx_word' id='word_1_437' title='bbox 747 3258 919 3329; x_wconf 80' lang='grc' dir='ltr'>μέγας</span> <span class='ocrx_word' id='word_1_438' title='bbox 971 3254 1124 3322; x_wconf 72' lang='grc' dir='ltr'>οὗτος</span> <span class='ocrx_word' id='word_1_439' title='bbox 1157 3259 1494 3323; x_wconf 80' lang='grc' dir='ltr'>διδάσκαλος,</span> <span class='ocrx_word' id='word_1_440' title='bbox 1522 3258 1712 3312; x_wconf 76' lang='grc' dir='ltr'>εἰπών’</span> <span class='ocrx_word' id='word_1_441' title='bbox 1751 3277 1770 3310; x_wconf 72' lang='grc' dir='ltr'><strong>ε</strong></span> <span class='ocrx_word' id='word_1_442' title='bbox 1805 3258 1896 3329; x_wconf 83' lang='grc' dir='ltr'>Τῷ</span> 
     </span>
    </p>
   </div>
   <div class='ocr_carea' id='block_1_61' title="bbox 1982 3254 3577 3334">
    <p class='ocr_par' dir='ltr' id='par_1_61' title="bbox 1998 3263 3577 3334">
     <span class='ocr_line' id='line_1_61' title="bbox 1998 3263 3577 3334; baseline 0.003 -18"><span class='ocrx_word' id='word_1_443' title='bbox 1998 3263 2210 3332; x_wconf 90' lang='lat' dir='ltr'><strong>gendus</strong></span> <span class='ocrx_word' id='word_1_444' title='bbox 2230 3272 2378 3319; x_wconf 86' lang='lat' dir='ltr'><strong>esset</strong></span> <span class='ocrx_word' id='word_1_445' title='bbox 2404 3263 2693 3334; x_wconf 83' lang='lat' dir='ltr'><strong>explicuit,</strong></span> <span class='ocrx_word' id='word_1_446' title='bbox 2727 3263 2920 3317; x_wconf 88' lang='lat' dir='ltr'><strong>dicens</strong></span> <span class='ocrx_word' id='word_1_447' title='bbox 2953 3281 2967 3316; x_wconf 90' lang='lat'><strong>:</strong></span> <span class='ocrx_word' id='word_1_448' title='bbox 3011 3283 3028 3314; x_wconf 73' lang='grc' dir='ltr'><strong>ι</strong></span> <span class='ocrx_word' id='word_1_449' title='bbox 3069 3263 3208 3319; x_wconf 90' lang='lat' dir='ltr'><strong>Cum</strong></span> <span class='ocrx_word' id='word_1_450' title='bbox 3237 3280 3404 3319; x_wconf 90' lang='lat' dir='ltr'><strong>cruce</strong></span> <span class='ocrx_word' id='word_1_451' title='bbox 3429 3265 3577 3320; x_wconf 85' lang='lat' dir='ltr'><strong>enim</strong></span> 
     </span>
    </p>
   </div>
   <div class='ocr_carea' id='block_1_62' title="bbox 329 3348 1924 3424">
    <p class='ocr_par' dir='ltr' id='par_1_62' title="bbox 329 3348 1898 3422">
     <span class='ocr_line' id='line_1_62' title="bbox 329 3348 1898 3422; baseline 0.003 -22"><span class='ocrx_word' id='word_1_452' title='bbox 329 3348 440 3419; x_wconf 72' lang='grc' dir='ltr'><strong>γὰρ</strong></span> <span class='ocrx_word' id='word_1_453' title='bbox 474 3349 694 3420; x_wconf 82' lang='grc' dir='ltr'>σταυρῷ</span> <span class='ocrx_word' id='word_1_454' title='bbox 726 3351 1134 3422; x_wconf 89' lang='grc' dir='ltr'>συνεπαίρεται.</span> <span class='ocrx_word' id='word_1_455' title='bbox 1172 3369 1192 3401; x_wconf 71' lang='grc' dir='ltr'><strong>ι</strong></span> <span class='ocrx_word' id='word_1_456' title='bbox 1234 3351 1374 3412; x_wconf 83' lang='grc' dir='ltr'>Ἀλλ’</span> <span class='ocrx_word' id='word_1_457' title='bbox 1414 3351 1602 3418; x_wconf 70' lang='grc' dir='ltr'>ἐπειδὴ</span> <span class='ocrx_word' id='word_1_458' title='bbox 1639 3350 1839 3414; x_wconf 83' lang='grc' dir='ltr'>πολλὰς</span> <span class='ocrx_word' id='word_1_459' title='bbox 1869 3353 1898 3405; x_wconf 85' lang='grc' dir='ltr'>ὁ</span> 
     </span>
    </p>
   </div>
   <div class='ocr_carea' id='block_1_63' title="bbox 1983 3348 3578 3424">
    <p class='ocr_par' dir='ltr' id='par_1_63' title="bbox 1998 3353 3578 3424">
     <span class='ocr_line' id='line_1_63' title="bbox 1998 3353 3578 3424; baseline 0.002 -17"><span class='ocrx_word' id='word_1_460' title='bbox 1998 3354 2300 3408; x_wconf 81' lang='lat' dir='ltr'><strong>extollitur.</strong></span> <span class='ocrx_word' id='word_1_461' title='bbox 2336 3353 2443 3408; x_wconf 91' lang='lat' dir='ltr'><strong>Sed</strong></span> <span class='ocrx_word' id='word_1_462' title='bbox 2467 3369 2589 3409; x_wconf 92' lang='lat' dir='ltr'><strong>cum</strong></span> <span class='ocrx_word' id='word_1_463' title='bbox 2615 3353 2820 3407; x_wconf 87' lang='lat' dir='ltr'><strong>multas</strong></span> <span class='ocrx_word' id='word_1_464' title='bbox 2841 3368 2978 3407; x_wconf 86' lang='lat' dir='ltr'><strong>crux</strong></span> <span class='ocrx_word' id='word_1_465' title='bbox 3013 3353 3176 3409; x_wconf 87' lang='lat' dir='ltr'><strong>nobis</strong></span> <span class='ocrx_word' id='word_1_466' title='bbox 3203 3355 3578 3424; x_wconf 78' lang='lat' dir='ltr'><strong>cogitantibus</strong></span> 
     </span>
    </p>
   </div>
   <div class='ocr_carea' id='block_1_64' title="bbox 333 3441 1928 3513">
    <p class='ocr_par' dir='ltr' id='par_1_64' title="bbox 333 3441 1895 3513">
     <span class='ocr_line' id='line_1_64' title="bbox 333 3441 1895 3513; baseline 0.001 -21"><span class='ocrx_word' id='word_1_467' title='bbox 333 3441 566 3512; x_wconf 79' lang='grc' dir='ltr'>σταυρὸς</span> <span class='ocrx_word' id='word_1_468' title='bbox 615 3444 733 3504; x_wconf 84' lang='grc' dir='ltr'>ταῖς</span> <span class='ocrx_word' id='word_1_469' title='bbox 780 3443 911 3513; x_wconf 76' lang='grc' dir='ltr'>περὶ</span> <span class='ocrx_word' id='word_1_470' title='bbox 948 3441 1110 3496; x_wconf 81' lang='grc' dir='ltr'>αὑτὸν</span> <span class='ocrx_word' id='word_1_471' title='bbox 1137 3441 1402 3505; x_wconf 71' lang='grc' dir='ltr'>ἐπινοίαις</span> <span class='ocrx_word' id='word_1_472' title='bbox 1424 3441 1730 3510; x_wconf 71' lang='grc' dir='ltr'>ἐπιδέχεται</span> <span class='ocrx_word' id='word_1_473' title='bbox 1760 3443 1895 3494; x_wconf 85' lang='grc' dir='ltr'>θεω-</span> 
     </span>
    </p>
   </div>
   <div class='ocr_carea' id='block_1_65' title="bbox 1981 3441 3576 3513">
    <p class='ocr_par' dir='ltr' id='par_1_65' title="bbox 1999 3441 3576 3513">
     <span class='ocr_line' id='line_1_65' title="bbox 1999 3441 3576 3513; baseline 0.001 -17"><span class='ocrx_word' id='word_1_474' title='bbox 1999 3441 2801 3512; x_wconf 75' lang='lat' dir='ltr'><strong>contemplationes&quot;admittat,</strong></span> <span class='ocrx_word' id='word_1_475' title='bbox 2843 3441 3071 3510; x_wconf 81' lang='lat' dir='ltr'><strong>dignum</strong></span> <span class='ocrx_word' id='word_1_476' title='bbox 3107 3458 3288 3512; x_wconf 55' lang='lat' dir='ltr'><strong>operae</strong></span> <span class='ocrx_word' id='word_1_477' title='bbox 3337 3443 3576 3513; x_wconf 87' lang='lat' dir='ltr'><strong>pretium</strong></span> 
     </span>
    </p>
   </div>
   <div class='ocr_carea' id='block_1_66' title="bbox 333 3531 1928 3604">
    <p class='ocr_par' dir='ltr' id='par_1_66' title="bbox 333 3531 1898 3602">
     <span class='ocr_line' id='line_1_66' title="bbox 333 3531 1898 3602; baseline 0.001 -17"><span class='ocrx_word' id='word_1_478' title='bbox 333 3531 476 3602; x_wconf 82' lang='grc' dir='ltr'>ρίας,</span> <span class='ocrx_word' id='word_1_479' title='bbox 523 3531 672 3596; x_wconf 80' lang='grc' dir='ltr'>ἄξιόν</span> <span class='ocrx_word' id='word_1_480' title='bbox 716 3535 830 3586; x_wconf 73' lang='grc' dir='ltr'>ἐστι</span> <span class='ocrx_word' id='word_1_481' title='bbox 880 3533 1112 3602; x_wconf 78' lang='grc' dir='ltr'>ζητῆσαι</span> <span class='ocrx_word' id='word_1_482' title='bbox 1152 3532 1296 3585; x_wconf 83' lang='grc' dir='ltr'>κατά</span> <span class='ocrx_word' id='word_1_483' title='bbox 1331 3531 1492 3585; x_wconf 87' lang='grc' dir='ltr'>ποίαν</span> <span class='ocrx_word' id='word_1_484' title='bbox 1525 3532 1770 3585; x_wconf 73' lang='grc' dir='ltr'>ἐπίνοιαν</span> <span class='ocrx_word' id='word_1_485' title='bbox 1807 3533 1898 3586; x_wconf 72' lang='grc' dir='ltr'>τὸν</span> 
     </span>
    </p>
   </div>
   <div class='ocr_carea' id='block_1_67' title="bbox 1984 3531 3579 3604">
    <p class='ocr_par' dir='ltr' id='par_1_67' title="bbox 2001 3531 3579 3604">
     <span class='ocr_line' id='line_1_67' title="bbox 2001 3531 3579 3604; baseline 0.003 -18"><span class='ocrx_word' id='word_1_486' title='bbox 2001 3531 2109 3586; x_wconf 88' lang='lat' dir='ltr'><strong>erit</strong></span> <span class='ocrx_word' id='word_1_487' title='bbox 2147 3547 2398 3600; x_wconf 60' lang='lat' dir='ltr'><strong>quaerere</strong></span> <span class='ocrx_word' id='word_1_488' title='bbox 2447 3547 2555 3602; x_wconf 88' lang='lat' dir='ltr'><strong>qua</strong></span> <span class='ocrx_word' id='word_1_489' title='bbox 2609 3531 3014 3602; x_wconf 78' lang='lat' dir='ltr'><strong>significatione</strong></span> <span class='ocrx_word' id='word_1_490' title='bbox 3055 3533 3316 3602; x_wconf 78' lang='lat' dir='ltr'><strong>magister</strong></span> <span class='ocrx_word' id='word_1_491' title='bbox 3349 3534 3404 3587; x_wconf 91' lang='lat' dir='ltr'><strong>in</strong></span> <span class='ocrx_word' id='word_1_492' title='bbox 3439 3551 3579 3604; x_wconf 70' lang='lat' dir='ltr'><strong>pra:-</strong></span> 
     </span>
    </p>
   </div>
   <div class='ocr_carea' id='block_1_68' title="bbox 333 3615 1928 3694">
    <p class='ocr_par' dir='ltr' id='par_1_68' title="bbox 333 3615 1894 3692">
     <span class='ocr_line' id='line_1_68' title="bbox 333 3615 1894 3692; baseline 0.001 -18"><span class='ocrx_word' id='word_1_493' title='bbox 333 3621 566 3692; x_wconf 80' lang='grc' dir='ltr'>σταυρὸν</span> <span class='ocrx_word' id='word_1_494' title='bbox 607 3621 700 3674; x_wconf 71' lang='grc' dir='ltr'>ἐπὶ</span> <span class='ocrx_word' id='word_1_495' title='bbox 730 3620 822 3674; x_wconf 78' lang='grc' dir='ltr'>τοῦ</span> <span class='ocrx_word' id='word_1_496' title='bbox 855 3621 1123 3692; x_wconf 81' lang='grc' dir='ltr'>παρόντος</span> <span class='ocrx_word' id='word_1_497' title='bbox 1151 3620 1323 3692; x_wconf 72' lang='grc' dir='ltr'>ἀρχὴν</span> <span class='ocrx_word' id='word_1_498' title='bbox 1360 3621 1388 3674; x_wconf 92' lang='lat'><strong>6</strong></span> <span class='ocrx_word' id='word_1_499' title='bbox 1411 3619 1728 3683; x_wconf 85' lang='grc' dir='ltr'>διδάσκαλος</span> <span class='ocrx_word' id='word_1_500' title='bbox 1754 3615 1894 3676; x_wconf 87' lang='grc' dir='ltr'>εἷπε.</span> 
     </span>
    </p>
   </div>
   <div class='ocr_carea' id='block_1_69' title="bbox 1982 3615 3577 3694">
    <p class='ocr_par' dir='ltr' id='par_1_69' title="bbox 2002 3621 3577 3694">
     <span class='ocr_line' id='line_1_69' title="bbox 2002 3621 3577 3694; baseline 0.003 -19"><span class='ocrx_word' id='word_1_501' title='bbox 2002 3621 2145 3675; x_wconf 91' lang='lat' dir='ltr'><strong>senti</strong></span> <span class='ocrx_word' id='word_1_502' title='bbox 2187 3635 2406 3675; x_wconf 88' lang='lat' dir='ltr'><strong>crucem</strong></span> <span class='ocrx_word' id='word_1_503' title='bbox 2447 3621 2824 3692; x_wconf 86' lang='lat' dir='ltr'><strong>principatum</strong></span> <span class='ocrx_word' id='word_1_504' title='bbox 2869 3621 3090 3676; x_wconf 76' lang='lat' dir='ltr'><strong>dixerit.</strong></span> <span class='ocrx_word' id='word_1_505' title='bbox 3126 3621 3577 3694; x_wconf 88' lang='lat' dir='ltr'><strong>Contemplamur</strong></span> 
     </span>
    </p>
   </div>
   <div class='ocr_carea' id='block_1_70' title="bbox 331 3709 1926 3782">
    <p class='ocr_par' dir='ltr' id='par_1_70' title="bbox 331 3709 1896 3782">
     <span class='ocr_line' id='line_1_70' title="bbox 331 3709 1896 3782; baseline -0.001 -18"><span class='ocrx_word' id='word_1_506' title='bbox 331 3711 624 3782; x_wconf 74' lang='grc' dir='ltr'>Θεωρεϊται</span> <span class='ocrx_word' id='word_1_507' title='bbox 665 3711 775 3782; x_wconf 77' lang='grc' dir='ltr'>γὰρ</span> <span class='ocrx_word' id='word_1_508' title='bbox 811 3714 841 3766; x_wconf 90' lang='lat'><strong>6</strong></span> <span class='ocrx_word' id='word_1_509' title='bbox 873 3711 1106 3782; x_wconf 83' lang='grc' dir='ltr'>σταυρὸς</span> <span class='ocrx_word' id='word_1_510' title='bbox 1121 3710 1267 3764; x_wconf 82' lang='grc' dir='ltr'>κατὰ</span> <span class='ocrx_word' id='word_1_511' title='bbox 1299 3710 1509 3780; x_wconf 82' lang='grc' dir='ltr'>σχῆμα,</span> <span class='ocrx_word' id='word_1_512' title='bbox 1540 3709 1682 3763; x_wconf 81' lang='grc' dir='ltr'>κατὰ</span> <span class='ocrx_word' id='word_1_513' title='bbox 1707 3709 1896 3762; x_wconf 77' lang='grc' dir='ltr'>σύνθε-</span> 
     </span>
    </p>
   </div>
   <div class='ocr_carea' id='block_1_71' title="bbox 1982 3709 3577 3782">
    <p class='ocr_par' dir='ltr' id='par_1_71' title="bbox 2001 3711 3577 3778">
     <span class='ocr_line' id='line_1_71' title="bbox 2001 3711 3577 3778; baseline 0.003 -12"><span class='ocrx_word' id='word_1_514' title='bbox 2001 3711 2148 3766; x_wconf 88' lang='lat' dir='ltr'><strong>enim</strong></span> <span class='ocrx_word' id='word_1_515' title='bbox 2201 3727 2422 3766; x_wconf 88' lang='lat' dir='ltr'><strong>crucem</strong></span> <span class='ocrx_word' id='word_1_516' title='bbox 2445 3711 2752 3767; x_wconf 89' lang='lat' dir='ltr'><strong>secundum</strong></span> <span class='ocrx_word' id='word_1_517' title='bbox 2796 3711 3058 3778; x_wconf 85' lang='lat' dir='ltr'><strong>formam,</strong></span> <span class='ocrx_word' id='word_1_518' title='bbox 3088 3714 3393 3768; x_wconf 90' lang='lat' dir='ltr'><strong>secundum</strong></span> <span class='ocrx_word' id='word_1_519' title='bbox 3429 3729 3577 3770; x_wconf 85' lang='lat' dir='ltr'><strong>com-</strong></span> 
     </span>
    </p>
   </div>
   <div class='ocr_carea' id='block_1_72' title="bbox 333 3799 1928 3874">
    <p class='ocr_par' dir='ltr' id='par_1_72' title="bbox 333 3799 1896 3874">
     <span class='ocr_line' id='line_1_72' title="bbox 333 3799 1896 3874; baseline -0.002 -17"><span class='ocrx_word' id='word_1_520' title='bbox 333 3817 440 3866; x_wconf 86' lang='grc' dir='ltr'>σιν,</span> <span class='ocrx_word' id='word_1_521' title='bbox 477 3802 616 3856; x_wconf 78' lang='grc' dir='ltr'>κατὰ</span> <span class='ocrx_word' id='word_1_522' title='bbox 643 3803 744 3874; x_wconf 78' lang='grc' dir='ltr'><strong>τὴν</strong></span> <span class='ocrx_word' id='word_1_523' title='bbox 788 3802 898 3855; x_wconf 87' lang='grc' dir='ltr'><strong>τῶν</strong></span> <span class='ocrx_word' id='word_1_524' title='bbox 935 3813 1116 3874; x_wconf 78' lang='grc' dir='ltr'>μερῶν</span> <span class='ocrx_word' id='word_1_525' title='bbox 1162 3801 1422 3872; x_wconf 72' lang='grc' dir='ltr'>ἰδιότητα,</span> <span class='ocrx_word' id='word_1_526' title='bbox 1460 3801 1554 3854; x_wconf 77' lang='grc' dir='ltr'><strong>καὶ</strong></span> <span class='ocrx_word' id='word_1_527' title='bbox 1592 3799 1713 3854; x_wconf 82' lang='grc' dir='ltr'>κατ’</span> <span class='ocrx_word' id='word_1_528' title='bbox 1743 3800 1896 3873; x_wconf 74' lang='grc' dir='ltr'>ἐνέρ-</span> 
     </span>
    </p>
   </div>
   <div class='ocr_carea' id='block_1_73' title="bbox 1979 3799 3574 3874">
    <p class='ocr_par' dir='ltr' id='par_1_73' title="bbox 2001 3803 3574 3874">
     <span class='ocr_line' id='line_1_73' title="bbox 2001 3803 3574 3874; baseline 0.003 -17"><span class='ocrx_word' id='word_1_529' title='bbox 2001 3803 2357 3873; x_wconf 88' lang='lat' dir='ltr'><strong>positionem,</strong></span> <span class='ocrx_word' id='word_1_530' title='bbox 2397 3803 2704 3858; x_wconf 90' lang='lat' dir='ltr'><strong>secundum</strong></span> <span class='ocrx_word' id='word_1_531' title='bbox 2753 3803 2992 3872; x_wconf 89' lang='lat' dir='ltr'><strong>partium</strong></span> <span class='ocrx_word' id='word_1_532' title='bbox 3039 3804 3453 3874; x_wconf 85' lang='lat' dir='ltr'><strong>proprietatem,</strong></span> <span class='ocrx_word' id='word_1_533' title='bbox 3485 3822 3574 3862; x_wconf 89' lang='lat' dir='ltr'><strong>se-</strong></span> 
     </span>
    </p>
   </div>
   <div class='ocr_carea' id='block_1_74' title="bbox 331 3891 1926 3968">
    <p class='ocr_par' dir='ltr' id='par_1_74' title="bbox 331 3891 1899 3962">
     <span class='ocr_line' id='line_1_74' title="bbox 331 3891 1899 3962; baseline 0.001 -16"><span class='ocrx_word' id='word_1_534' title='bbox 331 3909 486 3962; x_wconf 84' lang='grc' dir='ltr'>γειαν</span> <span class='ocrx_word' id='word_1_535' title='bbox 516 3894 610 3948; x_wconf 75' lang='grc' dir='ltr'><strong>καὶ</strong></span> <span class='ocrx_word' id='word_1_536' title='bbox 641 3895 762 3948; x_wconf 87' lang='grc' dir='ltr'>κατ’</span> <span class='ocrx_word' id='word_1_537' title='bbox 797 3895 974 3958; x_wconf 83' lang='grc' dir='ltr'>ἄλλας</span> <span class='ocrx_word' id='word_1_538' title='bbox 1000 3893 1202 3957; x_wconf 84' lang='grc' dir='ltr'>πολλὰς</span> <span class='ocrx_word' id='word_1_539' title='bbox 1233 3892 1494 3956; x_wconf 73' lang='grc' dir='ltr'>ἐπινοίας,</span> <span class='ocrx_word' id='word_1_540' title='bbox 1539 3892 1596 3946; x_wconf 74' lang='grc' dir='ltr'>αἱ</span> <span class='ocrx_word' id='word_1_541' title='bbox 1640 3895 1752 3956; x_wconf 86' lang='grc' dir='ltr'>τοῖς</span> <span class='ocrx_word' id='word_1_542' title='bbox 1789 3891 1899 3947; x_wconf 87' lang='grc' dir='ltr'><strong>τῶν</strong></span> 
     </span>
    </p>
   </div>
   <div class='ocr_carea' id='block_1_75' title="bbox 1982 3891 3577 3968">
    <p class='ocr_par' dir='ltr' id='par_1_75' title="bbox 2001 3893 3577 3968">
     <span class='ocr_line' id='line_1_75' title="bbox 2001 3893 3577 3968; baseline 0.003 -20"><span class='ocrx_word' id='word_1_543' title='bbox 2001 3893 2242 3949; x_wconf 89' lang='lat' dir='ltr'><strong>cundum</strong></span> <span class='ocrx_word' id='word_1_544' title='bbox 2275 3895 2570 3959; x_wconf 86' lang='lat' dir='ltr'><strong>actionem,</strong></span> <span class='ocrx_word' id='word_1_545' title='bbox 2622 3894 2923 3948; x_wconf 88' lang='lat' dir='ltr'><strong>secundum</strong></span> <span class='ocrx_word' id='word_1_546' title='bbox 2969 3895 3106 3948; x_wconf 89' lang='lat' dir='ltr'><strong>alias</strong></span> <span class='ocrx_word' id='word_1_547' title='bbox 3147 3897 3348 3952; x_wconf 89' lang='lat' dir='ltr'><strong>multas</strong></span> <span class='ocrx_word' id='word_1_548' title='bbox 3372 3898 3577 3968; x_wconf 88' lang='lat' dir='ltr'><strong>cogita-</strong></span> 
     </span>
    </p>
   </div>
   <div class='ocr_carea' id='block_1_76' title="bbox 331 3969 1926 4057">
    <p class='ocr_par' dir='ltr' id='par_1_76' title="bbox 331 3981 1896 4056">
     <span class='ocr_line' id='line_1_76' title="bbox 331 3981 1896 4056; baseline 0.001 -20"><span class='ocrx_word' id='word_1_549' title='bbox 331 3983 490 4038; x_wconf 85' lang='grc' dir='ltr'>θείων</span> <span class='ocrx_word' id='word_1_550' title='bbox 515 3984 896 4056; x_wconf 86' lang='grc' dir='ltr'>φιλοθεάμοσίν</span> <span class='ocrx_word' id='word_1_551' title='bbox 924 3985 1062 4037; x_wconf 76' lang='grc' dir='ltr'>εἰσιν</span> <span class='ocrx_word' id='word_1_552' title='bbox 1107 3981 1320 4055; x_wconf 83' lang='grc' dir='ltr'>ὁραταί.</span> <span class='ocrx_word' id='word_1_553' title='bbox 1367 3981 1522 4035; x_wconf 76' lang='grc' dir='ltr'>Κατὰ</span> <span class='ocrx_word' id='word_1_554' title='bbox 1554 3983 1735 4052; x_wconf 87' lang='grc' dir='ltr'>σχῆμα</span> <span class='ocrx_word' id='word_1_555' title='bbox 1775 3983 1896 4053; x_wconf 79' lang='grc' dir='ltr'>μὲν,</span> 
     </span>
    </p>
   </div>
   <div class='ocr_carea' id='block_1_77' title="bbox 1978 3969 3573 4057">
    <p class='ocr_par' dir='ltr' id='par_1_77' title="bbox 2002 3969 3573 4057">
     <span class='ocr_line' id='line_1_77' title="bbox 2002 3969 3573 4057; baseline 0.004 -19"><span class='ocrx_word' id='word_1_556' title='bbox 2002 3985 2217 4038; x_wconf 88' lang='lat' dir='ltr'><strong>tionum</strong></span> <span class='ocrx_word' id='word_1_557' title='bbox 2266 3985 2532 4049; x_wconf 80' lang='lat' dir='ltr'><strong>rationes,</strong></span> <span class='ocrx_word' id='word_1_558' title='bbox 2587 4001 2724 4054; x_wconf 89' lang='lat' dir='ltr'><strong>quas</strong></span> <span class='ocrx_word' id='word_1_559' title='bbox 2765 3969 2864 4054; x_wconf 82' lang='lat' dir='ltr'><strong>qui</strong></span> <span class='ocrx_word' id='word_1_560' title='bbox 2913 4000 3004 4038; x_wconf 90' lang='lat' dir='ltr'><strong>res</strong></span> <span class='ocrx_word' id='word_1_561' title='bbox 3052 3985 3270 4057; x_wconf 83' lang='lat' dir='ltr'><strong>divinas</strong></span> <span class='ocrx_word' id='word_1_562' title='bbox 3323 3999 3573 4057; x_wconf 89' lang='lat' dir='ltr'><strong>spectare</strong></span> 
     </span>
    </p>
   </div>
   <div class='ocr_carea' id='block_1_78' title="bbox 331 4069 1926 4146">
    <p class='ocr_par' dir='ltr' id='par_1_78' title="bbox 331 4069 1899 4144">
     <span class='ocr_line' id='line_1_78' title="bbox 331 4069 1899 4144; baseline 0 -18"><span class='ocrx_word' id='word_1_563' title='bbox 331 4071 408 4136; x_wconf 76' lang='grc' dir='ltr'><strong>ὡς</strong></span> <span class='ocrx_word' id='word_1_564' title='bbox 426 4073 551 4126; x_wconf 74' lang='grc' dir='ltr'>ὅταν</span> <span class='ocrx_word' id='word_1_565' title='bbox 577 4074 674 4144; x_wconf 76' lang='grc' dir='ltr'><strong>τὴν</strong></span> <span class='ocrx_word' id='word_1_566' title='bbox 693 4072 760 4126; x_wconf 83' lang='grc' dir='ltr'>τὰ</span> <span class='ocrx_word' id='word_1_567' title='bbox 785 4071 901 4136; x_wconf 83' lang='grc' dir='ltr'>ὅλα,</span> <span class='ocrx_word' id='word_1_568' title='bbox 937 4071 1008 4126; x_wconf 85' lang='grc' dir='ltr'><strong>τά</strong></span> <span class='ocrx_word' id='word_1_569' title='bbox 1035 4087 1094 4125; x_wconf 86' lang='grc' dir='ltr'><strong>τε</strong></span> <span class='ocrx_word' id='word_1_570' title='bbox 1123 4072 1236 4126; x_wconf 75' lang='grc' dir='ltr'>ἄνω</span> <span class='ocrx_word' id='word_1_571' title='bbox 1263 4070 1358 4124; x_wconf 75' lang='grc' dir='ltr'><strong>καὶ</strong></span> <span class='ocrx_word' id='word_1_572' title='bbox 1381 4069 1449 4124; x_wconf 85' lang='grc' dir='ltr'>τὰ</span> <span class='ocrx_word' id='word_1_573' title='bbox 1478 4069 1630 4124; x_wconf 84' lang='grc' dir='ltr'>κάτω</span> <span class='ocrx_word' id='word_1_574' title='bbox 1659 4071 1744 4140; x_wconf 83' lang='grc' dir='ltr'><strong>ἐφ’</strong></span> <span class='ocrx_word' id='word_1_575' title='bbox 1771 4071 1899 4126; x_wconf 78' lang='grc' dir='ltr'>ἐκά-</span> 
     </span>
    </p>
   </div>
   <div class='ocr_carea' id='block_1_79' title="bbox 1978 4069 3573 4146">
    <p class='ocr_par' dir='ltr' id='par_1_79' title="bbox 2000 4070 3573 4146">
     <span class='ocr_line' id='line_1_79' title="bbox 2000 4070 3573 4146; baseline 0.003 -16"><span class='ocrx_word' id='word_1_576' title='bbox 2000 4083 2184 4130; x_wconf 89' lang='lat' dir='ltr'><strong>amant</strong></span> <span class='ocrx_word' id='word_1_577' title='bbox 2240 4075 2528 4146; x_wconf 89' lang='lat' dir='ltr'><strong>percipere</strong></span> <span class='ocrx_word' id='word_1_578' title='bbox 2566 4083 2820 4146; x_wconf 91' lang='lat' dir='ltr'><strong>possunt.</strong></span> <span class='ocrx_word' id='word_1_579' title='bbox 2859 4074 3039 4144; x_wconf 84' lang='lat' dir='ltr'><strong>Atque</strong></span> <span class='ocrx_word' id='word_1_580' title='bbox 3076 4079 3318 4146; x_wconf 90' lang='lat' dir='ltr'><strong>primum</strong></span> <span class='ocrx_word' id='word_1_581' title='bbox 3351 4070 3573 4146; x_wconf 71' lang='lat' dir='ltr'><strong>quidem</strong></span> 
     </span>
    </p>
   </div>
   <div class='ocr_carea' id='block_1_80' title="bbox 330 4163 1925 4238">
    <p class='ocr_par' dir='ltr' id='par_1_80' title="bbox 330 4163 1899 4238">
     <span class='ocr_line' id='line_1_80' title="bbox 330 4163 1899 4238; baseline 0 -20"><span class='ocrx_word' id='word_1_582' title='bbox 330 4182 484 4236; x_wconf 83' lang='grc' dir='ltr'>τερα,</span> <span class='ocrx_word' id='word_1_583' title='bbox 507 4169 621 4230; x_wconf 85' lang='grc' dir='ltr'>τοῖς</span> <span class='ocrx_word' id='word_1_584' title='bbox 647 4167 768 4220; x_wconf 83' lang='grc' dir='ltr'>καθ’</span> <span class='ocrx_word' id='word_1_585' title='bbox 797 4167 938 4222; x_wconf 79' lang='grc' dir='ltr'>αὐτὰ</span> <span class='ocrx_word' id='word_1_586' title='bbox 966 4166 1164 4238; x_wconf 84' lang='grc' dir='ltr'>πέρασι</span> <span class='ocrx_word' id='word_1_587' title='bbox 1194 4163 1664 4234; x_wconf 79' lang='grc' dir='ltr'>διαλαμϐάνουσαν</span> <span class='ocrx_word' id='word_1_588' title='bbox 1683 4168 1710 4218; x_wconf 86' lang='grc' dir='ltr'><strong>ὁ</strong></span> <span class='ocrx_word' id='word_1_589' title='bbox 1739 4181 1899 4218; x_wconf 83' lang='grc' dir='ltr'>σταυ-</span> 
     </span>
    </p>
   </div>
   <div class='ocr_carea' id='block_1_81' title="bbox 1979 4163 3574 4238">
    <p class='ocr_par' dir='ltr' id='par_1_81' title="bbox 2001 4165 3574 4238">
     <span class='ocr_line' id='line_1_81' title="bbox 2001 4165 3574 4238; baseline 0.002 -16"><span class='ocrx_word' id='word_1_590' title='bbox 2001 4165 2306 4222; x_wconf 86' lang='lat' dir='ltr'><strong>secundum</strong></span> <span class='ocrx_word' id='word_1_591' title='bbox 2355 4167 2609 4232; x_wconf 79' lang='lat' dir='ltr'><strong>formam,</strong></span> <span class='ocrx_word' id='word_1_592' title='bbox 2649 4168 2736 4222; x_wconf 88' lang='lat' dir='ltr'><strong>vel</strong></span> <span class='ocrx_word' id='word_1_593' title='bbox 2789 4177 2851 4222; x_wconf 93' lang='lat' dir='ltr'><strong>ut</strong></span> <span class='ocrx_word' id='word_1_594' title='bbox 2893 4181 3017 4221; x_wconf 90' lang='lat' dir='ltr'><strong>cum</strong></span> <span class='ocrx_word' id='word_1_595' title='bbox 3065 4184 3202 4223; x_wconf 82' lang='lat' dir='ltr'><strong>crux</strong></span> <span class='ocrx_word' id='word_1_596' title='bbox 3245 4176 3574 4238; x_wconf 89' lang='lat' dir='ltr'><strong>potestatem</strong></span> 
     </span>
    </p>
   </div>
   <div class='ocr_carea' id='block_1_82' title="bbox 336 4254 1931 4334">
    <p class='ocr_par' dir='ltr' id='par_1_82' title="bbox 336 4254 1900 4334">
     <span class='ocr_line' id='line_1_82' title="bbox 336 4254 1900 4334; baseline -0.002 -23"><span class='ocrx_word' id='word_1_597' title='bbox 336 4258 427 4328; x_wconf 84' lang='grc' dir='ltr'><strong>ρδς</strong></span> <span class='ocrx_word' id='word_1_598' title='bbox 456 4257 852 4330; x_wconf 84' lang='grc' dir='ltr'>θεωρούμενος,</span> <span class='ocrx_word' id='word_1_599' title='bbox 880 4257 1233 4328; x_wconf 79' lang='grc' dir='ltr'>ὑποσημαίνῃ</span> <span class='ocrx_word' id='word_1_600' title='bbox 1279 4255 1506 4326; x_wconf 86' lang='grc' dir='ltr'>δύναμιν</span> <span class='ocrx_word' id='word_1_601' title='bbox 1542 4271 1557 4286; x_wconf 77' lang='grc'><strong><em>⁸</em></strong></span> <span class='ocrx_word' id='word_1_602' title='bbox 1602 4254 1744 4334; x_wconf 72' lang='grc' dir='ltr'>κατὰ</span> <span class='ocrx_word' id='word_1_603' title='bbox 1777 4255 1900 4308; x_wconf 81' lang='grc' dir='ltr'>σύν-</span> 
     </span>
    </p>
   </div>
   <div class='ocr_carea' id='block_1_83' title="bbox 1980 4254 3575 4334">
    <p class='ocr_par' dir='ltr' id='par_1_83' title="bbox 2001 4256 3575 4330">
     <span class='ocr_line' id='line_1_83' title="bbox 2001 4256 3575 4330; baseline 0.003 -20"><span class='ocrx_word' id='word_1_604' title='bbox 2001 4271 2125 4326; x_wconf 64' lang='grc' dir='ltr'><strong>ηοω</strong></span> <span class='ocrx_word' id='word_1_605' title='bbox 2169 4256 2451 4321; x_wconf 88' lang='lat' dir='ltr'><strong>universa,</strong></span> <span class='ocrx_word' id='word_1_606' title='bbox 2498 4265 2606 4312; x_wconf 90' lang='lat' dir='ltr'><strong>tam</strong></span> <span class='ocrx_word' id='word_1_607' title='bbox 2648 4274 2770 4329; x_wconf 68' lang='lat' dir='ltr'><strong>quae</strong></span> <span class='ocrx_word' id='word_1_608' title='bbox 2800 4274 2965 4330; x_wconf 89' lang='lat' dir='ltr'><strong>supra</strong></span> <span class='ocrx_word' id='word_1_609' title='bbox 2991 4275 3154 4330; x_wconf 88' lang='lat' dir='ltr'><strong>quam</strong></span> <span class='ocrx_word' id='word_1_610' title='bbox 3185 4274 3307 4328; x_wconf 69' lang='lat' dir='ltr'><strong>qua:</strong></span> <span class='ocrx_word' id='word_1_611' title='bbox 3339 4259 3480 4315; x_wconf 82' lang='lat' dir='ltr'><strong>infra</strong></span> <span class='ocrx_word' id='word_1_612' title='bbox 3519 4271 3575 4316; x_wconf 87' lang='lat' dir='ltr'><strong>et</strong></span> 
     </span>
    </p>
   </div>
   <div class='ocr_carea' id='block_1_84' title="bbox 335 4316 1930 4431">
    <p class='ocr_par' dir='ltr' id='par_1_84' title="bbox 335 4316 1894 4431">
     <span class='ocr_line' id='line_1_84' title="bbox 335 4316 1894 4431; baseline -0.002 -30"><span class='ocrx_word' id='word_1_613' title='bbox 335 4316 480 4404; x_wconf 77' lang='grc' dir='ltr'>θεσιν</span> <span class='ocrx_word' id='word_1_614' title='bbox 501 4316 580 4416; x_wconf 60' lang='grc' dir='ltr'>δὲ,</span> <span class='ocrx_word' id='word_1_615' title='bbox 610 4316 686 4414; x_wconf 73' lang='grc' dir='ltr'>ὡς</span> <span class='ocrx_word' id='word_1_616' title='bbox 715 4316 850 4431; x_wconf 63' lang='grc' dir='ltr'>ὅταν</span> <span class='ocrx_word' id='word_1_617' title='bbox 887 4316 1078 4404; x_wconf 60' lang='grc' dir='ltr'>οὐσίαν</span> <span class='ocrx_word' id='word_1_618' title='bbox 1116 4316 1233 4401; x_wconf 45' lang='grc' dir='ltr'>καί,</span> <span class='ocrx_word' id='word_1_619' title='bbox 1258 4316 1515 4418; x_wconf 77' lang='grc' dir='ltr'>πρόνοιαν</span> <span class='ocrx_word' id='word_1_620' title='bbox 1553 4347 1648 4399; x_wconf 70' lang='grc' dir='ltr'><strong>καὶ</strong></span> <span class='ocrx_word' id='word_1_621' title='bbox 1691 4323 1894 4416; x_wconf 75' lang='grc' dir='ltr'>κρίσιν,</span> 
     </span>
    </p>
   </div>
   <div class='ocr_carea' id='block_1_85' title="bbox 1981 4316 3576 4431">
    <p class='ocr_par' dir='ltr' id='par_1_85' title="bbox 2001 4316 3576 4422">
     <span class='ocr_line' id='line_1_85' title="bbox 2001 4316 3576 4422; baseline 0.003 -20"><span class='ocrx_word' id='word_1_622' title='bbox 2001 4361 2124 4417; x_wconf 67' lang='lat' dir='ltr'><strong>quae</strong></span> <span class='ocrx_word' id='word_1_623' title='bbox 2138 4347 2207 4402; x_wconf 87' lang='lat' dir='ltr'><strong>ad</strong></span> <span class='ocrx_word' id='word_1_624' title='bbox 2227 4336 2648 4418; x_wconf 12' lang='lat' dir='ltr'><strong>utraqueilatera</strong></span> <span class='ocrx_word' id='word_1_625' title='bbox 2665 4316 2780 4404; x_wconf 74' lang='lat' dir='ltr'><strong>suis</strong></span> <span class='ocrx_word' id='word_1_626' title='bbox 2801 4316 3032 4420; x_wconf 63' lang='lat' dir='ltr'><strong>quasque</strong></span> <span class='ocrx_word' id='word_1_627' title='bbox 3053 4316 3304 4406; x_wconf 75' lang='lat' dir='ltr'><strong>terminis</strong></span> <span class='ocrx_word' id='word_1_628' title='bbox 3328 4367 3576 4422; x_wconf 89' lang='lat' dir='ltr'><strong>compre-</strong></span> 
     </span>
    </p>
   </div>
   <div class='ocr_carea' id='block_1_86' title="bbox 333 4435 1928 4511">
    <p class='ocr_par' dir='ltr' id='par_1_86' title="bbox 333 4435 1894 4508">
     <span class='ocr_line' id='line_1_86' title="bbox 333 4435 1894 4508; baseline -0.003 -16"><span class='ocrx_word' id='word_1_629' title='bbox 333 4439 502 4508; x_wconf 74' lang='grc' dir='ltr'>ἧγουν</span> <span class='ocrx_word' id='word_1_630' title='bbox 520 4439 618 4502; x_wconf 77' lang='grc' dir='ltr'><strong>τὰς</strong></span> <span class='ocrx_word' id='word_1_631' title='bbox 637 4439 842 4493; x_wconf 83' lang='grc' dir='ltr'>τούτων</span> <span class='ocrx_word' id='word_1_632' title='bbox 868 4441 1182 4508; x_wconf 79' lang='grc' dir='ltr'>ὲκφάνσεις,</span> <span class='ocrx_word' id='word_1_633' title='bbox 1221 4437 1413 4506; x_wconf 83' lang='grc' dir='ltr'>σοφίαν</span> <span class='ocrx_word' id='word_1_634' title='bbox 1445 4435 1588 4506; x_wconf 79' lang='grc' dir='ltr'>φημὶ</span> <span class='ocrx_word' id='word_1_635' title='bbox 1622 4437 1717 4488; x_wconf 78' lang='grc' dir='ltr'>καὶ</span> <span class='ocrx_word' id='word_1_636' title='bbox 1753 4435 1894 4504; x_wconf 80' lang='grc' dir='ltr'><strong>γνῶο</strong></span> 
     </span>
    </p>
   </div>
   <div class='ocr_carea' id='block_1_87' title="bbox 1976 4435 3571 4511">
    <p class='ocr_par' dir='ltr' id='par_1_87' title="bbox 2001 4437 3571 4511">
     <span class='ocr_line' id='line_1_87' title="bbox 2001 4437 3571 4511; baseline 0.003 -19"><span class='ocrx_word' id='word_1_637' title='bbox 2001 4438 2200 4511; x_wconf 81' lang='lat' dir='ltr'><strong>hendit</strong></span> <span class='ocrx_word' id='word_1_638' title='bbox 2239 4437 2550 4509; x_wconf 81' lang='lat' dir='ltr'><strong>signiﬁcat;</strong></span> <span class='ocrx_word' id='word_1_639' title='bbox 2601 4439 2902 4495; x_wconf 86' lang='lat' dir='ltr'><strong>secundum</strong></span> <span class='ocrx_word' id='word_1_640' title='bbox 2934 4441 3390 4511; x_wconf 88' lang='lat' dir='ltr'><strong>compositionem</strong></span> <span class='ocrx_word' id='word_1_641' title='bbox 3418 4455 3571 4506; x_wconf 84' lang='lat' dir='ltr'><strong>vero,</strong></span> 
     </span>
    </p>
   </div>
   <div class='ocr_carea' id='block_1_88' title="bbox 335 4507 1930 4602">
    <p class='ocr_par' dir='ltr' id='par_1_88' title="bbox 335 4507 1899 4600">
     <span class='ocr_line' id='line_1_88' title="bbox 335 4507 1899 4600; baseline -0.001 -18"><span class='ocrx_word' id='word_1_642' title='bbox 335 4507 420 4582; x_wconf 79' lang='grc' dir='ltr'><strong>σιν</strong></span> <span class='ocrx_word' id='word_1_643' title='bbox 449 4529 542 4582; x_wconf 62' lang='grc' dir='ltr'><strong>καὶ⁹</strong></span> <span class='ocrx_word' id='word_1_644' title='bbox 561 4530 760 4600; x_wconf 78' lang='grc' dir='ltr'>ἀρετὴν</span> <span class='ocrx_word' id='word_1_645' title='bbox 786 4529 887 4600; x_wconf 83' lang='grc' dir='ltr'>τῆς</span> <span class='ocrx_word' id='word_1_646' title='bbox 922 4507 984 4584; x_wconf 79' lang='grc' dir='ltr'><strong>τὸ</strong></span> <span class='ocrx_word' id='word_1_647' title='bbox 1031 4530 1141 4582; x_wconf 82' lang='grc' dir='ltr'>πᾶν</span> <span class='ocrx_word' id='word_1_648' title='bbox 1187 4527 1478 4597; x_wconf 84' lang='grc' dir='ltr'>διεπούσης</span> <span class='ocrx_word' id='word_1_649' title='bbox 1531 4527 1769 4598; x_wconf 82' lang='grc' dir='ltr'>ὲμφαίνῃ</span> <span class='ocrx_word' id='word_1_650' title='bbox 1809 4527 1899 4580; x_wconf 85' lang='grc' dir='ltr'>δυ·-</span> 
     </span>
    </p>
   </div>
   <div class='ocr_carea' id='block_1_89' title="bbox 1975 4507 3570 4602">
    <p class='ocr_par' dir='ltr' id='par_1_89' title="bbox 2000 4507 3570 4602">
     <span class='ocr_line' id='line_1_89' title="bbox 2000 4507 3570 4602; baseline 0.003 -19"><span class='ocrx_word' id='word_1_651' title='bbox 2000 4529 2154 4583; x_wconf 90' lang='lat' dir='ltr'><strong>velut</strong></span> <span class='ocrx_word' id='word_1_652' title='bbox 2177 4507 2320 4584; x_wconf 46' lang='lat' dir='ltr'><strong>\cum</strong></span> <span class='ocrx_word' id='word_1_653' title='bbox 2353 4530 2650 4585; x_wconf 89' lang='lat' dir='ltr'><strong>essentiam</strong></span> <span class='ocrx_word' id='word_1_654' title='bbox 2685 4539 2742 4585; x_wconf 90' lang='lat' dir='ltr'><strong>et</strong></span> <span class='ocrx_word' id='word_1_655' title='bbox 2770 4507 3172 4600; x_wconf 82' lang='lat' dir='ltr'><strong>providentiam</strong></span> <span class='ocrx_word' id='word_1_656' title='bbox 3199 4540 3255 4586; x_wconf 88' lang='lat' dir='ltr'><strong>et</strong></span> <span class='ocrx_word' id='word_1_657' title='bbox 3277 4533 3570 4602; x_wconf 89' lang='lat' dir='ltr'><strong>judicium,</strong></span> 
     </span>
    </p>
   </div>
   <div class='ocr_carea' id='block_1_90' title="bbox 333 4617 1928 4692">
    <p class='ocr_par' dir='ltr' id='par_1_90' title="bbox 333 4617 1900 4692">
     <span class='ocr_line' id='line_1_90' title="bbox 333 4617 1900 4692; baseline -0.002 -20"><span class='ocrx_word' id='word_1_658' title='bbox 333 4618 572 4689; x_wconf 87' lang='grc' dir='ltr'>νάμεως,</span> <span class='ocrx_word' id='word_1_659' title='bbox 603 4619 700 4692; x_wconf 77' lang='grc' dir='ltr'>τὴν</span> <span class='ocrx_word' id='word_1_660' title='bbox 723 4619 822 4690; x_wconf 81' lang='grc' dir='ltr'>μὲν</span> <span class='ocrx_word' id='word_1_661' title='bbox 843 4619 1029 4674; x_wconf 85' lang='grc' dir='ltr'>οὐσίαν</span> <span class='ocrx_word' id='word_1_662' title='bbox 1057 4619 1151 4673; x_wconf 73' lang='grc' dir='ltr'><strong>καὶ</strong></span> <span class='ocrx_word' id='word_1_663' title='bbox 1171 4617 1268 4690; x_wconf 83' lang='grc' dir='ltr'>τὴν</span> <span class='ocrx_word' id='word_1_664' title='bbox 1299 4617 1492 4687; x_wconf 79' lang='grc' dir='ltr'>σοφίαν</span> <span class='ocrx_word' id='word_1_665' title='bbox 1515 4617 1589 4680; x_wconf 83' lang='grc' dir='ltr'>ὡς</span> <span class='ocrx_word' id='word_1_666' title='bbox 1612 4617 1900 4688; x_wconf 77' lang='grc' dir='ltr'>ποιητικὴν</span> 
     </span>
    </p>
   </div>
   <div class='ocr_carea' id='block_1_91' title="bbox 1972 4617 3567 4692">
    <p class='ocr_par' dir='ltr' id='par_1_91' title="bbox 2001 4622 3567 4692">
     <span class='ocr_line' id='line_1_91' title="bbox 2001 4622 3567 4692; baseline -0.001 -15"><span class='ocrx_word' id='word_1_667' title='bbox 2001 4622 2058 4677; x_wconf 89' lang='lat' dir='ltr'><strong>id</strong></span> <span class='ocrx_word' id='word_1_668' title='bbox 2089 4633 2173 4677; x_wconf 91' lang='lat' dir='ltr'><strong>est</strong></span> <span class='ocrx_word' id='word_1_669' title='bbox 2202 4622 2675 4678; x_wconf 82' lang='lat' dir='ltr'><strong>manifestationes</strong></span> <span class='ocrx_word' id='word_1_670' title='bbox 2705 4638 2918 4688; x_wconf 88' lang='lat' dir='ltr'><strong>earum,</strong></span> <span class='ocrx_word' id='word_1_671' title='bbox 2945 4623 3294 4692; x_wconf 86' lang='lat' dir='ltr'><strong>sapientiam,</strong></span> <span class='ocrx_word' id='word_1_672' title='bbox 3324 4624 3567 4692; x_wconf 85' lang='lat' dir='ltr'><strong>inquam,</strong></span> 
     </span>
    </p>
   </div>
   <div class='ocr_carea' id='block_1_92' title="bbox 332 4707 1927 4783">
    <p class='ocr_par' dir='ltr' id='par_1_92' title="bbox 332 4707 1900 4782">
     <span class='ocr_line' id='line_1_92' title="bbox 332 4707 1900 4782; baseline -0.003 -18"><span class='ocrx_word' id='word_1_673' title='bbox 332 4709 420 4764; x_wconf 82' lang='grc' dir='ltr'>διὰ</span> <span class='ocrx_word' id='word_1_674' title='bbox 440 4710 538 4780; x_wconf 80' lang='grc' dir='ltr'>τῆς</span> <span class='ocrx_word' id='word_1_675' title='bbox 563 4709 845 4781; x_wconf 80' lang='grc' dir='ltr'>ὑψιτενοῦς</span> <span class='ocrx_word' id='word_1_676' title='bbox 868 4710 1152 4782; x_wconf 86' lang='grc' dir='ltr'>γραμμῆς,</span> <span class='ocrx_word' id='word_1_677' title='bbox 1192 4709 1292 4779; x_wconf 81' lang='grc' dir='ltr'>τὴν</span> <span class='ocrx_word' id='word_1_678' title='bbox 1317 4708 1372 4762; x_wconf 81' lang='grc' dir='ltr'>δὲ</span> <span class='ocrx_word' id='word_1_679' title='bbox 1403 4707 1657 4778; x_wconf 76' lang='grc' dir='ltr'>πρόνοιαν</span> <span class='ocrx_word' id='word_1_680' title='bbox 1683 4707 1776 4759; x_wconf 76' lang='grc' dir='ltr'>καὶ</span> <span class='ocrx_word' id='word_1_681' title='bbox 1799 4707 1900 4776; x_wconf 80' lang='grc' dir='ltr'>τὴν</span> 
     </span>
    </p>
   </div>
   <div class='ocr_carea' id='block_1_93' title="bbox 1976 4707 3571 4783">
    <p class='ocr_par' dir='ltr' id='par_1_93' title="bbox 2001 4712 3571 4783">
     <span class='ocr_line' id='line_1_93' title="bbox 2001 4712 3571 4783; baseline -0.001 -17"><span class='ocrx_word' id='word_1_682' title='bbox 2001 4721 2060 4766; x_wconf 87' lang='lat' dir='ltr'><strong>et</strong></span> <span class='ocrx_word' id='word_1_683' title='bbox 2075 4713 2443 4783; x_wconf 78' lang='lat' dir='ltr'><strong>cognitionem</strong></span> <span class='ocrx_word' id='word_1_684' title='bbox 2477 4720 2534 4767; x_wconf 90' lang='lat' dir='ltr'><strong>et</strong></span> <span class='ocrx_word' id='word_1_685' title='bbox 2564 4713 2824 4767; x_wconf 87' lang='lat' dir='ltr'><strong>virtutem</strong></span> <span class='ocrx_word' id='word_1_686' title='bbox 2845 4713 3132 4782; x_wconf 87' lang='lat' dir='ltr'><strong>potestatis</strong></span> <span class='ocrx_word' id='word_1_687' title='bbox 3155 4712 3571 4768; x_wconf 85' lang='lat' dir='ltr'><strong>universitatem</strong></span> 
     </span>
    </p>
   </div>
   <div class='ocr_carea' id='block_1_94' title="bbox 333 4797 1928 4874">
    <p class='ocr_par' dir='ltr' id='par_1_94' title="bbox 333 4797 1896 4872">
     <span class='ocr_line' id='line_1_94' title="bbox 333 4797 1896 4872; baseline -0.001 -18"><span class='ocrx_word' id='word_1_688' title='bbox 333 4800 532 4868; x_wconf 87' lang='grc' dir='ltr'>γνῶσιν</span> <span class='ocrx_word' id='word_1_689' title='bbox 567 4799 644 4864; x_wconf 85' lang='grc' dir='ltr'>ὡς</span> <span class='ocrx_word' id='word_1_690' title='bbox 672 4799 1091 4872; x_wconf 82' lang='grc' dir='ltr'>περιποιητικὴν</span> <span class='ocrx_word' id='word_1_691' title='bbox 1117 4799 1208 4854; x_wconf 80' lang='grc' dir='ltr'>διὰ</span> <span class='ocrx_word' id='word_1_692' title='bbox 1239 4800 1336 4870; x_wconf 80' lang='grc' dir='ltr'>τῆς</span> <span class='ocrx_word' id='word_1_693' title='bbox 1367 4798 1684 4870; x_wconf 77' lang='grc' dir='ltr'>ἐγκαρσίας,</span> <span class='ocrx_word' id='word_1_694' title='bbox 1717 4797 1816 4869; x_wconf 86' lang='grc' dir='ltr'><strong>τὴν</strong></span> <span class='ocrx_word' id='word_1_695' title='bbox 1837 4799 1896 4852; x_wconf 81' lang='grc' dir='ltr'>δὲ</span> 
     </span>
    </p>
   </div>
   <div class='ocr_carea' id='block_1_95' title="bbox 1976 4797 3571 4874">
    <p class='ocr_par' dir='ltr' id='par_1_95' title="bbox 2002 4803 3571 4874">
     <span class='ocr_line' id='line_1_95' title="bbox 2002 4803 3571 4874; baseline 0 -18"><span class='ocrx_word' id='word_1_696' title='bbox 2002 4803 2338 4858; x_wconf 85' lang='lat' dir='ltr'><strong>moderantis</strong></span> <span class='ocrx_word' id='word_1_697' title='bbox 2379 4803 2628 4868; x_wconf 88' lang='lat' dir='ltr'><strong>denotat,</strong></span> <span class='ocrx_word' id='word_1_698' title='bbox 2671 4804 2965 4858; x_wconf 90' lang='lat' dir='ltr'><strong>essentiam</strong></span> <span class='ocrx_word' id='word_1_699' title='bbox 3015 4803 3238 4874; x_wconf 85' lang='lat' dir='ltr'><strong>quidem</strong></span> <span class='ocrx_word' id='word_1_700' title='bbox 3269 4811 3324 4857; x_wconf 89' lang='lat' dir='ltr'><strong>et</strong></span> <span class='ocrx_word' id='word_1_701' title='bbox 3352 4803 3571 4873; x_wconf 88' lang='lat' dir='ltr'><strong>sapien-</strong></span> 
     </span>
    </p>
   </div>
   <div class='ocr_carea' id='block_1_96' title="bbox 335 4889 1930 4968">
    <p class='ocr_par' dir='ltr' id='par_1_96' title="bbox 335 4889 1901 4964">
     <span class='ocr_line' id='line_1_96' title="bbox 335 4889 1901 4964; baseline 0 -21"><span class='ocrx_word' id='word_1_702' title='bbox 335 4890 514 4959; x_wconf 80' lang='grc' dir='ltr'>κρίσιν</span> <span class='ocrx_word' id='word_1_703' title='bbox 547 4891 644 4944; x_wconf 77' lang='grc' dir='ltr'>καὶ</span> <span class='ocrx_word' id='word_1_704' title='bbox 689 4891 784 4962; x_wconf 78' lang='grc' dir='ltr'>τὴν</span> <span class='ocrx_word' id='word_1_705' title='bbox 817 4891 1018 4964; x_wconf 77' lang='grc' dir='ltr'>ἀρετὴν</span> <span class='ocrx_word' id='word_1_706' title='bbox 1068 4892 1143 4953; x_wconf 83' lang='grc' dir='ltr'>ὡς</span> <span class='ocrx_word' id='word_1_707' title='bbox 1175 4889 1374 4952; x_wconf 86' lang='grc' dir='ltr'>κακίας</span> <span class='ocrx_word' id='word_1_708' title='bbox 1403 4889 1774 4960; x_wconf 82' lang='grc' dir='ltr'>ἀναιρετικὴν,</span> <span class='ocrx_word' id='word_1_709' title='bbox 1805 4891 1901 4943; x_wconf 74' lang='grc' dir='ltr'><strong>καὶ</strong></span> 
     </span>
    </p>
   </div>
   <div class='ocr_carea' id='block_1_97' title="bbox 1976 4889 3571 4968">
    <p class='ocr_par' dir='ltr' id='par_1_97' title="bbox 2002 4889 3571 4968">
     <span class='ocr_line' id='line_1_97' title="bbox 2002 4889 3571 4968; baseline -0.001 -23"><span class='ocrx_word' id='word_1_710' title='bbox 2002 4891 2134 4946; x_wconf 89' lang='lat' dir='ltr'><strong>tiam</strong></span> <span class='ocrx_word' id='word_1_711' title='bbox 2161 4899 2223 4944; x_wconf 90' lang='lat' dir='ltr'><strong>ut</strong></span> <span class='ocrx_word' id='word_1_712' title='bbox 2241 4889 2520 4945; x_wconf 80' lang='lat' dir='ltr'><strong>factricem</strong></span> <span class='ocrx_word' id='word_1_713' title='bbox 2543 4906 2644 4961; x_wconf 91' lang='lat' dir='ltr'><strong>per</strong></span> <span class='ocrx_word' id='word_1_714' title='bbox 2661 4900 2904 4946; x_wconf 89' lang='lat' dir='ltr'><strong>erectam</strong></span> <span class='ocrx_word' id='word_1_715' title='bbox 2925 4891 3148 4957; x_wconf 89' lang='lat' dir='ltr'><strong>lineam,</strong></span> <span class='ocrx_word' id='word_1_716' title='bbox 3171 4891 3571 4968; x_wconf 87' lang='lat' dir='ltr'><strong>providentiam</strong></span> 
     </span>
    </p>
   </div>
   <div class='ocr_carea' id='block_1_98' title="bbox 334 4978 1929 5052">
    <p class='ocr_par' dir='ltr' id='par_1_98' title="bbox 334 4978 1900 5052">
     <span class='ocr_line' id='line_1_98' title="bbox 334 4978 1900 5052; baseline 0.001 -20"><span class='ocrx_word' id='word_1_717' title='bbox 334 4978 435 5050; x_wconf 80' lang='grc' dir='ltr'>τῆς</span> <span class='ocrx_word' id='word_1_718' title='bbox 465 4981 576 5033; x_wconf 87' lang='grc' dir='ltr'><strong>τῶν</strong></span> <span class='ocrx_word' id='word_1_719' title='bbox 627 4980 1010 5052; x_wconf 73' lang='grc' dir='ltr'>πεποιημένων</span> <span class='ocrx_word' id='word_1_720' title='bbox 1057 4983 1152 5034; x_wconf 75' lang='grc' dir='ltr'><strong>καὶ</strong></span> <span class='ocrx_word' id='word_1_721' title='bbox 1208 4981 1724 5050; x_wconf 85' lang='grc' dir='ltr'>περιπεποιημένων</span> <span class='ocrx_word' id='word_1_722' title='bbox 1764 4981 1900 5046; x_wconf 58' lang='grc' dir='ltr'>πρὶς</span> 
     </span>
    </p>
   </div>
   <div class='ocr_carea' id='block_1_99' title="bbox 1976 4978 3571 5052">
    <p class='ocr_par' dir='ltr' id='par_1_99' title="bbox 2000 4978 3571 5050">
     <span class='ocr_line' id='line_1_99' title="bbox 2000 4978 3571 5050; baseline -0.001 -14"><span class='ocrx_word' id='word_1_723' title='bbox 2000 4987 2057 5036; x_wconf 90' lang='lat' dir='ltr'><strong>et</strong></span> <span class='ocrx_word' id='word_1_724' title='bbox 2075 4978 2445 5050; x_wconf 82' lang='lat' dir='ltr'><strong>cognitionem</strong></span> <span class='ocrx_word' id='word_1_725' title='bbox 2472 4987 2533 5033; x_wconf 92' lang='lat' dir='ltr'><strong>ut</strong></span> <span class='ocrx_word' id='word_1_726' title='bbox 2558 4979 3020 5034; x_wconf 86' lang='lat' dir='ltr'><strong>conservatricem</strong></span> <span class='ocrx_word' id='word_1_727' title='bbox 3046 4995 3145 5050; x_wconf 91' lang='lat' dir='ltr'><strong>per</strong></span> <span class='ocrx_word' id='word_1_728' title='bbox 3166 4979 3571 5049; x_wconf 88' lang='lat' dir='ltr'><strong>obliquitatem,</strong></span> 
     </span>
    </p>
   </div>
   <div class='ocr_carea' id='block_1_100' title="bbox 335 5068 1930 5142">
    <p class='ocr_par' dir='ltr' id='par_1_100' title="bbox 335 5069 1898 5142">
     <span class='ocr_line' id='line_1_100' title="bbox 335 5069 1898 5142; baseline 0.001 -20"><span class='ocrx_word' id='word_1_729' title='bbox 335 5069 434 5140; x_wconf 78' lang='grc' dir='ltr'>τὴν</span> <span class='ocrx_word' id='word_1_730' title='bbox 469 5070 604 5124; x_wconf 88' lang='grc' dir='ltr'>ίδίαν</span> <span class='ocrx_word' id='word_1_731' title='bbox 635 5072 809 5142; x_wconf 80' lang='grc' dir='ltr'>ἀρχὴν</span> <span class='ocrx_word' id='word_1_732' title='bbox 841 5071 933 5125; x_wconf 76' lang='grc' dir='ltr'>καὶ</span> <span class='ocrx_word' id='word_1_733' title='bbox 965 5071 1145 5126; x_wconf 73' lang='grc' dir='ltr'>αἰτίαν</span> <span class='ocrx_word' id='word_1_734' title='bbox 1165 5070 1480 5140; x_wconf 81' lang='grc' dir='ltr'>συνδετικὴν</span> <span class='ocrx_word' id='word_1_735' title='bbox 1509 5071 1597 5124; x_wconf 72' lang='grc' dir='ltr'><strong>διὰ</strong></span> <span class='ocrx_word' id='word_1_736' title='bbox 1627 5071 1722 5124; x_wconf 82' lang='grc' dir='ltr'><strong>τοῦ</strong></span> <span class='ocrx_word' id='word_1_737' title='bbox 1753 5071 1898 5124; x_wconf 85' lang='grc' dir='ltr'>ὅλου·</span> 
     </span>
    </p>
   </div>
   <div class='ocr_carea' id='block_1_101' title="bbox 1976 5068 3571 5142">
    <p class='ocr_par' dir='ltr' id='par_1_101' title="bbox 1995 5068 3571 5142">
     <span class='ocr_line' id='line_1_101' title="bbox 1995 5068 3571 5142; baseline 0 -18"><span class='ocrx_word' id='word_1_738' title='bbox 1995 5069 2268 5142; x_wconf 90' lang='lat' dir='ltr'><strong>judicium</strong></span> <span class='ocrx_word' id='word_1_739' title='bbox 2315 5068 2554 5140; x_wconf 88' lang='lat' dir='ltr'><strong>denique</strong></span> <span class='ocrx_word' id='word_1_740' title='bbox 2600 5079 2657 5124; x_wconf 91' lang='lat' dir='ltr'><strong>et</strong></span> <span class='ocrx_word' id='word_1_741' title='bbox 2681 5069 2942 5125; x_wconf 88' lang='lat' dir='ltr'><strong>virtutem</strong></span> <span class='ocrx_word' id='word_1_742' title='bbox 2976 5079 3038 5124; x_wconf 91' lang='lat' dir='ltr'><strong>ut</strong></span> <span class='ocrx_word' id='word_1_743' title='bbox 3069 5069 3355 5140; x_wconf 88' lang='lat' dir='ltr'><strong>pravitatis</strong></span> <span class='ocrx_word' id='word_1_744' title='bbox 3384 5077 3440 5123; x_wconf 90' lang='lat' dir='ltr'><strong>et</strong></span> <span class='ocrx_word' id='word_1_745' title='bbox 3472 5084 3571 5124; x_wconf 55' lang='lat' dir='ltr'><strong>nec</strong></span> 
     </span>
    </p>
   </div>
   <div class='ocr_carea' id='block_1_102' title="bbox 337 5159 1932 5233">
    <p class='ocr_par' dir='ltr' id='par_1_102' title="bbox 337 5160 1900 5233">
     <span class='ocr_line' id='line_1_102' title="bbox 337 5160 1900 5233; baseline 0.001 -19"><span class='ocrx_word' id='word_1_746' title='bbox 337 5161 477 5214; x_wconf 81' lang='grc' dir='ltr'>κατὰ</span> <span class='ocrx_word' id='word_1_747' title='bbox 503 5160 557 5214; x_wconf 77' lang='grc' dir='ltr'>δὲ</span> <span class='ocrx_word' id='word_1_748' title='bbox 585 5161 682 5232; x_wconf 80' lang='grc' dir='ltr'>τὴν</span> <span class='ocrx_word' id='word_1_749' title='bbox 711 5162 820 5215; x_wconf 86' lang='grc' dir='ltr'><strong>τῶν</strong></span> <span class='ocrx_word' id='word_1_750' title='bbox 856 5161 1036 5233; x_wconf 89' lang='grc' dir='ltr'>μερῶν</span> <span class='ocrx_word' id='word_1_751' title='bbox 1075 5161 1332 5231; x_wconf 74' lang='grc' dir='ltr'>ἰδιότητα,</span> <span class='ocrx_word' id='word_1_752' title='bbox 1371 5161 1500 5215; x_wconf 85' lang='grc' dir='ltr'>ὅταν</span> <span class='ocrx_word' id='word_1_753' title='bbox 1533 5161 1620 5215; x_wconf 74' lang='grc' dir='ltr'><strong>διὰ</strong></span> <span class='ocrx_word' id='word_1_754' title='bbox 1666 5161 1765 5230; x_wconf 82' lang='grc' dir='ltr'>μὲν</span> <span class='ocrx_word' id='word_1_755' title='bbox 1802 5162 1900 5232; x_wconf 75' lang='grc' dir='ltr'>τῆς</span> 
     </span>
    </p>
   </div>
   <div class='ocr_carea' id='block_1_103' title="bbox 1987 5159 3582 5233">
    <p class='ocr_par' dir='ltr' id='par_1_103' title="bbox 2000 5159 3582 5232">
     <span class='ocr_line' id='line_1_103' title="bbox 2000 5159 3582 5232; baseline -0.001 -16"><span class='ocrx_word' id='word_1_756' title='bbox 2000 5161 2190 5232; x_wconf 71' lang='lat' dir='ltr'><strong>quitiec</strong></span> <span class='ocrx_word' id='word_1_757' title='bbox 2229 5162 2702 5232; x_wconf 74' lang='lat' dir='ltr'><strong>expugnatricem,</strong></span> <span class='ocrx_word' id='word_1_758' title='bbox 2745 5176 2868 5232; x_wconf 65' lang='lat' dir='ltr'><strong>quae</strong></span> <span class='ocrx_word' id='word_1_759' title='bbox 2897 5177 2962 5217; x_wconf 88' lang='lat' dir='ltr'><strong>ea</strong></span> <span class='ocrx_word' id='word_1_760' title='bbox 3015 5175 3138 5232; x_wconf 58' lang='lat' dir='ltr'><strong>qua</strong></span> <span class='ocrx_word' id='word_1_761' title='bbox 3184 5159 3325 5216; x_wconf 83' lang='lat' dir='ltr'><strong>facta</strong></span> <span class='ocrx_word' id='word_1_762' title='bbox 3349 5167 3406 5215; x_wconf 91' lang='lat' dir='ltr'><strong>et</strong></span> <span class='ocrx_word' id='word_1_763' title='bbox 3435 5161 3582 5215; x_wconf 67' lang='lat' dir='ltr'><strong>con-&quot;</strong></span> 
     </span>
    </p>
   </div>
   <div class='ocr_carea' id='block_1_104' title="bbox 421 5308 672 5358">
    <p class='ocr_par' dir='ltr' id='par_1_104' title="bbox 421 5308 672 5358">
     <span class='ocr_line' id='line_1_104' title="bbox 421 5308 672 5358; baseline 0 -8"><span class='ocrx_word' id='word_1_764' title='bbox 421 5308 564 5350; x_wconf 67' lang='grc'><strong>³152.</strong></span> <span class='ocrx_word' id='word_1_765' title='bbox 597 5311 672 5358; x_wconf 71' lang='lat' dir='ltr'><strong>II,</strong></span> 
     </span>
    </p>
   </div>
   <div class='ocr_carea' id='block_1_105' title="bbox 461 5295 2266 5441">
    <p class='ocr_par' dir='ltr' id='par_1_105' title="bbox 461 5295 2266 5441">
     <span class='ocr_line' id='line_1_105' title="bbox 461 5295 735 5376; baseline 0 -26"><span class='ocrx_word' id='word_1_766' title='bbox 461 5295 564 5376; x_wconf 80' lang='lat' dir='ltr'><strong>lsa.</strong></span> <span class='ocrx_word' id='word_1_767' title='bbox 597 5311 672 5358; x_wconf 68' lang='grc' dir='ltr'>ιι,</span> <span class='ocrx_word' id='word_1_768' title='bbox 701 5295 735 5350; x_wconf 82' lang='grc'>6</span> 
     </span>
     <span class='ocr_line' id='line_1_106' title="bbox 1593 5383 2266 5441; baseline 0.001 -1"><span class='ocrx_word' id='word_1_769' title='bbox 1593 5383 1824 5440; x_wconf 68' lang='grc' dir='ltr'><strong>νΑῐὶὶᾹΞ</strong></span> <span class='ocrx_word' id='word_1_770' title='bbox 1864 5384 2266 5441; x_wconf 85' lang='lat' dir='ltr'><strong>LECTIONES.</strong></span> 
     </span>
    </p>
   </div>
   <div class='ocr_carea' id='block_1_106' title="bbox 419 5472 3571 5563">
    <p class='ocr_par' dir='ltr' id='par_1_106' title="bbox 419 5472 3571 5563">
     <span class='ocr_line' id='line_1_107' title="bbox 419 5472 3571 5563; baseline -0.002 -28"><span class='ocrx_word' id='word_1_771' title='bbox 419 5479 464 5563; x_wconf 63' lang='grc' dir='ltr'><strong>’ξ</strong></span> <span class='ocrx_word' id='word_1_772' title='bbox 495 5478 552 5536; x_wconf 91' lang='lat' dir='ltr'><strong>Si</strong></span> <span class='ocrx_word' id='word_1_773' title='bbox 585 5479 799 5535; x_wconf 69' lang='lat' dir='ltr'><strong>schedaa</strong></span> <span class='ocrx_word' id='word_1_774' title='bbox 826 5493 937 5533; x_wconf 87' lang='lat' dir='ltr'><strong>non</strong></span> <span class='ocrx_word' id='word_1_775' title='bbox 967 5475 1182 5542; x_wconf 78' lang='lat' dir='ltr'><strong>fallunt,</strong></span> <span class='ocrx_word' id='word_1_776' title='bbox 1205 5474 1327 5530; x_wconf 90' lang='lat' dir='ltr'><strong>cod.</strong></span> <span class='ocrx_word' id='word_1_777' title='bbox 1368 5473 1509 5530; x_wconf 91' lang='lat' dir='ltr'><strong>Gud.</strong></span> <span class='ocrx_word' id='word_1_778' title='bbox 1553 5474 1720 5530; x_wconf 88' lang='lat' dir='ltr'><strong>habet</strong></span> <span class='ocrx_word' id='word_1_779' title='bbox 1749 5475 1928 5529; x_wconf 80' lang='grc' dir='ltr'>αὐτῶν</span> <span class='ocrx_word' id='word_1_780' title='bbox 1955 5491 2056 5546; x_wconf 89' lang='lat' dir='ltr'><strong>pro</strong></span> <span class='ocrx_word' id='word_1_781' title='bbox 2091 5477 2276 5534; x_wconf 80' lang='grc' dir='ltr'>αὐτοῦ.</span> <span class='ocrx_word' id='word_1_782' title='bbox 2382 5480 2428 5513; x_wconf 81' lang='grc'><em>³⁹</em></span> <span class='ocrx_word' id='word_1_783' title='bbox 2460 5479 2742 5554; x_wconf 73' lang='lat' dir='ltr'><strong>Articqlus</strong></span> <span class='ocrx_word' id='word_1_784' title='bbox 2787 5479 3022 5535; x_wconf 80' lang='lat' dir='ltr'><strong>debetur</strong></span> <span class='ocrx_word' id='word_1_785' title='bbox 3072 5474 3328 5534; x_wconf 89' lang='lat' dir='ltr'><strong>secundis</strong></span> <span class='ocrx_word' id='word_1_786' title='bbox 3358 5472 3571 5532; x_wconf 84' lang='lat' dir='ltr'><strong>librarii</strong></span> 
     </span>
    </p>
   </div>
   <div class='ocr_carea' id='block_1_107' title="bbox 341 5565 510 5608">
    <p class='ocr_par' dir='ltr' id='par_1_107' title="bbox 341 5565 510 5608">
     <span class='ocr_line' id='line_1_108' title="bbox 341 5565 510 5608; baseline -0.024 0"><span class='ocrx_word' id='word_1_787' title='bbox 341 5565 510 5608; x_wconf 80' lang='lat' dir='ltr'><strong>curis.</strong></span> 
     </span>
    </p>
   </div>
   <div class='ocr_carea' id='block_1_108' title="bbox 412 5624 2084 5734">
    <p class='ocr_par' dir='ltr' id='par_1_108' title="bbox 412 5624 2084 5734">
     <span class='ocr_line' id='line_1_109' title="bbox 412 5624 2084 5734; baseline -0.003 -17"><span class='ocrx_word' id='word_1_788' title='bbox 412 5663 520 5734; x_wconf 60' lang='grc' dir='ltr'><strong>βο)</strong></span> <span class='ocrx_word' id='word_1_789' title='bbox 549 5624 850 5718; x_wconf 59' lang='grc' dir='ltr'><strong>ἰάοηίίὸέά.</strong></span> <span class='ocrx_word' id='word_1_790' title='bbox 889 5674 1009 5731; x_wconf 88' lang='lat' dir='ltr'><strong>cap.</strong></span> <span class='ocrx_word' id='word_1_791' title='bbox 1049 5661 1105 5727; x_wconf 77' lang='grc'>2,</span> <span class='ocrx_word' id='word_1_792' title='bbox 1135 5675 1190 5729; x_wconf 90' lang='lat' dir='ltr'><strong>p.</strong></span> <span class='ocrx_word' id='word_1_793' title='bbox 1223 5659 1346 5723; x_wconf 82' lang='grc'><strong>664,</strong></span> <span class='ocrx_word' id='word_1_794' title='bbox 1379 5665 1510 5715; x_wconf 91' lang='lat' dir='ltr'><strong>tom.</strong></span> <span class='ocrx_word' id='word_1_795' title='bbox 1543 5657 1722 5728; x_wconf 88' lang='lat' dir='ltr'><strong>lOpp.</strong></span> <span class='ocrx_word' id='word_1_796' title='bbox 1755 5656 1844 5713; x_wconf 87' lang='lat' dir='ltr'><strong>ed.</strong></span> <span class='ocrx_word' id='word_1_797' title='bbox 1877 5656 2084 5714; x_wconf 88' lang='lat' dir='ltr'><strong>Bened.</strong></span> 
     </span>
    </p>
   </div>
  </div>
