4038 6146
509 272 646 339 19.33
714 322 719 327 ρ

1702 275 1761 333 s.
1800 273 2084 333 MAXIMI
2126 246 2634 335 conresSoms

3683 272 3819 341 128i

498 405 715 451 servata
742 406 871 451 sunt
896 396 962 451 ad
998 397 1244 466 ipsorum
1270 395 1608 465 principium
1653 401 1819 463 atque
1854 407 2073 471 causam

2188 392 2464 460 ὃψιτενοῦς
2492 395 2758 466 γραμμῆς
2792 397 2882 449 τὸν
2912 398 2997 451 ἀεὶ
3022 398 3295 461 ὡσαύτως
3332 398 3551 469 ἔχοντα
3587 399 3687 449 καὶ
3714 396 3814 459 τῖς

497 490 787 559 astringat,
822 505 921 559 per
950 498 1162 555 totum;
1196 488 1502 544 secundum
1536 487 1776 559 partium
1823 486 2077 557 proprie-

500 588 689 644 tatem,
725 595 850 634 cum
876 597 976 650 per
1000 591 1240 636 erectam
1265 581 1492 651 quidem
1524 581 1726 634 lineam
1758 580 1952 641 Deum,
1982 577 2077 647 qui

496 688 716 743 semper
741 675 849 729 sibi
872 683 1088 730 constat
1119 675 1451 745 propriaque
1485 673 1767 729 soliditate
1794 686 2075 739 nunquam

494 765 723 830 excidit,
756 775 985 836 propter
1017 768 1271 821 stabilem
1306 776 1362 822 et
1393 764 1798 820 immutabilem
1838 764 2079 817 colloca-

498 856 731 923 tionem,
779 854 883 928 per'
916 859 1306 928 obliquitatem
1357 874 1491 912 vero
1544 867 1715 911 totam
1750 857 1846 911 Dei
1885 855 2079 911 condi-

498 950 702 1005 tionem
726 952 933 1021 ubiqae
964 967 1288 1021 suspensam
1313 966 1447 1005 crux
1479 950 1773 1021 signiﬁcat,
1822 964 1943 1018 quae
1970 948 2075 1002 alia

493 1043 832 1097 exsistentite
854 1043 1125 1113 principia
1149 1053 1244 1098 aut
1279 1044 1699 1097 fundamentum
1724 1053 1880 1095 extra
1903 1041 2075 1094 Deum

497 1148 604 1187 non
671 1133 872 1194 habet:
929 1134 1237 1189 secundum
1297 1136 1568 1189 actionem
1628 1133 1890 1204 denique,
1950 1147 2075 1186 cum

494 1239 685 1279 eorum
732 1226 825 1295 qui
869 1226 1019 1281 cruci
1045 1225 1223 1281 sufﬁxi
1250 1235 1382 1281 sunt
1415 1225 1817 1280 inaetivitatem
1844 1232 1899 1279 et
1931 1238 2077 1276 mor-

494 1316 852 1372 tiﬁcationem
893 1317 1160 1383 denotat;
1210 1334 1321 1387 quo
1364 1316 1850 1387 contemplationis
1887 1315 2072 1380 modo,

495 1408 575 1461 uti
620 1409 753 1462 mihi
796 1409 1039 1473 videtur,
1066 1410 1354 1478 propheta:
1378 1424 1530 1464 nunc
1567 1409 1781 1462 dictum
1814 1409 2076 1477 magister

492 1498 733 1567 excepit.
762 1497 1235 1564 Quemadmodum
1272 1499 1437 1570 igitur
1464 1499 1899 1569 uniuscujusque
1924 1498 2072 1566 prin-

494 1589 712 1659 cipatus
760 1591 1044 1655 (convenit
1108 1592 1253 1645 enim
1301 1591 1370 1645 de
1407 1591 1613 1645 nostris
1657 1590 1826 1644 rebus
1885 1596 2075 1658 petere

492 1682 745 1750 exempla
781 1681 983 1748 quibus
1017 1682 1307 1736 veritatem
1338 1697 1524 1734 rerum
1556 1695 1920 1751 superbarum
1950 1694 2078 1748 pro-

491 1771 711 1841 bemus)
740 1772 990 1841 quaedam
1030 1781 1161 1826 sunt
1196 1773 1431 1842 insignia
1456 1773 1659 1841 quibus
1678 1772 1774 1840 qui
1798 1769 2077 1838 accipiunt

492 1863 751 1917 omnibus
780 1871 1080 1918 noscantur
1102 1863 1249 1933 quod
1282 1864 1423 1918 alter
1444 1864 1668 1933 quidem
1687 1879 1835 1918 nunc
1857 1863 1925 1917 ab
1948 1877 2075 1932 rege

493 1964 677 2010 teneat
725 1956 1131 2025 magistratum,
1180 1956 1260 2011 uti
1312 1957 1531 2025 praesidi
1582 1965 1711 2010 sunt
1757 1970 1898 2025 quos
1933 1953 2074 2009 dici—

489 2062 615 2101 mus
653 2046 914 2111 codicilli,
946 2048 1086 2101 alter
1122 2063 1253 2102 vero
1283 2048 1456 2114 illum,
1485 2048 1563 2102 uti
1614 2048 1875 2112 duciano,
1908 2061 2073 2117 quem
2112 2109 2122 2116 .

489 2139 748 2203 dicimus,
799 2140 1013 2210 gladius
1062 2140 1277 2211 insigne
1322 2149 1428 2205 est,
1458 2147 1624 2209 atque
1656 2140 1780 2194 aliis
1811 2139 1916 2193 alia
1945 2145 2075 2193 sunt

488 2232 746 2302 insignia,
788 2249 911 2302 qua:
945 2232 1047 2302 ipsi
1100 2233 1171 2287 ab
1221 2248 1346 2303 rege
1393 2232 1674 2302 accipiunt
1720 2230 2074 2300 propriisque

487 2321 746 2375 manibus
774 2321 1093 2391 praeferunt,
1123 2337 1249 2376 cum
1277 2332 1462 2376 autem
1494 2322 1661 2376 domo
1686 2320 2071 2391 egrediuntur,

486 2415 810 2470 domesticis
841 2414 1070 2469 tradunt
1098 2414 1367 2486 portanda
1396 2414 1660 2478 servitiis,
1701 2413 1756 2466 in
1781 2412 1930 2468 hunc
1952 2427 2074 2467 mo-

485 2508 617 2573 dum
656 2508 823 2563 etiam
857 2507 1124 2562 Dominus
1151 2516 1341 2561 noster
1384 2506 1547 2562 Jesus
1582 2505 1840 2562 Christus
1879 2504 2074 2557 buma-

484 2600 677 2654 nitatis
700 2607 953 2669 respectu
976 2598 1188 2670 preprii
1216 2598 1374 2669 regni
1395 2596 1647 2669 symbola
1669 2612 1893 2651 crucem
1917 2604 2099 2650 suam-

485 2689 699 2759 aceepit
728 2697 784 2744 et
830 2705 1088 2760 egressus
1131 2690 1185 2743 in
1222 2690 1476 2743 humeris
1499 2688 1765 2758 portavit,
1806 2688 2073 2757 primum-

485 2795 594 2851 que
653 2780 769 2849 ipse
809 2779 1097 2850 bajulavit,
1150 2779 1351 2833 deinde
1396 2779 1558 2833 alteri
1622 2778 1796 2843 dedit,
1854 2778 1956 2831 hac
2013 2791 2072 2830 re

484 2873 805 2945 signiﬁcans
860 2889 986 2927 eum
1038 2873 1126 2928 cui
1180 2872 1476 2941 imperium
1540 2872 1837 2926 mandetur
1870 2871 2071 2926 debere

483 2966 727 3036 primum
770 2966 967 3034 praeire
994 2968 1076 3019 eis
1098 2964 1194 3034 qui
1228 2980 1295 3019 eo
1323 2965 1564 3034 imperio
1591 2963 1870 3019 ducantur
1896 2973 2064 3033 atque

486 3056 633 3112 tueri
680 3072 778 3111 eos
808 3056 903 3126 qui
951 3056 1031 3110 illi
1070 3056 1409 3111 addicuntur
1444 3055 1543 3128 (ita
1573 3057 1724 3111 enim
1749 3056 1919 3126 jussis
1954 3057 2073 3127 ejus

484 3156 540 3204 et
563 3148 1054 3204 adhortationibus
1082 3149 1345 3204 lubenter
1372 3147 1694 3220 parebunt),
1718 3165 1783 3203 ae
1813 3149 2077 3218 deinceps

486 3258 585 3297 eos
632 3240 729 3312 qui
778 3240 885 3295 sibi
948 3240 1193 3295 mandati
1257 3249 1390 3294 sunt
1438 3240 1585 3294 idem
1621 3240 1803 3295 facere
1854 3239 2073 3309 jubere.

485 3331 644 3400 Quod
668 3332 713 3387 si
736 3332 953 3387 Domini
982 3333 1159 3387 nostri
1189 3333 1320 3389 Jesu
1352 3332 1559 3387 Christi
1610 3332 1824 3403 insigne
1857 3332 2075 3402 imperii

484 3442 621 3480 crux
646 3433 753 3491 est,
781 3439 944 3495 quam
991 3426 1047 3479 in
1082 3424 1331 3479 humeris
1361 3424 1652 3495 bajulavit,
1684 3424 1828 3479 seire
1857 3432 2077 3494 oportet

483 3517 616 3587 quid
646 3533 744 3586 per
770 3531 867 3571 eos
896 3515 1238 3583 signiﬁcasse
1268 3516 1501 3585 cupiens
1546 3526 1657 3569 tam
1700 3518 1929 3586 mystice
1960 3516 2077 3570 haec

485 3605 827 3676 disposuerit
876 3614 1042 3675 atque
1092 3605 1445 3660 sustinuerit.
1502 3604 1890 3676 Symbolorum
1919 3606 2074 3675 gnari

484 3698 777 3753 humerum
798 3697 992 3751 dicunt
1008 3699 1246 3752 actionis
1270 3714 1391 3754 esse
1410 3698 1828 3764 documentum,
1856 3713 2075 3753 crucem

483 3807 618 3846 vero
643 3790 1130 3860 impassibilitatis,
1157 3801 1347 3862 utpote
1380 3791 1806 3847 mortiﬁcatione
1833 3790 2074 3845 afﬁcien-

486 3891 619 3936 tem.
666 3880 763 3936 llis
806 3880 978 3951 igitur
1012 3881 1323 3952 aanigmatis
1363 3883 1633 3937 Dominus
1679 3890 1873 3936 noster
1910 3893 2075 3951 atque

486 3974 670 4037 Deus,
720 3979 956 4042 utraque
994 3982 1292 4028 exsecutus
1344 3990 1581 4043 quorum
1628 3982 1758 4030 sunt
1785 3975 2076 4044 aenigmata

488 4064 766 4135 (actionis,
792 4063 1038 4133 inquam,
1060 4073 1113 4119 et
1134 4064 1645 4138 impassibilitatis).
1672 4082 1738 4120 ne
1766 4067 1911 4121 actio
1938 4083 2074 4121 vana

486 4155 665 4226 gloria
706 4154 1083 4226 perimeretur
1112 4170 1207 4210 eas
1242 4154 1514 4211 indicavit
1551 4157 1790 4211 virtutes
1817 4174 1918 4227 per
1939 4174 2077 4228 quas

490 4262 722 4302 munere
764 4262 867 4302 suo
910 4246 1236 4316 perfunctus
1269 4247 1342 4302 sit
1364 4263 1467 4317 pro
1495 4248 1579 4302 eis
1600 4248 1693 4317 qui
1724 4249 1779 4302 in
1807 4248 2076 4319 obsequio

486 4338 594 4394 sibi
632 4354 697 4393 ac
741 4337 849 4393 fide
882 4337 1139 4402 haberet,
1188 4338 1305 4394 fere
1346 4340 1496 4393 clara
1541 4338 1854 4395 vociferans
1896 4346 2069 4396 voce:

2180 487 2389 550 οἰκείας
2430 489 2794 559 μονιμότητος
2837 489 3087 559 οὐδαμῶς
3128 492 3520 560 ἐξιστάμενον
3574 490 3674 542 διὰ
3710 489 3811 558 τὴν

2184 578 2461 649 σταθηράν
2490 580 2581 632 καὶ
2612 580 3010 652 ἀμετακίνητον
3041 582 3254 653 ἵδρυσιν
3287 583 3441 635 Θεὸν
3482 583 3515 634 6
3564 582 3811 650 σταυρδς

2180 668 2351 739 δηλοῖ.
2385 671 2473 723 διὰ
2497 671 2555 723 δὲ
2585 670 2685 741 τῆς
2712 674 3011 742 ἐγκαρσίας
3040 674 3139 744 τὴν
3167 674 3406 728 ἃπασαν
3442 673 3640 727 κτίσιν
3667 671 3807 724 Θεοῦ

2183 764 2463 825 παντελῶς
2502 766 2821 835 ἠρτημένην
2869 767 3167 837 ὑποφαίνῃ,
3222 768 3400 831 ἄλλας
3457 766 3655 837 ἀρχὰς
3708 765 3806 818 τοῦ

2180 850 2321 908 εἶναι
2362 854 2499 907 Θεοῦ
2540 857 2709 926 χωρὶς
2744 857 2776 927 ἢ
2810 857 2968 925 βάσιν
2997 860 3094 911 οὐκ
3127 859 3369 928 ἔχουσαν
3408 875 3423 889 ·
3472 858 3613 911 κατ’
3643 858 3806 926 ἐνέρ-

2179 964 2332 1014 γειαν
2373 948 2451 1014 δέ,
2507 950 2636 1002 ὅταν
2708 949 2817 1002 τῶν
2879 951 2971 1004 ὑπ’
3034 951 3181 1020 αὐτῷ
3249 953 3645 1023 πηγνυμένων
3688 952 3806 1023 ’τὴν

2178 1038 2452 1109 ἀπραξίαν
2505 1039 2656 1109 δηλοί
2686 1041 2779 1094 καὶ
2808 1041 2902 1112 τὴν
2942 1042 3232 1114 νέκρωσιν,
3270 1046 3404 1098 καθ’
3443 1048 3649 1100 ὅντινα
3675 1047 3805 1117 τρό-

2181 1150 2279 1186 πον
2311 1133 2545 1203 Θεωρίας
2578 1134 2695 1194 νῦν,
2725 1134 2799 1197 ὡς
2842 1132 3016 1205 οἶμαι,
3052 1139 3143 1190 τὸν
3175 1139 3531 1208 προφητικὸν
3579 1143 3613 1193 6
3648 1140 3776 1193 διδά

2183 1225 2379 1288 σκαλος
2411 1225 2664 1296 ἐξείληφε
2696 1226 2877 1295 λόγον,
2922 1228 3134 1299 Ὠσπερ
3170 1226 3263 1283 οὖν
3308 1231 3567 1300 ἑκάστης
3610 1232 3799 1302 ἀρχῆς

2181 1317 2367 1387 (καλὸν
2399 1318 2510 1389 γὰρ
2545 1321 2657 1381 τοῖς
2700 1319 2822 1372 καθ’
2861 1320 3008 1389 ἡμᾶς
3036 1321 3455 1391 παραδείγμασι
3487 1323 3613 1374 τῶν
3646 1323 3801 1392 ὑπὲρ

2179 1410 2328 1478 ἡμᾶς
2380 1410 2724 1480 πραγμάτων
2782 1410 3124 1476 ἐνδείξασθαι
3167 1412 3265 1483 τὴν
3311 1412 3615 1483 ἀλήθειαν)
3684 1416 3802 1466 εἰσὶ

2180 1499 2471 1567 σήμαντρά
2498 1516 2616 1551 τινα
2656 1497 2724 1551 δι’
2757 1492 2832 1551 ὧν
2870 1502 2920 1551 οι
2951 1499 3323 1579 λαμϐάνοντες
3372 1502 3607 1573 ἔκδηλοι
3652 1508 3801 1557 πᾶσι

2178 1590 2419 1658 γίνονται
2463 1591 2541 1644 ὅτι
2575 1593 2602 1643 6
2636 1592 2734 1659 μὲν
2763 1591 2923 1662 τήνδε
2973 1592 3148 1663 ἀρχὴν
3175 1597 3327 1666 παρά
3357 1595 3457 1649 τοῦ
3502 1595 3801 1663 βασιλέως

2179 1683 2422 1751 εἴληφεν,
2450 1677 2561 1735 οἷον
2592 1682 2621 1733 6
2651 1681 2834 1752 ἄρχων
2856 1685 2981 1746 τοὺς
3003 1684 3325 1754 λεγομένους
3356 1685 3545 1758 (213
3580 1689 3647 1754 η)
3680 1700 3804 1742 xei—

2184 1773 2475 1838 δικίλλους,
2523 1776 2551 1827 6
2576 1774 2751 1829 δέιδιά
2777 1775 2870 1829 τοῦ
2915 1776 3105 1845 ξίφους
3124 1777 3226 1847 τὴν
3250 1777 3557 1849 λεγομένην
3585 1779 3795 1835 δοκια-

2184 1867 2279 1937 νὴν
2298 1867 2366 1933 ⁸ο,
2393 1868 2487 1921 καὶ
2514 1868 2671 1931 ἄλλος
2693 1868 2859 1940 ἄλλην
2880 1870 2969 1924 διά
3000 1887 3145 1934 τινος
3169 1871 3357 1942 ἐτέρου
3390 1871 3562 1942 συνθή
3577 1890 3794 1943 ματος,

2186 1960 2280 2013 καὶ
2317 1960 2470 2029 παρά
2511 1960 2610 2031 μὲν
2632 1960 2724 2012 τοῦ
2759 1960 3026 2030 βασιλέως
3067 1962 3221 2015 αὐτοὶ
3252 1962 3502 2032 δέχονται
3537 1964 3645 2017 καὶ
3686 1966 3795 2033 φέ-

2187 2065 2340 2120 ρουσι
2380 2048 2539 2101 τοῦτο
2574 2051 2697 2111 ταῖς
2746 2048 2904 2113 ἰδίαις
2939 2051 3151 2121 χερσὶν,
3197 2051 3508 2116 ἐξελθόντες
3555 2054 3621 2106 δὲ
3658 2058 3789 2119 τοῖς·

2180 2137 2404 2200 οἰκείοις
2418 2137 2621 2191 διδόασι
2636 2138 2797 2191 τοῦτο
2813 2138 3079 2208 κομίζειν,
3109 2140 3299 2194 τοῦτον
3324 2140 3417 2194 τὸν
3432 2143 3647 2213 τρόπον
3680 2145 3788 2198 καὶ

2181 2227 2210 2278 6
2241 2224 2518 2295 Δεσπότης
2546 2226 2705 2296 ἡμῶν
2747 2228 2956 2297 Ἰησοῦς
2978 2230 3285 2301 ὀθΧριστδς
3318 2233 3458 2286 κατὰ
3504 2235 3611 2307 τὴν
3657 2238 3788 2288 ἐπί-

2183 2336 2333 2372 νοιαν
2359 2319 2460 2388 τῆς
2491 2317 2912 2389 ἀνθρωπότητος
2934 2318 3003 2372 τὰ
3031 2320 3277 2391 σύμϐολα
3288 2323 3397 2391 ,τῆς
3425 2324 3565 2389 ἰδίας
3590 2328 3787 2397 ἀρχῆς

2180 2412 2271 2464 τὸν
2300 2410 2466 2464 αὑτοῦ
2506 2412 2737 2483 σταυρὸν
2770 2412 3061 2483 δεξάμενος
3085 2415 3176 2467 ἐπὶ
3202 2415 3517 2486 τῶνεῶμων
3540 2417 3784 2486 ἐξῆλθεν

2187 2503 2348 2573 ἔχων,
2381 2503 2596 2574 πρῶτος
2625 2505 2787 2569 αὐτὸς
2815 2505 3116 2576 βαστάσας,
3153 2504 3345 2559 ἔπειτα
3366 2507 3559 2562 τοῦτον
3590 2511 3778 2582 ἑτέρῳ

2179 2596 2327 2660 δοὺς,
2362 2596 2450 2648 διὰ
2485 2596 2691 2650 τούτων
2721 2598 3009 2668 ἐμφαίνων
3034 2598 3118 2651 ὃτι
3149 2597 3233 2652 δεῖ
3260 2598 3352 2651 τὸν
3381 2599 3560 2669 ἀρχὴν
3590 2602 3782 2671 ἐγχει-

2183 2687 2471 2758 ριζόμενον
2492 2686 2709 2757 πρῶτον
2739 2687 3100 2759 καθηγεῖσθαι
3136 2687 3247 2741 τῶν
3273 2687 3341 2741 δι’
3374 2688 3549 2758 αὐτῆς
3570 2692 3782 2761 ἀγομέ·

2181 2796 2286 2833 νων
2312 2780 2408 2833 καὶ
2431 2779 2753 2849 ἀντέχεσθαι
2782 2779 2891 2833 τῶν
2923 2780 3015 2833 ὑπ’
3038 2779 3210 2848 αὐτῆς
3233 2779 3784 2851 ὑπαγορευομένωνδι

2182 2872 2349 2939 (οὕτω
2382 2871 2491 2943 γὰρ
2518 2871 2585 2925 ἂν
2622 2872 3030 2942 ᾤπαράδεκτος
3068 2873 3127 2925 ἐν
3162 2872 3284 2935 ταῖς
3325 2872 3634 2943 ὑποθήκαις
3681 2891 3775 2941 τε·

2178 2964 2449 3035 νήσηται),
2477 2965 2571 3016 καὶ
2609 2964 2731 3016 τότε
2781 2964 3148 3035 προστάσσειν
3187 2967 3300 3026 τοῖς
3343 2965 3778 3036 ἐγχειρισθεῖσιν

2101 3080 2145 3138 c
2182 3056 2329 3125 αὐτῴ
2355 3055 2456 3125 τὴν
2488 3055 2799 3123 ταυτότητι).
2824 3054 2980 3125 δρᾷν.
3015 3056 3079 3107 Ei
3116 3054 3173 3107 δὲ
3216 3055 3279 3109 τὺ
3317 3057 3635 3126 σήμαπρον
3672 3060 3779 3127 τῆς

2177 3149 2271 3202 τοῦ
2336 3149 2544 3218 Κυρίου
2597 3147 2755 3217 ἡμῶν
2807 3146 2985 3217 Ἰησοῦ
3040 3146 3283 3216 Χριστοῦ
3324 3148 3503 3217 ἀρχῆς
3544 3140 3697 3202 ἔστιν
3747 3152 3775 3202 6
3862 3139 3883 3147 ’

2181 3241 2433 3310 σταυρὸς,
2468 3239 2526 3293 ὃν
2562 3240 2657 3292 ἐπὶ
2685 3239 2793 3292 τῶν
2834 3238 3000 3309 ὤμων
3036 3240 3221 3310 φέρων
3261 3239 3512 3311 ἐκόμισε,
3562 3241 3777 3309 γνῶναι

2179 3332 2426 3403 προσῆκε
2452 3330 2502 3384 τί
2533 3330 2620 3383 διὰ
2645 3329 2851 3382 τούτων
2874 3330 3117 3400 ἐμφῆναι
3136 3329 3469 3401 βουλόμενος
3488 3333 3775 3402 μυστικῶς

2177 3418 2322 3473 οὕτω
2367 3417 2543 3473 ταῦτα
2580 3417 2798 3488 διέθηκέ
2836 3435 2895 3470 τε
2934 3420 3029 3471 καὶ
3052 3419 3370 3489 ὑπέμεινεν.
3395 3422 3567 3475 Φασὶν
3587 3424 3639 3475 οἱ
3663 3424 3772 3475 τῶν

2182 3509 2471 3582 συμϐόλων
2492 3511 2861 3579 ἐπιστήμονες
2895 3508 2986 3562 τὸν
3015 3510 3113 3579 μὲν
3149 3502 3301 3578 ὦμον
3337 3509 3593 3581 πράξεως
3633 3508 3772 3565 εἶναι

2177 3608 2499 3675 τεκμήριον,
2527 3605 2620 3658 τὸν
2654 3604 2712 3656 δὲ
2752 3605 2985 3675 σταυρὸν
3015 3604 3310 3668 ἀπαθείας,
3355 3599 3450 3659 οἷα
3501 3608 3771 3676 νέκρωσιν
3859 3603 3865 3613 ’

2179 3696 2532 3766 ἐμποιοῦντα.
2564 3695 2663 3749 Διά
2702 3696 2909 3749 τούτων
2934 3691 3027 3749 οὖν
3058 3695 3168 3749 τῶν
3216 3698 3563 3767 αἰνιγμάτων
3602 3700 3631 3750 6
3660 3699 3772 3751 Κύ-

2182 3806 2298 3860 ριος
2339 3788 2502 3858 ἡμῶν
2537 3788 2630 3841 καὶ
2673 3786 2827 3855 Θεὸς,
2879 3788 3169 3859 ἀμφότερα
3207 3787 3503 3855 διεξελθὼν
3539 3789 3650 3842 τῶν
3694 3783 3771 3843 ὧν

2177 3882 2286 3932 εἰσι
2342 3878 2411 3931 τὰ
2470 3879 2770 3950 αἰνίγματα
2812 3878 3089 3952 (πράξεώς
3127 3879 3187 3933 τέ
3232 3898 3379 3951 φημι
3426 3882 3526 3935 καὶ
3559 3882 3768 3944 τελείας

2179 3970 2496 4037 ἀπαθείας),
2531 3975 2675 4023 ὥστε
2713 3972 2787 4040 μὴ
2821 3969 3307 4043 παραφθείρεσθαι
3341 3972 3438 4026 διὰ
3464 3974 3770 4040 κενοδοξίας

2176 4059 2277 4131 τὴν
2302 4059 2525 4130 πρᾶξιν,
2557 4059 2727 4125 ἔδειξε
2771 4061 2838 4113 δι’
2873 4054 2948 4114 ὧν
2986 4062 3149 4125 αὐτὸς
3204 4063 3619 4133 κατεπράξατο,
3659 4067 3769 4127 τοίς

2178 4152 2462 4223 ὑπηκόοις,
2511 4155 2800 4224 μονονουχὶ
2840 4154 3183 4226 διαπρυσίως
3228 4156 3372 4226 βοῶν
3398 4159 3507 4225 δτι,
3545 4177 3565 4210 ι
3602 4157 3766 4211 Τοῦτο

2180 4246 2453 4315 σύμϐολον
2485 4246 2720 4316 ὑπάρχει
2741 4244 2842 4315 τῆς
2864 4247 3039 4318 ἀρχῆς
3080 4265 3185 4317 μου
3226 4265 3237 4277 ·
3273 4267 3291 4300 ι
3348 4252 3462 4314 πᾶς
3497 4248 3592 4305 οὖν
3622 4253 3766 4313 ὅστις

2178 4334 2239 4399 ἐξ
2261 4334 2417 4405 ὑμῶν
2451 4334 2863 4405 ἐπιθυμητικῶς
2893 4336 3007 4406 ἔχει
3039 4336 3177 4408 πρὸς
3199 4338 3414 4410 ταύτην
3436 4341 3540 4411 τὴν
3575 4340 3761 4411 ἀρχὴν,

485 4430 604 4485 Hoc
642 4429 953 4502 symbolum
1000 4429 1112 4484 mei
1144 4429 1362 4499 imperii
1394 4438 1479 4486 est
1510 4448 1522 4483 :
1552 4431 1871 4501 quicunque
1901 4432 2070 4502 igitur

2180 4425 2634 4495 ἀπαρνησάσθω
2679 4427 2922 4492 ἑαυτὸν,
2966 4427 3066 4482 καὶ
3114 4427 3317 4497 ἀράτω
3365 4430 3475 4483 τὸν
3504 4433 3765 4499 σταυρὸν

486 4521 556 4576 de
572 4521 733 4576 vobis
763 4521 943 4591 diligit
968 4521 1076 4575 hoc
1099 4520 1419 4595 imperium,
1460 4523 1504 4576 is
1535 4538 1591 4577 se
1624 4523 1800 4593 ipsum
1828 4523 2067 4596 abneget,

487 4623 537 4667 et
570 4612 726 4667 tollat
760 4630 967 4667 crucem
1011 4630 1165 4667 suam
1211 4623 1262 4667 et
1303 4631 1385 4668 me
1432 4622 1688 4684 sequatur
1733 4623 1783 4679 7,
1828 4615 1935 4670 hoc
1988 4625 2072 4671 est

487 4706 761 4760 actionem
806 4705 1125 4775 passionum
1165 4704 1616 4771 interfectricem,
1649 4707 1980 4775 probitatem
2016 4716 2073 4761 ct

488 4797 734 4851 animum
798 4796 1093 4851 honestum
1138 4804 1190 4851 et
1229 4796 1298 4851 ab
1345 4797 1494 4851 omni
1536 4797 1748 4852 invidia
1785 4800 2067 4853 liberum:

489 4888 694 4956 quibus
731 4887 923 4942 verbis
980 4887 1252 4958 signiﬁcat
1304 4903 1362 4942 se
1415 4904 1611 4944 omnes
1657 4890 1763 4945 sibi
1814 4890 2073 4946 similiter

490 4994 694 5051 capere
728 4980 836 5036 hoc
878 4979 1110 5049 imperio
1137 4980 1443 5052 impertire.
1488 4981 1646 5047 Quod
1683 4983 1856 5048 enim,
1895 4982 2071 5037 «Cum

492 5085 660 5138 cruce
702 5071 1047 5137 eontollitur,
1085 5090 1103 5123 ι
1147 5071 1284 5126 dicit
1330 5072 1616 5142 magister,
1656 5089 1727 5128 eo
1769 5075 1877 5130 hoc
1910 5075 2077 5129 nobis

493 5160 695 5218 docere
748 5163 992 5225 videtur,
1027 5162 1174 5231 quod
1204 5178 1329 5217 cum
1364 5164 1622 5219 rationali
1663 5166 1950 5222 hominum
1974 5184 2075 5222 na-

494 5258 619 5306 tura
665 5269 766 5323 per
800 5254 1074 5308 actionem
1122 5262 1180 5308 et
1230 5271 1350 5323 qua:
1402 5256 1454 5310 ei
1501 5259 1798 5329 conjuncta
1836 5267 1922 5315 est
1975 5258 2081 5313 im-

561 5387 594 5431 !
622 5383 814 5440 Matth.
849 5401 958 5447 xw,
989 5386 1077 5439 24.

2179 4516 2390 4581 αὐτοῦ,
2413 4515 2512 4570 καὶ
2538 4517 2942 4573 ἀκολουθείτω
2961 4535 3085 4587 μοι,
3113 4520 3395 4575 τουτέστιν
3424 4521 3524 4593 τὴν
3562 4540 3761 4595 νεκρω-

2177 4611 2340 4677 τικὴν
2383 4607 2498 4660 τῶν
2522 4608 2716 4662 παθῶν
2761 4607 2980 4679 πρᾶξιν,
3016 4608 3116 4680 τὴν
3146 4611 3470 4683 ἀγαθότητα
3497 4617 3593 4668 καὶ
3626 4614 3670 4646 ⁸³
3707 4615 3762 4667 τὸ

2178 4699 2280 4767 τῆς
2306 4699 2571 4768 ἀφθονίας
2599 4699 2787 4764 καλὸν,
2821 4700 2910 4753 διὰ
2938 4700 3145 4756 τούτων
3190 4704 3482 4774 ἐμφαίνων
3525 4706 3607 4760 ὅτι
3655 4705 3762 4775 γλί·

2180 4808 2332 4863 χεται
2363 4790 2573 4853 πάντας
2599 4791 2803 4860 ὁμοίως
2831 4790 3011 4862 ἐαυτῷ
3036 4793 3246 4865 ταύτην
3285 4797 3762 4867 μεταχειρίζεσθαι

2177 4886 2277 4956 τὴν
2308 4885 2504 4955 ἀρχὴν.
2542 4883 2615 4935 Τὸ
2645 4883 2756 4954 γάρ
2795 4886 2970 4937 εἰπεῖν
3011 4886 3103 4938 τὸν
3146 4885 3413 4958 θεοφόρον
3449 4890 3764 4945 διδάτσκαλον

2177 4979 2260 5032 ὅτι
2294 4996 2313 5030 ι
2349 4977 2441 5049 Τῷ
2465 4976 2687 5049 σταυρῷ
2709 4977 3121 5047 συνεπαίρεται,
3164 4998 3183 5031 ι
3233 4976 3393 5051 οἶμαι
3434 4981 3525 5036 διὰ
3567 4981 3766 5035 τούτων

2179 5069 2419 5141 ἔμφασιν
2455 5070 2587 5140 ἡμῖν
2621 5066 2830 5121 τοιάνδε
2857 5069 3139 5139 παρέχειν,
3164 5070 3249 5123 ὅτι
3279 5073 3380 5143 τῆς
3410 5072 3640 5142 λογικῆς
3670 5070 3765 5141 φύε

2183 5179 2325 5227 σεως
2349 5163 2456 5217 τῶν
2493 5161 2590 5216 ἀνθ
2601 5160 2800 5233 ρώπων
2832 5160 2922 5214 διὰ
2944 5162 3200 5231 πράξεως
3232 5164 3333 5216 καὶ
3354 5164 3457 5234 τῆς
3480 5167 3621 5237 αὐτῇ
3644 5180 3763 5217 συν-

2181 5256 2521 5328 εζευγμένης
2552 5253 2823 5318 ἀπαθείας
2859 5252 3177 5323 ὑψουμένης
3205 5255 3396 5327 (213
3443 5256 3497 5327 ὁ)
3542 5256 3702 5319 αὐτὸς
3738 5256 3765 5307 6

1797 5503 2035 5563 VARUE
2073 5502 2486 5559 LECTIONES.

564 5604 1154 5696 ﬁjglr-ACQdLTIprd‘.
1206 5616 1319 5696 ΥΠ,
1367 5618 1431 5696 4,·
1457 5618 1545 5677 50.
1585 5618 1658 5696 de
1690 5635 1842 5691 crog.
2047 5636 2265 5696 _annon.
2310 5620 2428 5686 XV,
2478 5623 2563 5687 ll,
2613 5627 2696 5696 2,_
2731 5623 2798 5696 de
2868 5629 3046 5696 venat.
3108 5622 3305 5696 feram,
3360 5627 3456 5695 XI,
3497 5631 3592 5696 25,
3629 5632 3681 5696 ι,
3708 5634 3765 5688 de

496 5676 764 5742 νυδαιίιη.
803 5680 955 5731 bI‘CV-
1034 5681 1076 5711 “
1110 5673 1360 5739 ForlasSe
1410 5673 1820 5756 ὗτεαγοι.ιένιι›ν.υ
1869 5673 2813 5763 ἰἶΕιιιίεηιίιιὶαηδεἐυ-μέΐεῖιίίρεῖι
2840 5673 3064 5747 κατ-ἀνίη
3501 5673 3592 5696 ’ν’
3631 5673 3681 5703 δ’
