4038 6146
304 339 455 406 1‘285

1534 330 2060 398 AMBIGUORUM
2095 335 2350 400 LIBER.

295 455 527 528 Χριστὸς
569 451 814 526 δηλονότι
857 445 1222 520 σεδνυψοῦσθαι
1249 445 1492 518 λέγεται,
1528 445 1858 514 τουτέστινή

1975 446 2406 514 passibilitatem
2458 449 2674 506 sublata
2705 450 2820 522 ipse
2854 445 3118 510 videlicet
3163 453 3415 513 Christus
3446 475 3556 516 una

294 557 354 606 ἐν
379 549 694 620 ἀνθρώποις
730 547 1082 619 Χριστοειδὴς
1121 544 1480 610 κατάστασις,
1517 541 1640 596 καθ’
1676 541 1869 613 εἱρμὸν

296 635 564 704 καὶτὰξιν
605 639 906 710 ὕψουμένη,
943 638 1031 691 διὰ
1063 637 1316 704 πράξεως
1349 635 1596 698 ἀποθοῦς
1625 635 1704 698 εἰς
1735 634 1870 686 θεω·⁹

302 733 420 802 ρίαν
464 731 563 800 τῆς
619 729 834 798 φύσεως
879 729 1189 806 γνωστικὴν
1239 728 1332 781 καὶ
1375 726 1484 779 ἀπὸ
1536 726 1740 795 ταύτης
1791 727 1871 788 εἰς

297 821 614 891 θεολογικὴν
650 818 1041 889 μυσταγωγίαν
1075 816 1392 888 κινουμένη.
1427 817 1604 886 Ὅπερ
1633 815 1870 886 μάλιστά

298 929 386 982 μοι
440 911 690 980 φαίνεται
738 909 912 980 δηλῶν
945 909 972 961 6
1029 909 1184 976 ἅγιος
1243 909 1640 978 Ἀρεοπαγίτης
1695 908 1869 976 μέγας

295 1001 573 1063 Διονύσιος
609 1001 667 1050 ὲν
710 997 791 1062 οἷς
829 1014 1014 1070 φησιν·
1077 1017 1094 1048 ι
1141 998 1284 1051 Ἀλλ’
1336 999 1568 1069 ἐπείπερ
1616 997 1869 1062 εὐταξίας

295 1090 442 1142 ἐστὶν
470 1091 614 1160 ἀρχὴ
647 1089 708 1140 τὸ
737 1088 877 1140 θεῖον
903 1089 1076 1158 ἱερᾶς,
1116 1089 1239 1142 καθ’
1278 1091 1345 1160 ἥν
1390 1090 1601 1142 ἑαυτῶν
1639 1089 1871 1158 ἐπιγνώ-

297 1196 454 1246 μονες
488 1180 536 1230 οί
580 1179 714 1247 ἱεροὶ
743 1177 984 1246 γίνονται
1014 1179 1154 1244 νόες,
1189 1177 1218 1229 ὁ
1251 1179 1386 1248 πρὸς
1427 1180 1488 1231 τὸ
1530 1181 1730 1232 οἰκεῖον
1770 1180 1869 1249 τῆς

292 1269 506 1337 φύσεως
544 1269 737 1339 ὁρατὸν
775 1269 1092 1340 ἀνατρέχων
1134 1271 1192 1322 ὲν
1239 1269 1380 1340 ἀρχῇ
1419 1271 1517 1339 μὲν
1539 1271 1686 1334 ὅστις
1735 1271 1866 1324 ποτέ

293 1364 438 1416 ἐστιν
484 1362 646 1426 αὐτὸς
691 1361 915 1432 ὄψεται,
974 1363 1070 1416 καὶ
1122 1362 1354 1433 λήψεται
1407 1363 1623 1434 πρῶτον
1664 1364 1727 1416 ἐκ
1769 1363 1866 1432 τῆς

290 1453 426 1523 πρὸς
451 1455 512 1508 τὸ
545 1455 664 1521 φῶς
696 1455 1036 1518 ἀνανεύσεως
1084 1455 1226 1526 ἱερὸν
1265 1455 1438 1524 δῶρον
1465 1471 1478 1484 ⁸
1534 1455 1564 1508 6
1599 1455 1655 1508 δὲ
1694 1455 1764 1509 τὰ
1797 1459 1870 1509 οἱ·

289 1547 411 1598 κεῖα
458 1543 638 1607 καλῶς
794 1545 1059 1599 ἀπαθέσιν
1106 1541 1406 1612 ὀφθαλμοῖς
1464 1543 1865 1614 ὲπισκοπήσας,

286 1629 397 1682 τῶν
429 1629 698 1697 ἁλαμπῶν
724 1631 823 1700 μὲν
845 1629 1206 1699 ἁποφοιτήσει
1243 1632 1340 1700 τῆς
1383 1630 1606 1696 ἀγνοίας
1657 1631 1865 1700 μυχῶν,

216 1705 220 1710 ’
287 1719 383 1786 τῆς
415 1720 473 1772 δὲ
502 1717 638 1770 Θεοῦ
688 1719 1027 1790 τελεωτάτης
1070 1718 1392 1790 ὲλλάμψεως
1441 1721 1538 1772 καῖ⁹
1589 1719 1865 1790 μεθέξεως

1978 536 2209 603 tollitur,
2236 538 2344 594 hoc
2365 549 2449 595 est
2469 548 2646 597 status
2668 542 2724 596 in
2753 543 3070 599 hominibus
3085 544 3308 601 Christo
3338 549 3555 616 similis,

1969 631 2280 684 secundum
2337 633 2590 688 ordinem
2649 643 2708 688 et
2758 635 2936 705 legem
2993 638 3292 705 exaltatus,
3343 655 3408 696 ac
3459 657 3558 712 per

1971 721 2244 776 actionem
2290 723 2684 794 impassibilcm
2721 726 2780 780 in
2821 725 3126 797 gn'esticam
3179 739 3395 786 naturae
3426 747 3560 787 con-

1973 813 2412 881 templationem,
2437 824 2493 870 et
2521 816 2649 871 inde
2685 817 2742 870 in
2775 814 3138 888 theologicam
3166 801 3555 893 mislagogiam

1971 915 2278 974 promotus.
2319 908 2374 963 Id
2402 909 2549 978 quod
2575 909 2810 964 maxime
2835 911 2970 965 mihi
3000 913 3308 983 signiﬁcare
3335 915 3558 970 videtur

1972 1003 2196 1051 sanctus
2247 997 2583 1068 Areopagita
2624 1015 2854 1068 magnus
2909 1001 3226 1072 Dionysrus,
3276 1003 3364 1057 ubi
3425 1006 3552 1060 ait:

1977 1105 1995 1136 ι
2027 1086 2132 1142 Sed
2173 1105 2298 1144 cum
2350 1105 2519 1145 sacrae
2563 1090 2868 1160 disciplima
2903 1093 3236 1163 principium
3285 1097 3430 1152 Deus
3457 1097 3554 1162 sit,

1969 1192 2075 1245 qua
2112 1189 2316 1234 sanctae
2357 1192 2572 1237 mentes
2606 1183 2660 1236 in
2709 1183 2793 1236 sui
2829 1183 3132 1240 deveniunt
3158 1189 3550 1258 cognitionem,

1969 1268 2221 1338 quisquis
2244 1271 2313 1323 ad
2335 1271 2564 1324 insitum
2597 1281 2806 1326 natura:
2827 1273 3014 1329 lumen
3048 1278 3371 1340 recurrerit,
3400 1259 3552 1349 prin-

1965 1359 2117 1428 cipio
2160 1361 2385 1430 quidem
2426 1362 2552 1431 quis
2580 1363 2801 1418 tandem
2841 1364 2958 1434 ipse
2988 1367 3060 1422 sit
3093 1367 3209 1436 ipse
3233 1369 3462 1432 videbit,
3493 1378 3558 1425 et.

1969 1451 2078 1506 hoc
2108 1451 2350 1520 primum
2379 1453 2617 1521 accipiet
2650 1469 2866 1508 sacrum
2899 1455 2968 1509 de
3003 1471 3100 1511 sua
3146 1459 3212 1512 ad
3244 1459 3423 1514 lucem
3459 1475 3547 1513 ac-

1971 1540 2222 1596 cessione
2266 1557 2508 1596 munus:
2563 1545 2656 1613 qui
2698 1554 2884 1600 autem
2914 1547 3090 1602 oculis
3138 1548 3292 1603 nullo
3345 1549 3548 1604 aﬂ‘cctu

1970 1631 2206 1686 turbatis
2240 1633 2464 1701 propria
2511 1649 2609 1687 sua
2657 1635 2830 1704 probe
2865 1652 2920 1692 et
2961 1647 3108 1692 recte
3155 1640 3548 1703 eonsiderarit,

1972 1723 2020 1776 is
2077 1723 2330 1777 obscuris
2367 1723 2693 1793 ignorantiae
2731 1727 2964 1783 latebris
3012 1729 3244 1793 relictis,
3293 1731 3390 1786 sed
3449 1731 3546 1786 Dei

287 1809 482 1879 ἀτελὴς
529 1809 605 1862 ὢν
653 1809 960 1878 αὐτὸςγοὺκ
1018 1809 1249 1864 αὐτόθεν
1305 1810 1660 1882 ἐπιθυμήσει,
1723 1812 1858 1866 κατὰ

1969 1811 2386 1882 perfectissimae
2435 1813 2854 1870 illuminationis
2909 1825 3076 1886 atque
3140 1821 3577 1878 communionis.

287 1901 462 1971 βραχὺ
491 1901 548 1952 δὲ
573 1900 661 1954 δια
683 1901 791 1954 τῶν
815 1900 982 1954 αὑτοῦ
1006 1902 1236 1970 πρώτων
1272 1901 1368 1954 ἐπὶ
1393 1903 1459 1955 τὰ
1487 1903 1566 1956 ἔτι
1597 1903 1858 1974 πρότερα,

285 1993 379 2042 καὶ
401 1990 708 2054 τελειωθεὶς
737 1991 826 2045 ἐπὶ
849 1993 948 2060 τὴν
970 1992 1282 2062 ἀκροτάτην
1306 1991 1608 2063 θεαρχικὴν
1633 1997 1688 2046 ὲν
1711 1993 1860 2058 τάξει

283 2080 378 2132 καὶ
412 2081 570 2152 ίερῶς
598 2082 961 2152 ἀναχθήσεται
1010 2071 1292 2136 κοινωνίαν
1335 2085 1468 2155 (21).
1512 2105 1530 2136 ι
1575 2083 1732 2139 Οὕτω
1763 2086 1861 2155 μὲν

282 2168 373 2224 οὖν
409 2173 796 2244 συνεπαίρεται
837 2172 914 2242 τῷ
949 2173 1168 2244 σταυρῷ
1202 2175 1342 2228 κατὰ
1389 2175 1496 2228 τὸνί
1535 2175 1712 2244 μέγαν
1767 2178 1860 2229 καὶ

283 2263 547 2334 θεόφρονα
588 2265 778 2318 τοῦτον
820 2265 1140 2320 διδάσκαλον
1184 2268 1250 2321 δι’
1291 2267 1450 2338 ἡμῶν
1488 2269 1546 2322 ὲν
1589 2269 1860 2342 πνεύματι

281 2359 404 2410 κατ’
427 2359 591 2411 αὐτὸν
626 2357 948 2428 ὑψουμένων
979 2359 1008 2412 6
1071 2359 1231 2429 μόνον
1282 2359 1530 2430 ὕψιστος,
1587 2361 1676 2416 διὰ
1725 2363 1863 2434 πρά-

283 2447 416 2514 ξεως
444 2437 538 2504 καὶ
563 2451 664 2521 τῆς
689 2439 827 2522 αὐτῇ
854 2451 1207 2522 συνημμένης
1237 2453 1511 2518 ἀπαθείας
1542 2457 1624 2518 εἰς
1659 2455 1860 2524 γνῶσιν

279 2541 642 2610 ὲναγομένων,
671 2541 765 2594 καὶ
797 2541 866 2594 δι’
888 2542 1104 2612 ἐκείνης
1139 2545 1196 2596 ὲν
1219 2544 1368 2615 asa?
1394 2544 1470 2614 τῷ
1498 2546 1573 2616 νῷ
1598 2546 1734 2617 πρὸς
1759 2547 1858 2618 τὴν

283 2633 554 2703 μυστικὴν
607 2633 927 2704 ὕψουμένων
976 2636 1084 2688 τῶν
1145 2636 1303 2690 θείων
1363 2637 1599 2709 θεωρίαν
1654 2655 1714 2692 τε
1765 2640 1860 2694 καὶ

283 2724 506 2796 μύησιν,
535 2727 830 2798 προσθήσω
861 2728 918 2781 δὲ
947 2727 1166 2800 θαρρῶν
1195 2731 1278 2782 ὅτι
1313 2730 1405 2782 καὶ
1433 2732 1752 2802 μετουσίαν.

287 3115 390 3175 Ἐκ
440 3118 548 3172 τοῦ
589 3118 778 3172 αὐτοῦ
817 3119 1004 3186 λόγου
1049 3121 1138 3182 εις
1173 3117 1273 3171 τό·
1316 3137 1334 3170 ι
1359 3117 1420 3173 '0
1449 3122 1631 3190 ,λόγος
1663 3127 1859 3196 παχύ..

881 3223 1042 3262 νεται
1063 3207 1197 3280 (22).
1225 3229 1244 3262 ι
1350 3268 1358 3274 ,

345 3345 695 3418 Παχύνεσθαι
725 3345 752 3398 6
777 3344 938 3412 λόγος
967 3345 1182 3415 είρηται
1214 3345 1294 3416 τῷ
1321 3346 1569 3418 θεοφόρῳ
1595 3349 1858 3406 διδασκά-

275 3440 352 3509 λῳ
383 3439 524 3493 κατὰ
551 3436 728 3509 τήνδε,
779 3437 854 3498 ὡς
883 3433 1058 3507 οἶμαι,
1108 3435 1207 3508 τὴν
1237 3435 1480 3504 ἔννοιαν,
1525 3438 1557 3509 ἢ
1587 3439 1670 3492 ὅτι
1701 3441 1860 3510 λόγος

275 3528 350 3583 ὣν
397 3528 600 3592 ἁπλοῦς
639 3543 699 3580 τε
750 3525 868 3580 καὶ.
884 3527 1212 3597 ἀσώματος,
1267 3526 1364 3578 καὶ
1407 3525 1586 3592 πάσας
1619 3527 1858 3600 καθεξῆς

278 3621 664 3694 πνευματικῶς
694 3621 910 3693 τρέφων
937 3621 1036 3684 τὰς
1065 3622 1124 3674 ὲν
1149 3620 1367 3691 οὐρανῷ
1399 3619 1547 3684 θείας
1574 3623 1855 3694 δυνάμεις,

279 3716 580 3788 κατηξίωσε
633 3714 728 3768 καὶ
769 3713 858 3768 διὰ
895 3714 998 3785 τῆς
1041 3713 1306 3784 ὲνσάρκου
1343 3712 1509 3767 αὑτοῦ
1551 3717 1856 3786 παρουσίας

275 3807 335 3874 ἐξ
381 3809 536 3880 ἡμῶν
589 3807 655 3861 δι’
677 3808 826 3878 ἡμᾶς
877 3805 1001 3859 καθ’
1019 3806 1168 3878 ἡμᾶς
1217 3807 1492 3876 ἁμαρτίας
1535 3809 1706 3878 χωρὶς
1745 3825 1854 3863 πα-

275 3903 553 3972 χυνθῆναι.
583 3901 678 3954 καὶ
697 3901 830 3970 ἡμῖν
851 3898 1147 3972 προσφυῶς
1169 3901 1375 3968 φωναῖς
1395 3886 1456 3952 τέ
1485 3899 1736 3974 (ειμι)
1761 3903 1856 3955 καὶ

275 3993 680 4066 παραδείγμασι
727 3992 828 4064 τὴν
871 3991 1000 4062 περὶ
1028 3989 1138 4043 τῶν
1165 3990 1496 4062 ἀπορρήτων
1531 3993 1626 4046 καὶ
1653 3993 1854 4056 παντὸς

273 4086 432 4156 λόγου
471 4087 703 4156 δύναμιν
751 4083 1187 4156 ὑπερδαίνουσαν
1219 4081 1478 4136 ἐκθέσθαι
1503 4083 1856 4140 διδασκαλίαν

274 4179 386 4251 (διὰ
410 4175 738 4248 παραϐολῶν
765 4175 874 4248 γὰρ
901 4175 1120 4247 εῐρηται
1153 4175 1332 4228 πάντα
1353 4174 1735 4246 λελαληκέναι,
1758 4179 1854 4231 καὶ

273 4269 443 4342 χωρὶς
457 4266 774 4342 παραϐολῆς
788 4266 954 4339 μηδὲν
981 4265 1258 4332 διεξιέναι·
1279 4264 1394 4339 (25)
1409 4266 1564 4336 φίλον
1589 4267 1698 4338 γὰρ
1711 4267 1854 4322 οὕτω

271 4365 384 4426 τοῖς
407 4359 750 4423 διδασκάλοις
771 4359 1034 4430 χρῆσθαι,
1061 4357 1199 4410 ἐπὰν
1223 4357 1272 4410 οἱ
1294 4356 1561 4429 ἀκροαταὶ
1601 4359 1678 4430 μὴ
1718 4376 1854 4432 παρ-

271 4449 609 4506 ακολουθῶσι
649 4451 762 4512 τοῖς
792 4446 1164 4520 πρωτοτύπως
1203 4446 1522 4518 λεγομένοις
1546 4490 1562 4516 ,
1621 4450 1716 4504 καὶ
1771 4452 1850 4516 είς

1883 3207 1930 3266 C

1969 1904 2150 1958 adhuc
2181 1919 2391 1968 exsors,
2415 1905 2580 1976 hujus
2606 1905 2883 1961 desiderio
2907 1917 3104 1978 sponte
3127 1925 3236 1965 non
3257 1910 3551 1978 atlicietur,

1968 1996 2066 2052 sed
2113 1997 2317 2050 sensim
2347 2013 2448 2067 per
2484 1999 2662 2066 prima
2700 2013 2799 2053 sua
2827 2000 2894 2054 ad
2924 2000 3109 2070 priora
3149 2003 3318 2056 etiam
3346 2021 3411 2060 ac
3449 2023 3554 2077 ρος

1968 2088 2134 2152 tiora,
2173 2096 2230 2142 et
2261 2088 2550 2144 absolutus
2575 2090 2644 2144 ad
2684 2107 2954 2146 summam
2983 2091 3204 2147 demum
3240 2094 3414 2150 divini
3444 2098 3550 2152 im-

1965 2177 2104 2247 perii
2141 2177 2196 2232 in
2223 2177 2421 2233 ordine
2443 2187 2500 2233 et
2526 2191 2712 2235 sancte
2733 2181 3001 2237 erebetur
3033 2185 3498 2244 communionem.
3522 2209 3541 2240 ι

1969 2267 2060 2324 Sic
2092 2269 2261 2340 igitur
2290 2271 2596 2330 secundum
2626 2288 2882 2342 magnum
2921 2283 3086 2345 atque
3117 2277 3366 2334 divinum
3399 2282 3552 2338 hunc

1967 2361 2288 2430 magistrum
2333 2363 2659 2417 eontollitur
2701 2380 2826 2418 cum
2868 2381 3034 2427 cruce
3077 2383 3176 2438 per
3203 2386 3304 2425 nos
3332 2371 3390 2426 in
3430 2374 3569 2442 spi-,

1966 2450 2078 2505 ritu
2112 2451 2181 2506 ad
2222 2451 2398 2521 ipsius
2425 2454 2601 2509 instar
2625 2455 2894 2511 exaltatos
2925 2458 3079 2514 solus
3111 2475 3381 2526 summus,
3413 2465 3544 2519 dum

1965 2559 2066 2615 per
2113 2545 2388 2600 actionem
2423 2553 2480 2600 ct
2515 2562 2638 2616 quae
2670 2548 2722 2602 ei
2758 2549 3004 2606 adhaeret
3045 2531 3540 2622 inipassibilitatem

1963 2651 2068 2691 nos
2118 2636 2175 2690 in
2237 2637 2616 2706 cognitionem
2661 2639 3092 2706 introducimur,
3144 2659 3354 2714 perque
3401 2645 3550 2702 hanc

1963 2725 2021 2780 in
2080 2727 2432 2783 immateriali
2499 2737 2718 2785 mentes
2767 2731 2836 2785 ad
2897 2734 3186 2804 mysticam
3236 2737 3546 2792 exaltamur

1962 2816 2278 2872 divinorum
2336 2819 2870 2890 contemplationem
2925 2833 3092 2894 atque
3149 2825 3546 2894 initiationem,

1962 2907 2141 2963 audeo
2185 2907 2392 2964 addere
2430 2909 2600 2966 etiam
2645 2913 3114 2970 communionem.

1967 3130 2054 3187 Ea:
2096 3131 2278 3186 eodem
2313 3145 2574 3198 sermone,
2623 3131 2680 3184 in
2709 3131 2886 3188 illud:
2921 3151 2939 3184 ‹
2969 3132 3154 3190 Sermo
3193 3146 3484 3194 crassatur.
3513 3159 3536 3194 ν

2028 3359 2186 3426 Quod
2235 3374 2418 3416 sermo
2443 3367 2750 3425 crassatur,
2784 3359 3007 3416 divinus
3039 3363 3302 3434 magister
3330 3365 3452 3432 hac,
3479 3367 3539 3421 ni

1955 3449 2143 3516 fallor,
2179 3451 2319 3506 dixit
2359 3450 2657 3515 sententia,
2692 3451 2780 3504 vel
2811 3455 2960 3520 quod
3009 3442 3214 3519 sermo,
3247 3470 3372 3510 cum
3407 3456 3538 3512 sim-

1957 3543 2080 3613 plex
2139 3550 2304 3612 atque
2341 3542 2708 3612 incorporalis
2761 3543 2834 3597 sit
2873 3559 3175 3615 omnesque
3221 3561 3286 3602 ex
3339 3547 3535 3604 ordine

1958 3632 2322 3703 spiritualiter
2376 3631 2592 3687 divinas
2640 3631 2696 3685 in
2753 3631 2893 3687 coelo
2949 3640 3252 3702 potestates
3300 3635 3532 3698 nutriat,

1956 3739 2056 3794 per
2089 3739 2252 3778 suum
2299 3738 2522 3794 quoque
2580 3723 2635 3778 in
2709 3739 2876 3779 carne
2911 3723 3206 3780 adventum
3252 3725 3320 3781 dc
3369 3726 3535 3782 nobis

1956 3823 2183 3884 propter
2231 3829 2332 3869 nos
2376 3821 2442 3868 ut
2495 3828 2618 3878 nos,
2671 3815 2766 3870 sed
2811 3798 2956 3870 ιςῑηιε⁸
2981 3824 3234 3887 peccato,
3296 3819 3532 3874 crassari

1955 3906 2216 3976 dignatus
2256 3905 2350 3971 sit,
2397 3905 2670 3974 nobisque
2710 3917 3084 3976 congruenter
3110 3917 3168 3964 et
3218 3909 3448 3964 vocibus
3477 3918 3534 3965 ct

1954 3994 2222 4068 exemplis
2267 4012 2544 4068 exponere
2578 3997 2893 4052 doctrinam
2947 3998 3016 4053 de
3067 3999 3237 4054 rebus
3290 4001 3534 4056 infandis

1955 4091 2246 4160 omnisque
2287 4089 2442 4145 verbi
2481 4089 2593 4143 vim
2655 4097 3008 4159 superantem
3047 4089 3347 4161 (parabolis
3383 4091 3530 4146 enim

1953 4181 2194 4237 traditur
2231 4181 2417 4236 omnia
2449 4196 2738 4238 enarrasse
2781 4189 2838 4237 et
2887 4190 3042 4237 extra
3075 4181 3350 4252 parabolae
3393 4181 3534 4252 (igu—

1955 4286 2074 4324 ram
2117 4285 2230 4326 non
2271 4271 2574 4342 quidquam
2622 4270 2982 4340 explanasse;
3023 4286 3237 4327 amasse
3278 4273 3425 4327 enim
3455 4273 3532 4329 ita

1953 4362 2244 4432 discipulis
2288 4362 2402 4419 suis
2446 4361 2549 4427 uti,
2605 4363 2828 4432 quando
2871 4362 3155 4418 auditores
3187 4363 3536 4434 originaliter

1952 4453 2104 4509 dicta
2147 4453 2338 4510 minus
2377 4461 2832 4524 assequerentur,
2880 4454 3131 4524 adeoque
3163 4469 3262 4510 eos
3317 4455 3374 4510 in
3413 4469 3528 4511 ser-

273 4543 625 4613 συναίσθησιν
655 4542 852 4604 αὐτοὺς
881 4540 1036 4610 ἄγειν
1061 4540 1170 4594 τῶν
1194 4525 1550 4612 λὲγομένων)·
1581 4541 1720 4612 ἢότι
1738 4544 1847 4606 τοῖς

1961 4559 2180 4600 monum
2225 4544 2650 4616 intelligentiam
2680 4559 2746 4600 ac
2783 4559 3010 4601 sensum
3051 4544 3354 4616 deducere)
3399 4545 3532 4601 :-vel

269 4632 378 4686 τῶν
406 4633 576 4688 ὅντων
607 4633 800 4686 ἑαυτὸν
826 4632 896 4685 δι’
919 4633 1066 4702 ἡμᾶς
1093 4633 1423 4705 ἀπορῤήτως
1450 4632 1738 4704 ἐγκρύψας
1763 4633 1848 4686 λό-

271 4740 389 4794 γοις
401 4723 679 4794 ἀναλόγως
701 4723 768 4777 δι’
790 4724 1022 4777 ἑκάστου
1047 4723 1156 4776 τῶν
1170 4722 1465 4794 ὁρωμένων
1487 4722 1562 4787 ὡς
1580 4723 1670 4776 διά
1683 4741 1846 4778 τινων

269 4813 614 4884 γραμμάτων
640 4811 1092 4884 ὑποσημαίνεται,
1118 4812 1240 4876 ὅλος
1264 4813 1320 4864 ἐν
1343 4811 1484 4876 ὅλοις
1509 4813 1624 4884 ἅμα
1641 4813 1846 4885 πληρὲ-

274 4922 465 4969 στατος
486 4943 502 4968 ,
563 4905 660 4958 καὶ
704 4903 766 4958 τὸ
811 4903 936 4957 καθ’
959 4895 1204 4957 ’ἕκαστον
1226 4903 1550 4976 ὁλόκληρος,
1602 4905 1722 4969 ὅλος
1753 4907 1847 4959 καὶ

275 4996 673 5061 ἀνελάττωτος,
731 4995 790 5048 ἐν
841 4997 952 5058 τοῖς
999 4995 1279 5066 διαφόροις
1331 4997 1361 5048 6
1405 4995 1696 5068 ἀδιάφορος
1753 4998 1850 5050 καὶ

275 5088 536 5150 ὡσαύτως
575 5087 663 5140 ἀεὶ
695 5085 832 5157 ἔχων
857 5125 873 5150 ,
927 5089 985 5138 ὲν
1015 5089 1130 5148 τοῖς
1159 5086 1434 5150 συνθέτοις
1463 5085 1492 5140 6
1519 5087 1722 5152 ἁπλοῦς
1755 5089 1852 5144 καὶ

273 5179 562 5242 ἀσύνθετος
584 5218 600 5243 ,
657 5180 752 5232 καὶ
803 5178 863 5230 ἑν
889 5179 1002 5239 τοῖς
1031 5177 1136 5230 ὑπὸ
1165 5177 1340 5248 ἀρχὴν
1369 5179 1398 5230 6
1427 5177 1664 5248 ἄναρχος
1681 5219 1697 5244 ,
1753 5180 1847 5234 καὶ

271 5273 302 5326 6
329 5273 556 5344 ἀόρατος
605 5273 662 5324 ὲν
703 5271 817 5333 τοῖς
855 5269 1194 5339 ὁρωμένοις,
1255 5268 1349 5322 καί¹
1397 5270 1456 5322 ὲν
1497 5273 1611 5333 τοῖς
1653 5271 1846 5334 ἁπτοῖς

271 5367 303 5420 6
329 5366 572 5437 ἀναφήςο
606 5364 640 5436 ἢ
669 5365 752 5416 ὃτι
781 5363 848 5416 δι’
873 5363 1048 5432 ἡμᾶς,
1079 5359 1208 5422 τοὺς
1240 5361 1432 5430 παχεῖς
1461 5363 1562 5428 τὴν
1584 5361 1847 5432 διάνοιαν,

274 5456 678 5530 σωματωθῆναί
724 5473 784 5510 τε
835 5455 1074 5526 δι’ἠμᾶς
1121 5452 1215 5506 καὶ
1255 5452 1546 5524 γράμμασι
1586 5455 1682 5509 καὶ
1717 5455 1846 5509 συλ-

367 5595 462 5664 21.)
493 5591 713 5664 Dionys.
748 5591 1009 5664 Areopag.
1045 5590 1124 5645 De
1151 5589 1366 5664 βορέω(
1408 5591 1682 5646 Hierarcli.
1718 5593 1840 5661 cap.

367 5596 462 5660 2|.)
493 5596 713 5664 Dionys.
748 5596 1009 5715 Areopag.
1045 5596 1124 5645 De
1151 5596 1348 5645 Ecclea.

275 5596 469 5789 λὶς,
493 5679 548 5732 p.
586 5661 710 5722 171,
738 5671 872 5716 tom.
899 5661 918 5714 ι
973 5677 1076 5742 .pp.
1101 5660 1190 5715 ed.
1221 5660 1356 5716 Ven.

345 5733 367 5789 ί
445 5741 458 5789 )
495 5732 656 5789 Grex.
687 5731 820 5788 Νη.
845 5729 938 5786 0r.
966 5747 1021 5784 ιιι
1051 5729 1348 5789 ΤΙιεοῃΙιαη.

345 5729 458 5810 (92)
493 5729 656 5802 Creg.
687 5731 820 5788 Νη.
845 5729 938 5786 0r.
966 5729 1348 5800 in’T/wophan.
1372 5745 1494 5801 cap.
1537 5729 1594 5798 2,
1621 5745 1677 5800 p.
1713 5729 1837 5797 664,

1953 4637 2103 4709 quod
2145 4635 2202 4690 in
2229 4651 2416 4690 rerum
2453 4651 2578 4706 quae
2613 4643 2744 4691 sunt
2763 4635 3073 4715 rationibus
3095 4637 3364 4692 ineﬂ'abili
3393 4652 3535 4708 quo-

1953 4727 2078 4783 dam
2121 4727 2288 4782 modo
2317 4734 2547 4797 propter
2582 4741 2684 4780 nos
2709 4741 2830 4780 sese
2859 4725 3040 4796 ipsum
3078 4727 3362 4782 occultans
3395 4742 3532 4782 con-

1953 4828 2216 4893 gruenter
2275 4834 2376 4889 per
2434 4818 2872 4888 unumquodque
2940 4833 3134 4872 eorum
3177 4835 3300 4888 quae
3351 4821 3532 4877 oculis

1953 4911 2214 4966 videntur
2251 4918 2512 4982 tanquam
2551 4926 2651 4981 per
2677 4911 2891 4980 aliquas
2917 4912 3223 4982 scripturas
3256 4913 3532 4982 signiﬁca-

1953 5012 2066 5070 tur,
2107 5011 2257 5059 totus
2290 5003 2346 5056 in
2386 5003 2522 5058 totis
2563 5001 2730 5058 simul
2789 5001 3165 5072 plenissimus,
3212 5013 3270 5059 et
3312 5003 3368 5058 in
3416 5005 3531 5058 sin-

1949 5093 2095 5166 gulis
2141 5093 2456 5165 quibusque
2487 5095 2725 5166 integer,
2773 5102 2924 5149 totus
2960 5101 3018 5149 et
3050 5108 3161 5148 non
3198 5093 3527 5158 diminutus,

1949 5187 2008 5241 in
2051 5186 2288 5243 diversis
2305 5187 2422 5258 ipse
2451 5189 2546 5258 qui
2567 5202 2678 5242 non
2701 5185 2958 5242 diversus
2978 5185 3286 5255 eodemque
3311 5200 3528 5255 semper

1949 5275 2224 5330 exsistens
2266 5275 2455 5342 modo,
2499 5275 2557 5330 in
2604 5275 2928 5346 compositis
2971 5275 3068 5345 qui
3108 5273 3346 5344 simplex
3408 5275 3528 5346 ipse

1951 5373 2116 5437 atque
2142 5367 2564 5438 incompositus,
2599 5367 2739 5422 etin
2783 5366 2866 5421 eis
2919 5380 3042 5436 quae
3075 5365 3356 5436 principio
3396 5373 3530 5420 sunt

1952 5459 2200 5530 subjecta
2231 5459 2348 5530 ipse
2386 5445 2482 5530 qui
2535 5459 2654 5514 sine
2695 5457 2993 5528 principio,
3033 5466 3091 5513 et
3128 5456 3428 5512 invisibilis
3466 5456 3530 5510 in

1951 5598 2085 5647 tom.
2115 5593 2138 5648 Ι
2177 5591 2316 5663 Opp.
2350 5593 2438 5648 eti.
2471 5593 2677 5650 Bened.

2023 5663 2144 5734 (251
2166 5659 2316 5734 Idem
2343 5664 2468 5719 ibid.
2535 5678 2656 5734 cap.
2691 5663 2742 5730 7,
2780 5677 2901 5732 pag.
2954 5662 3076 5731 667,
3133 5661 3326 5718 tom.l
3379 5659 3530 5730 Opp.

1947 5732 2083 5787 edit.
2116 5733 2318 5788 Bened.

3417 345 3642 415 1286·
