4038 6146
596 262 729 328 1287
1732 259 1797 317 s.
1829 252 2137 321 MAXIMI‘
2156 261 2664 324 conssssonrs
3693 264 3792 329 12.3;

550 360 553 363 ’
588 360 919 444 risibilibus,
969 386 1026 433 et
1062 377 1117 431 in
1162 375 1246 430 eis
1294 389 1416 444 quae
1458 374 1603 445 tangi
1639 386 1875 445 possunt
1918 378 2035 448 ipse
2064 378 2153 449 qui

2263 381 2455 445 λαϐαῖς
2479 382 2574 435 καὶ
2595 378 2800 450 φωναῗς
2820 379 3135 448 τυπωθῆναι
3159 375 3514 441 κατεδέξατο,
3529 376 3611 428 ἵνα
3628 378 3683 428 ὲκ
3697 379 3793 431 πᾶν·

584 473 755 528 Iactui
811 487 921 526 non
975 468 1288 523 obnoxius:
1319 467 1402 521 vel
1441 466 1587 536 quod
1630 452 1873 537 prop'cr.
1901 485 2024 529 nos.
2063 472 2153 541 qui

2263 490 2367 525 των
2397 473 2600 526 τούτων
2634 474 2781 542 ἡμᾶς
2807 472 3106 542 ἑπομένους
3136 468 3286 539 αὐτῷ
3322 468 3469 521 κατᾶ
3502 467 3665 538 βραχὺ
3694 470 3793 541 πρὶς

584 563 753 615 crassi
805 569 861 614 et
914 560 1149 629 pingues
1190 573 1386 613 sumus
1440 557 1748 622 intellectu,
1802 574 2007 629 corpus
2038 560 2153 615 ﬁeri

2263 564 2450 616 ἑαυτὸν
2482 563 2787 634 συναγάγῃ,
2825 559 3240 628 ὲνοποιηοέντας
3272 558 3356 625 τῷ
3385 558 3685 625 πνεύματι,
3726 563 3795 612 καὶ

582 670 648 707 ac
700 660 889 707 nostra
936 652 1115 722 gratia
1160 651 1364 705 litteris
1432 657 1489 705 et
1534 650 1762 721 syllabis
1810 659 1866 705 et
1905 653 2153 719 vocibus,

2263 654 2338 714 είς
2362 652 2459 723 τὴν
2483 654 2661 722 ἁπλῆν
2687 654 2813 724 περὶ
2837 651 3001 704 αὐτοῦ
3029 652 3125 704 καὶ
3145 650 3382 719 ἄσχετον
3411 648 3618 700 ἔννοιαν
3640 650 3797 716 avari-

582 744 816 813 exprimi
855 749 1201 813 passus‘est,
1243 750 1305 796 ut
1349 757 1415 796 ex
1460 743 1721 796 omnibus
1767 742 1854 797 his
1891 759 1991 797 nos
2029 759 2153 797 eum

2263 758 2384 809 γοι,
2438 744 2694 796 τοσοῦτον
2734 744 2884 813 ἡμᾶς
2925 742 2993 794 δι’
3015 741 3204 795 ἑαυτὸν
3247 739 3393 809 πρὸς
3428 740 3619 792 ἕνωσιν
3648 743 3794 793 ἑαυτοῦ

582 845 880 904 sequentes
924 842 1049 905 post
1095 835 1259 904 paulo
1306 834 1374 889 ad
1437 850 1559 888 sese
1608 835 1787 904 ipsum
1847 835 2153 905 colligeret,

2267 838 2583 904 συστείλας,
2638 840 2762 892 ὅσον
2806 839 2969 901 αὐτὸς
3001 839 3068 890 δι’
3090 838 3234 907 ἡμᾶς
3266 838 3468 889 ἑαυτὸν
3501 836 3796 904 συγκαταὸἁ-

582 929 771 982 unitos
813 927 869 980 in
896 926 1117 996 spiritu,
1148 935 1206 981 et
1253 927 1309 979 in
1352 926 1658 995 simplicem
1689 927 1836 981 circa
1870 942 1997 979 eum
2037 941 2153 979 om-

2267 944 2404 990 σεως
2438 928 2579 998 λόγῳ
2609 929 2923 983 διέστειλεν.

579 1020 748 1089 nique
794 1020 1000 1075 affectu
1046 1019 1275 1074 liberam
1321 1019 1711 1089 cogitationem
1755 1020 2068 1082 reduceret,
2099 1019 2153 1071 in
2198 1026 2409 1074 tantum
2471 1037 2574 1076 nos
2596 1031 2823 1092 propter
2848 1036 2907 1076 se
2942 1020 3049 1076 sibi
3108 1019 3516 1075 coadunandos
3542 1018 3793 1082 attrahens,

582 1112 639 1166 in
681 1122 950 1180 quantum
994 1109 1113 1180 ipse
1154 1118 1383 1179 propter
1436 1124 1539 1163 nos
1582 1109 1891 1163 clementiae
1935 1108 2151 1162 ratione
2186 1122 2307 1162 sese
2355 1124 2613 1165 rentom.

579 1312 666 1369 Ea:
694 1311 872 1365 eodem
912 1325 1171 1374 sermone,
1212 1309 1268 1361 in
1309 1306 1447 1362 illud
1491 1324 1508 1361 :
1555 1326 1574 1357 ι
1606 1306 1723 1361 Νοη
1756 1323 1818 1361 ex
1856 1309 1917 1361 iis
1949 1325 2067 1379 qum
2105 1311 2161 1365 in

651 1405 764 1472 ipso
804 1409 948 1464 sunt,
983 1400 1074 1453 sed
1114 1413 1177 1453 ea:
1205 1401 1268 1452 iis
1319 1414 1434 1469 qua!
1465 1406 1591 1452 sunt
1626 1399 1765 1450 circa
1809 1399 2002 1468 ipsum,
2049 1402 2161 1455 alia

650 1509 715 1547 ea;
762 1492 870 1547 alio
908 1491 1127 1545 collecta
1168 1491 1357 1561 specie,
1402 1490 1457 1543 in
1500 1505 1666 1542 unum
1718 1490 1985 1559 quoddam
2022 1493 2160 1544 veri-

652 1586 775 1638 tatis
812 1582 1180 1638 simulacrum.
1215 1601 1233 1632 ι

651 1698 731 1752 Ex
779 1695 1186 1758 essentialibus,
1224 1692 1277 1747 id
1321 1700 1428 1759 est,
1472 1708 1537 1747 ex
1576 1693 1694 1763 ipsa
1719 1694 1982 1759 essentia,
2009 1693 2156 1763 quod

580 1775 727 1848 Deus
768 1788 997 1842 exsistat
1047 1799 1394 1853 nequaquam
1443 1784 1816 1854 cognoscitur.
1866 1784 1967 1839 Est
2007 1786 2156 1839 enim

580 1881 741 1951 plane
781 1875 1149 1931 intractabilis
1200 1883 1256 1929 et
1306 1874 1454 1928 invia
1503 1874 1780 1929 universa:
1823 1874 2152 1938 conditioni,

580 1990 648 2027 ex
677 1970 797 2041 pari
844 1978 956 2023 tam
1001 1967 1208 2022 visibili
1252 1982 1417 2036 quam
1469 1967 1761 2031 invisibili,
1798 1967 2059 2037 cogitatio
2109 1968 2155 2022 si

580 2078 893 2134 quaeramus
937 2061 1069 2131 quid
1122 2060 1212 2123 sit,
1247 2059 1342 2115 sed
1389 2075 1456 2114 ex
1503 2059 1572 2114 iis
1615 2075 1737 2129 quae
1778 2060 1928 2113 circa
1964 2073 2156 2113 essen-

581 2157 714 2211 tiam
748 2161 897 2217 sunt,
949 2153 995 2207 si
1057 2152 1199 2205 bene
1243 2157 1407 2219 atque
1458 2151 1549 2219 pie
1590 2151 1982 2215 observantur,
2035 2163 2154 2204 sese

580 2247 728 2312 Deus
778 2243 1128 2300 solummodo
1169 2242 1316 2311 quod
1365 2241 1439 2296 sit
1487 2241 1910 2311 intelligendum
1958 2239 2153 2294 viden-

581 2337 731 2391 tibus
767 2333 1018 2403 largitur.
1059 2330 1415 2399 Quzecunque
1465 2343 1603 2383 vero
1658 2330 1806 2383 circa
1853 2329 2154 2384 essentiam

580 2434 714 2481 sunt
762 2439 874 2479 non
919 2422 1055 2492 quid
1089 2422 1182 2485 sit,
1228 2420 1325 2476 sed
1365 2420 1497 2490 quid
1534 2435 1645 2473 non
1696 2420 1769 2473 sit
1815 2419 2151 2490 significant,

579 2516 753 2571 veluti
798 2514 945 2585 quod
973 2528 1084 2567 non
1123 2511 1300 2567 factus
1330 2518 1436 2576 est,
1474 2511 1621 2581 quod
1670 2510 1950 2580 principio
1977 2519 2150 2576 caret,

581 2606 730 2678 quod
749 2604 878 2669 line,
904 2602 1049 2673 quod
1076 2618 1309 2671 corpore
1336 2611 1508 2662 caret,
1530 2616 1762 2671 quaeque
1782 2602 1890 2656 alia
1916 2602 2157 2673 ejusmo-

583 2699 640 2752 di
661 2697 807 2752 circa
825 2694 1122 2750 essentiam
1146 2702 1297 2757 sunt,
1327 2704 1384 2749 et
1409 2693 1616 2763 aliquid
1648 2708 1756 2747 non
1776 2708 1924 2758 esse,
1959 2709 2153 2749 verum

581 2802 693 2842 non
727 2785 937 2854 aliquid
999 2798 1122 2836 eam
1162 2798 1285 2836 esse
1327 2782 1592 2851 probant;
1633 2781 1731 2835 sed
1765 2781 1931 2836 etiam
1966 2782 2153 2851 provi:

580 2878 785 2931 dentiaa
810 2885 867 2929 et
906 2875 1102 2945 judicii
1151 2875 1417 2940 rationes,
1465 2875 1670 2944 quibus
1703 2875 2022 2930 universum
2064 2892 2154 2932 sa-

581 2969 804 3037 pienter
860 2966 1022 3034 regit,
1064 2979 1301 3033 quarum
1365 2966 1514 3019 socia
1561 2981 1875 3035 congruens
1933 2982 2155 3037 quoque

2275 1313 2371 1366 Ἐκ
2401 1313 2504 1366 τοῦ
2532 1310 2721 1365 αὺτοῦ
2747 1312 2955 1380 λόγου,
2990 1313 3077 1374 εὶς
3102 1310 3202 1362 τό·
3258 1326 3280 1360 ι
3315 1309 3442 1362 οὐκ
3472 1307 3541 1361 ἐκ
3566 1307 3673 1361 τῶν
3698 1310 3791 1363 κατ’

2333 1403 2539 1465 αὐτὸν,
2568 1402 2706 1454 ἀλλ’
2728 1402 2795 1454 ὲκ
2818 1398 2936 1452 τῶν
2960 1399 3091 1468 περὶ
3108 1397 3318 1464 αὐτὸν,
3344 1398 3545 1464 ἄλλης
3565 1398 3627 1460 ἐξ
3641 1398 3790 1452 ἄλλον

2333 1494 2671 1561 φαντασίας
2714 1491 3191 1560 συλλεγομένης,
3223 1492 3315 1555 εις
3342 1489 3415 1542 ἓν
3457 1506 3511 1542 τι
3550 1488 3652 1557 τῆς
3678 1490 3789 1557 din-

2333 1584 2496 1649 θείας
2530 1582 2808 1650 ἵνδαλμα.
2842 1599 2860 1633 ι

2346 1695 2443 1748 Ἐκ
2469 1694 2577 1748 τῶν
2611 1694 2753 1747 κατὰ
2782 1692 2879 1763 τὴν
2904 1692 3125 1756 οὐσίαν,
3160 1697 3413 1745 τουτέστι
3445 1693 3510 1744 ἐκ
3536 1692 3627 1760 τῆς
3648 1690 3790 1751 οὐσίας

2262 1787 2466 1856 αὐτῆς,
2517 1787 2545 1838 ὀ
2586 1785 2720 1847 Θεὸς
2772 1783 3028 1837 οὐδέποτέ
3080 1800 3133 1836 τι
3186 1784 3456 1853 ὑπάρχων
3493 1781 3788 1850 γινώσκεται.

2263 1875 2567 1945 Ἀμήχανος
2595 1877 2702 1946 γὰρ
2734 1876 2828 1928 καὶ
2857 1874 3134 1937 παντελῶς
3156 1873 3361 1936 ἄϐατος
3389 1874 3538 1945 πάσῃ
3557 1875 3616 1943 τῇ
3636 1872 3788 1931 κτίσει,

2261 1966 2429 2035 ὀρατῇ
2476 1981 2533 2017 τε
2594 1965 2687 2017 καὶ
2731 1963 2948 2033 ἀοράτῳ
3000 1962 3142 2014 κατὰ
3190 1963 3249 2014 τὸ
3288 1962 3446 2027 ἴσον,
3508 1963 3539 2031 ἡ
3586 1959 3697 2031 περὶ
3721 1957 3821 2009 τοῦ’

2260 2054 2314 2105 τί
2355 2052 2697 2123 καθέστηκεν
2726 2053 2905 2106 ἔννοια
2932 2092 2947 2118 ,
3003 2053 3118 2106 ἀλλ’
3142 2055 3206 2107 ὲκ
3235 2053 3348 2106 τῶν
3383 2056 3512 2122 περὶ
3534 2054 3622 2121 τὴν
3645 2050 3787 2103 οὐσίαν

2265 2144 2427 2214 μόνον
2485 2145 2566 2197 ὅτι
2612 2144 2763 2206 ἔστι,
2819 2145 2913 2197 καὶ
2952 2146 3124 2198 ταῦτα
3157 2144 3347 2208 καλῶς
3375 2161 3435 2197 τε
3482 2145 3571 2196 καὶ
3600 2139 3788 2201 εὐσεϐῶς

2263 2235 2678 2307 θεωρουμένων,
2708 2239 2820 2299 τοῖς
2844 2236 3044 2306 ὁρῶσιν
3069 2238 3096 2289 ὁ
3120 2236 3254 2300 Θεὸς
3281 2235 3478 2290 ἑαυτὸν
3499 2233 3784 2289 ὑπενδίδωτι.

2262 2330 2447 2384 Πάντα
2481 2330 2538 2382 δὲ
2588 2328 2657 2382 τὰ
2692 2330 2823 2400 περὶ
2850 2329 2947 2399 τὴν
2973 2329 3161 2381 οὐσίαν
3197 2328 3258 2381 οὐ
3294 2328 3361 2380 τὸ
3390 2327 3444 2380 τί
3469 2329 3640 2390 ἐστιν,
3685 2322 3786 2377 ἀλλὰ

2260 2418 2315 2469 τί
2363 2418 2463 2470 οὐκ
2512 2417 2658 2471 ἔστιν
2691 2418 2975 2487 ὑποδηλοῖ,
3033 2416 3289 2489 (2141))
3325 2412 3440 2471 οἷον
3469 2416 3527 2471 τὸ
3551 2416 3782 2484 ἀγένητονν

2261 2506 2321 2558 τὸ
2371 2506 2608 2578 ἄναρχον
2634 2546 2649 2570 ,
2704 2506 2765 2559 τὸ
2813 2507 3071 2576 ἄπειρον,
3131 2507 3190 2560 τὸ
3236 2506 3560 2578 ἀσώματον,
3612 2505 3785 2559 nalis:

2260 2595 2486 2649 τοιαῦτα
2536 2596 2666 2667 περὶ
2712 2596 2809 2667 τὴν
2838 2597 3026 2650 οὐσίαν
3069 2597 3177 2650 εἰσὶ
3201 2639 3216 2661 ,
3280 2599 3380 2651 καί⁵
3406 2598 3466 2651 τό
3496 2615 3545 2651 τι
3574 2596 3639 2668 μὴ
3659 2591 3779 2657 εἶναι,

2259 2688 2359 2758 οὐχ
2392 2688 2474 2740 ὅτι
2502 2687 2558 2740 δὲ
2604 2687 2664 2739 τό
2696 2705 2750 2740 τι
2780 2684 2920 2741 εἶναι
2951 2688 3121 2760 αὐτὴν
3146 2690 3493 2759 παρεστῶσιν
3515 2705 3528 2718 ⁶
3578 2689 3693 2743 ἀλλά
3715 2690 3783 2739 καὶ

2260 2781 2311 2831 οἱ
2364 2779 2467 2849 τῆς
2511 2779 2769 2850 προνοίας
2819 2779 2916 2833 καὶ
2957 2779 3058 2848 τῆς
3091 2780 3330 2850 κρίσεως
3363 2780 3546 2849 λόγοι,
3593 2778 3698 2832 καθ’
3714 2777 3781 2839 οὓς

2258 2870 2321 2924 τὺ
2352 2871 2463 2923 πᾶν
2492 2870 2670 2939 σοφῶς
2698 2870 3030 2938 διεξάγεται,
3088 2870 3207 2941 μεθ’
3228 2864 3309 2924 ὧν
3340 2872 3434 2926 καὶ
3467 2873 3499 2940 ἡ
3524 2870 3781 2941 ἐναρμόνιος

2259 2963 2359 3033 τῆς
2408 2961 2623 3032 φύσεως
2674 2962 2880 3033 θεωρία
2927 2964 3054 3035 περὶ
3092 2963 3227 3017 Θεοῦ
3283 2960 3431 3018 εἶναι
3470 2964 3686 3032 λέγεται,
3714 2960 3780 3013 τὸν

579 3064 796 3130 natura:
846 3052 1245 3123 contemplatio
1291 3055 1438 3107 circa
1499 3054 1673 3108 Deum
1736 3069 1859 3110 esse
1922 3056 2151 3124 dicitur,

2263 3054 2587 3126 δημιουργὸν
2620 3054 2818 3125 ἑαυτῆς
2862 3056 2946 3109 ὅτι
2990 3054 3105 3109 ἐστι
3136 3057 3301 3126 μόνον
3330 3057 3597 3125 ἀναλόγως
3616 3053 3778 3108 istwi

579 3146 889 3202 conditoris
919 3145 1005 3200 sui
1040 3144 1388 3199 solummodo
1416 3145 1793 3201 exsistentiam
1818 3150 2155 3204 convenien-

580 3247 665 3294 ter
698 3238 1104 3293 demonstrans.
1159 3237 1298 3292 Dum
1342 3236 1513 3307 igitur
1562 3238 2017 3296 aﬂirmationibus
2058 3242 2155 3297 ad-

576 3338 872 3385 versantur
918 3331 1263 3399 negationes,
1310 3336 1504 3384 mutuo
1532 3331 1677 3386 inter
1719 3348 1777 3386 se
1806 3333 1952 3387 circa
1981 3334 2153 3389 Deum

577 3432 634 3477 et
671 3421 845 3475 amice
901 3420 1009 3475 sibi
1060 3420 1363 3475 conciliant
1411 3436 1531 3476 sese
1589 3430 1647 3476 et
1702 3424 1987 3492 excipiunt
2031 3442 2046 3478 :
2093 3432 2155 3479 ut

575 3512 902 3582 negationes
928 3526 1041 3565 non
1065 3511 1276 3581 aliquid
1297 3526 1420 3566 esse
1456 3512 1653 3578 Deum,
1681 3513 1776 3568 sed
1803 3515 2015 3585 aliquid
2043 3531 2154 3570 non

575 3619 697 3659 esse
740 3602 1113 3674 signiﬁcantes
1143 3604 1295 3658 circa
1330 3603 1438 3658 hoc
1472 3604 1621 3674 quod
1647 3606 1858 3676 aliquid
1891 3615 1977 3663 est
2005 3609 2155 3678 quod

576 3696 684 3750 hoc
719 3698 832 3749 non
877 3702 962 3749 est
1010 3696 1381 3751 conciliantur
1423 3695 1904 3764 aflirmationibus,
1961 3709 2154 3753 contra

577 3783 966 3839 aiilrmationes
997 3785 1175 3839 solum
1210 3786 1360 3856 quod
1390 3798 1496 3853 est,
1521 3788 1654 3858 quid
1678 3804 1812 3844 vero
1841 3789 2063 3844 tandem
2097 3790 2153 3843 id

577 3877 649 3931 sit
704 3890 819 3929 non
883 3876 1170 3945 aperiens,
1220 3878 1372 3933 circa
1428 3879 1537 3934 hoc
1584 3880 1732 3948 quod
1780 3881 1988 3950 aliquid
2036 3897 2152 3937 non

575 3975 662 4021 est
699 3966 849 4036 quod
889 3967 995 4022 hoc
1023 3977 1108 4022 est
1155 3969 1529 4024 conciliantur
1576 3970 1989 4039 negationibus,
2030 3985 2157 4025 cum

577 4057 812 4112 invicem
855 4060 1311 4114 contrarietatem
1347 4060 1654 4116 ostendunt
1683 4076 1753 4115 ex
1783 4061 2155 4131 oppositione,

577 4149 723 4202 circa
754 4150 927 4203 Deum
959 4157 1147 4204 autem
1181 4149 1615 4205 familiaritatem
1642 4151 1710 4206 de
1741 4152 2155 4207 extremitatum

577 4248 767 4293 mutua
808 4239 862 4293 in
905 4254 985 4303 se,
1038 4245 1203 4307 prout
1247 4253 1339 4292 res
1378 4234 1906 4304 fern-conversione
1943 4248 2149 4294 natam.

2257 3162 2411 3201 ουσα.
2462 3141 2872 3219 Ἐναντίωςυοῦν
2904 3149 3023 3210 ταῖς
3055 3149 3407 3217 καταφάσεσι
3437 3149 3679 3218 κειμένων
3699 3143 3779 3197 τῶν

2238 3236 2590 3311 ,ἀποφάσεων
2614 3279 2630 3304 ,
2682 3237 2913 3303 ιναλλάξ
2960 3238 3219 3307 ἀλλήλαις
3272 3240 3407 3311 περὶ
3439 3239 3563 3293 Θεὸν
3601 3237 3777 3307 φιλικῶς

2261 3330 2664 3401 συμπλέκονται
2717 3331 2810 3384 καὶ
2861 3330 3105 3401 ἀλλήλων
3151 3332 3774 3405 ἀντιπαραλαμϐἀνονται·

2258 3419 2368 3475 οἷον
2404 3423 2476 3476 ἀί
2525 3422 2625 3493 μὲν
2668 3424 2969 3491 ἀποφάσεις
3012 3424 3076 3477 τὸ
3110 3424 3184 3496 μή
3218 3441 3270 3477 τι
3302 3421 3443 3479 εἶναι
3465 3466 3479 3488 ,
3513 3425 3633 3478 ἀλλά
3656 3441 3697 3474 τι
3721 3419 3776 3489 μὴ

2258 3512 2400 3567 εἶναι
2436 3515 2799 3585 σημαίνουσαι
2820 3517 2878 3568 τὸ
2904 3516 3080 3579 Θεῖον,
3105 3517 3233 3587 περὶ
3262 3518 3331 3570 τό
3360 3536 3414 3570 τι
3439 3514 3571 3571 εἶναι
3590 3515 3640 3569 τὸ
3657 3513 3775 3566 τοῦτο

2364 3605 2444 3673 ὃν,
2478 3605 2725 3660 ἑνοῦνται
2754 3610 2873 3671 ταῖς
2900 3609 3295 3678 καταφάσεσιν,
3335 3611 3391 3664 ai
3413 3611 3469 3664 δὲ
3497 3607 3774 3675 καταφάσεις

2257 3695 2317 3748 τὸ
2347 3696 2506 3764 μόνον
2538 3696 2618 3751 ὃτι
2648 3697 2786 3763 ἔστι,
2821 3698 3005 3751 τίποτε
3031 3700 3089 3752 δὲ
3121 3700 3281 3753 τοῦτό
3308 3703 3426 3755 ἐστι
3457 3703 3527 3771 μὴ
3550 3698 3772 3765 δηλοῦσαιι

2261 3786 2390 3857 περὶ
2416 3785 2476 3838 τό
2505 3805 2556 3840 τι
2586 3786 2660 3858 μὴ
2688 3784 2825 3843 εἶναι
2854 3789 2914 3842 τὸ
2936 3789 3098 3843 τοῦτο
3124 3790 3184 3844 ὃν
3210 3792 3459 3846 ὲνοῦνται
3482 3794 3590 3854 ταῖς
3607 3787 3772 3855 ἀποφά-

2262 3892 2379 3929 σεσι
2403 3917 2418 3938 ,
2470 3879 2608 3949 πρὸς
2642 3880 2742 3950 μὲν
2777 3879 3009 3951 ἀλλήλας
3035 3882 3384 3938 δεικνύουσαι
3413 3885 3506 3954 τὴν
3534 3884 3585 3949 ἐξ
3608 3877 3772 3935 mog-

2261 3984 2394 4031 σεως
2426 3970 2775 4040 ἐναντιότητα
2801 4013 2818 4038 ,
2875 3972 3004 4043 περὶ
3032 3973 3088 4025 δὲ
3131 3974 3222 4026 τὸν
3252 3973 3390 4029 Θεὸν
3420 3973 3494 4046 τῷ
3524 3975 3594 4036 είς
3615 3967 3771 4037 ἄλληλα

2258 4057 2367 4108 τῶν
2397 4056 2582 4128 ἄκρων
2616 4060 2757 4113 κατὰ
2790 4063 3127 4131 περίπτωσιν
3160 4063 3350 4136 τρόπῳ
3379 4063 3476 4136 τὴν
3501 4061 3768 4129 οἰκειότητα.

579 4416 662 4471 Ex
695 4416 873 4470 eodem
904 4430 1166 4477 sermone,
1206 4416 1262 4467 in
1301 4413 1434 4468 illud
1465 4431 1482 4469 :
1541 4435 1558 4467 ι
1592 4416 1724 4472 Cum
1771 4434 1891 4472 vero
1926 4419 2152 4473 bonitati

2274 4420 2375 4476 Ἐκ
2408 4416 2513 4474 τοῦ
2543 4418 2728 4474 αὐτοῦ
2755 4422 2941 4490 λόγου
2970 4437 2981 4454 ⁸
3046 4443 3064 4475 ι
3105 4424 3270 4478 Ἐπεί
3307 4422 3377 4480 δὲ
3421 4427 3526 4481 οὐκ
3553 4423 3693 4491 ἤρκει
3715 4412 3766 4481 sli

582 4508 587 4513 ⁷
646 4507 816 4561 solum
852 4523 950 4560 sua
984 4508 1148 4577 ipsius
1187 4506 1626 4578 contemplatione
1660 4511 1854 4563 moveri
1903 4527 2009 4564 non
2038 4512 2150 4581 suf-

646 4598 845 4667 ﬁceret,
886 4596 978 4651 sed
1007 4597 1226 4668 (li/fundi
1256 4598 1449 4657 bonum
1483 4607 1641 4671 atque
1676 4603 1964 4671 propagari
1992 4619 2148 4672 opor—

648 4696 800 4753 teret,
829 4695 886 4741 ut
911 4686 1087 4758 pluria
1109 4696 1279 4741 essent
1308 4704 1425 4757 qua:
1454 4687 1700 4756 beneﬁcio
1733 4689 2094 4763 afﬁcerentur.
2123 4710 2140 4742 ι

647 4804 820 4871 Quem
867 4818 1011 4872 saepe
1054 4803 1165 4857 dixi
1215 4820 1384 4860 senex
1422 4805 1515 4860 ille
1555 4821 1787 4877 magnus
1819 4816 1876 4862 et
1902 4810 2146 4879 sapiens,

578 4909 742 4964 quem
776 4894 844 4948 de
883 4894 988 4947 hoc
1028 4893 1152 4948 loco
1188 4895 1466 4959 consului,
1517 4911 1772 4966 magnum
1808 4907 1864 4953 et
1899 4899 2151 4955 divinum

578 4983 900 5056 Gregorium
938 4985 1023 5039 bis
1061 4983 1249 5051 verbis
1288 4985 1599 5056 signiﬁcare
1648 4990 1939 5058 respondit
1978 4992 2151 5046 Deum

579 5074 835 5128 eumdem
898 5074 955 5126 in
1016 5074 1317 5142 semetipso
1365 5090 1559 5141 unum,
1611 5085 1803 5145 utpote
1848 5079 1943 5148 qui
2005 5096 2151 5135 unus

580 5163 801 5229 proprie
857 5163 948 5225 sit,
996 5178 1060 5215 ac
1108 5162 1247 5216 nihil
1300 5165 1528 5219 omnino
1591 5167 1738 5236 quod
1792 5177 1900 5223 un'a
1956 5186 2145 5225 secum

579 5253 808 5322 cogitari
855 5253 1030 5323 possit
1082 5253 1283 5309 habeat
1332 5266 1531 5310 natura
1581 5259 1884 5325 diversum,
1944 5262 2041 5316 sed
2092 5264 2148 5319 in

580 5344 877 5412 semetipso
935 5344 1137 5399 habeat
1174 5348 1356 5401 solum
1412 5349 1749 5404 soliditatem
1794 5351 2151 5424 impercepti-

548 5429 769 5492 ‘bilem.
816 5432 975 5487 initio
1014 5450 1079 5488 ac
1125 5436 1231 5490 line
1260 5446 1564 5503 carentem,
1618 5449 1673 5494 et
1725 5442 2154 5512 incomprehen-

581 5518 819 5585 sibilem,
878 5538 945 5577 ex
1004 5540 1111 5593 qua
1170 5527 1238 5581 de
1287 5527 1499 5582 inﬁnita
1557 5530 1821 5589 bonitatis
1858 5543 1916 5590 et
1961 5538 2151 5605 gratiae

2329 4511 2646 4579 ἁγαθότητι
2677 4511 2853 4565 τοῦτο
2886 4512 2953 4564 τὸ
2980 4511 3275 4566 κινεῖσθαι
3294 4515 3484 4582 μόνον
3508 4509 3577 4578 τῇ
3597 4503 3763 4571 ἑαυτῆς
3860 4569 3866 4578 ,

2329 4603 2561 4670 θεωρίᾳ.
2596 4603 2734 4656 ἀλλ’
2761 4602 2881 4656 ἔδει
2901 4602 3161 4672 χυθῆναι
3194 4607 3263 4659 τὸ
3289 4606 3508 4676 ἀγαθὸν
3534 4602 3619 4656 καί
3641 4597 3763 4654 ὀεεῦ·

2327 4708 2432 4749 σαι
2456 4695 2537 4761 ὡς
2564 4695 2794 4749 πλέονα
2819 4694 2972 4748 εἶναι
2999 4696 3074 4750 τὰ
3095 4699 3553 4767 εὐεργετούμενα
3583 4692 3692 4764 (24).
3720 4708 3732 4738 ι

2330 4808 2434 4860 Τὸν
2482 4807 2745 4871 πολλάκις
2793 4807 3084 4880 εἰρημένον
3130 4810 3414 4881 ἐρωτήσας
3465 4808 3580 4878 περὶ
3619 4802 3760 4856 τούτου

2259 4901 2434 4972 μέγαν
2491 4902 2587 4953 καὶ
2636 4901 2799 4968 σοφὸν
2847 4901 3079 4970 γέροντα
3122 4900 3318 4969 δηλοῦν
3363 4903 3462 4970 ἔφη
3496 4899 3587 4952 ,διὰ
3608 4894 3760 4949 τούτων

2255 4991 2345 5045 τὸν
2399 4989 2571 5061 μέγαν
2631 4989 2725 5042 καὶ
2771 4989 3029 5059 οεοφόρον
3072 4991 3375 5061 Γρηγόριον
3425 4991 3480 5043 τὸ
3524 4988 3604 5039 τὸν
3641 4978 3759 5037 αὐτὸν

2255 5081 2388 5135 Θεὸν
2418 5085 2475 5133 ὲν
2499 5079 2675 5150 ἑαυτῷ
2705 5080 2885 5151 μόνον,
2919 5076 3006 5133 οἷα
3032 5082 3097 5150 δὴ
3131 5081 3227 5135 ἕνα
3258 5084 3458 5153 κυρίως
3482 5080 3612 5139 ὄντα,
3637 5070 3756 5145 μηδὲν

2258 5175 2437 5244 ἑαυτῷ
2466 5175 2526 5227 τὸ
2552 5174 2813 5244 παράπαν
2845 5174 3157 5226 συνεπινοού
3167 5191 3327 5243 μενον
3353 5175 3530 5244 ἔχοντα
3554 5166 3670 5222 κατὰ
3688 5163 3757 5229 τὴν

2258 5266 2420 5336 φύσιν
2448 5264 2703 5337 διάφορον
2721 5264 2751 5331 ,’
2786 5267 2843 5317 ἐν
2871 5264 3049 5333 ἐαυτῷ
3074 5281 3132 5316 τε
3165 5266 3327 5333 μόνον
3352 5265 3530 5336 ἔχοντα
3552 5260 3635 5329 τὴν
3656 5256 3754 5307 ἀπεσ

2262 5360 2502 5428 ρινόητον
2542 5357 2776 5429 ἄναρχον
2806 5375 2865 5411 τε
2915 5356 3007 5410 καὶ
3037 5358 3269 5428 ἄπειρον
3317 5360 3407 5411 καὶ
3442 5352 3754 5417 ἀκατάληπτον

2262 5450 2599 5519 μονιμότητα
2626 5489 2640 5513 ,
2690 5448 2749 5513 ἐξ
2776 5444 2844 5521 ἧς
2881 5447 3021 5502 κατά
3047 5447 3416 5519 ἀπειρόδωρον
3440 5447 3578 5519 χύσιν
3598 5432 3750 5521 alia“?

2257 5554 2418 5607 τητος
2463 5539 2533 5591 τὰ
2572 5539 2704 5595 ὄντα
2751 5519 2814 5593 ἐκ
2850 5536 2942 5591 τοῦ
2982 5537 3055 5608 μὴ
3084 5536 3238 5601 ὄντος
3269 5535 3589 5608 παραγαγεῖν
3612 5544 3658 5581 τε
3684 5519 3747 5578 καὶ

586 5690 595 5695 _
651 5632 759 5699 (24)
791 5631 934 5686 idem
962 5636 1086 5691 ibid.
1113 5654 1211 5708 cap
1270 5643 1324 5706 9,
1356 5657 1410 5711 p.
1452 5644 1575 5711 668,
1603 5656 1733 5703 tom.
1764 5650 1805 5704 Ι.
1835 5649 1972 5721 Opp.
2006 5652 2142 5709 edit.
2182 5654 2384 5708 Bened.
