4038 6146
310 273 449 340 i299

1540 270 2069 336 AMBIGUORUM
2105 262 2360 333 LIBER.

3417 270 3554 338 1200

310 383 768 456 ὑποστήσασθαι,
822 371 1047 452 θελῆσαι
1095 381 1191 437 καὶ
1236 381 1426 435 ἑαυτὸν
1468 382 1746 451 ἀναλόγως
1777 384 1886 445 τοῖς

2004 382 2323 437 tbundantia
2357 394 2419 435 ea
2457 396 2579 449 quae
2625 379 2894 434 exsistant
2953 396 3018 435 ex
3069 395 3181 436 non
3237 383 3555 442 exsistentia

208 492 215 498 '
310 475 454 539 ὅλοις
504 475 599 528 ita).
646 473 724 544 τῷ
770 471 891 527 καθ’
925 472 1157 526 ἕκαστον
1205 472 1493 543 ἀχράντως
1543 473 1885 544 μεταδοῦναι,

311 565 411 636 τὴν
442 567 578 634 πρὸς
605 562 667 616 τὸ
691 561 829 616 εῖναι
861 564 955 616 καὶ
982 562 1257 632 διαμένειν
1283 562 1499 632 ἑκάστῳ
1528 563 1889 632 χαριζόμενον

312 656 569 724 δύναμιν,
600 654 743 707 κατὰ
768 654 858 705 τὸν
883 653 1039 720 ἅγιον
1068 652 1163 706 καὶ⁵
1187 651 1489 707 θεοείκελον
1519 653 1700 723 (215
1719 645 1773 723 ὰ)
1802 653 1892 722 μέ-

315 759 420 812 γαν
466 740 742 795 Διονύσιον
787 741 880 793 τὸν
911 739 1309 810 Ἀρεοπαγίτην
1355 740 1672 808 φάσκοντα,
1729 741 1791 793 τὸ
1832 740 1890 793 ἓν

316 830 580 902 ὑμνητέον
613 827 706 883 ἐπὶ
726 827 883 895 Θεοῦ,
914 829 991 900 τῷ
1021 829 1241 883 πάντων
1267 829 1703 899 ὑπεξαιρεῖσθαι,
1729 831 1810 893 είς
1830 830 1891 883 τὸ

315 919 456 976 εἷναι
505 921 803 990 άγαθότητι
852 920 1245 989 παραγαγόντα
1293 923 1392 990 τήν
1434 937 1492 973 τε
1536 920 1647 974 τῶν
1682 919 1892 987 νοητῶν

316 1016 500 1068 πᾶσαν
528 1013 885 1081 διακόσμησιν
923 1012 1016 1064 καὶ
1045 1012 1145 1080 τὴν
1170 1011 1276 1063 τῶν
1300 1011 1511 1082 ὁρατῶν
1535 1012 1889 1084 εὐπρέπειαν,

318 1105 600 1172 ἀναλόγως
649 1102 864 1170 ἑκάστῳ
912 1101 1021 1154 τῶν
1067 1102 1382 1171 κτισμάτων
1417 1103 1558 1156 κατά
1583 1120 1707 1156 τινα
1735 1102 1893 1171 λόγον

316 1195 629 1265 ἀπόρρητον
660 1192 853 1261 σοφίας
881 1189 1172 1260 itumitum;
1196 1193 1549 1263 ἐνυπάρχειν,
1579 1193 1677 1246 καὶ
1702 1194 1894 1264 μηδενὶ⁸

316 1280 462 1349 λόγῳ
490 1281 524 1350 ἢ
556 1281 742 1348 τρόπῳ
766 1277 829 1331 τὸ
854 1277 1074 1332 σύνολον
1102 1278 1262 1334 πάλιν
1284 1280 1632 1350 κατέχεσθαι,
1658 1285 1769 1345 τοῖς
1787 1281 1893 1352 μὲν
1926 1281 1934 1289 ’

318 1371 463 1425 κατὰ
508 1371 773 1439 περιττὴν
817 1369 1165 1439 ἁγαθόδωρον
1196 1370 1353 1440 χύσιν
1377 1411 1392 1437 ,
1449 1374 1563 1435 τοῖς
1593 1371 1650 1425 δὲ
1691 1371 1891 1442 μέσως,

320 1466 436 1525 τοῖς
480 1462 538 1515 δὲ
589 1462 653 1515 τὸ
706 1461 849 1515 κατά
901 1476 954 1515 τι
1006 1461 1136 1530 γοῦν
1190 1462 1542 1528 ὲξεικονίζειν
1593 1464 1756 1518 αὑτὸν
1801 1464 1894 1517 δύ-

320 1552 518 1606 νασθαι
541 1551 675 1620 (25).
712 1551 825 1606 Καὶ
850 1551 1011 1604 τοῦτο
1040 1551 1108 1606 ἂν
1136 1552 1223 1622 εἴη
1248 1554 1433 1623 τυχὸν,
1466 1553 1611 1608 κατὰ
1634 1555 1733 1624 τὴν
1756 1556 1896 1625 ἐμὴν

319 1639 654 1711 ἀφροσύνην,
682 1639 744 1691 τὸ
769 1638 1076 1708 χεῖσθαιτὸ
1103 1639 1307 1706 ἀγαθὸν
1337 1641 1433 1693 καὶ
1457 1640 1688 1707 ὁδεύειν,
1718 1642 1781 1694 τὸ
1804 1641 1896 1694 τὸν

1989 474 2231 543 proferat
2259 483 2424 543 atque
2453 473 2757 527 subsistere
2795 470 2978 537 faciat,
3012 473 3254 530 voluisse
3313 477 3555 548 seipsum

1988 580 2209 635 quoque
2233 564 2507 621 universis
2535 564 2929 620 convenienter
2949 571 3007 616 et
3028 563 3260 640 singulis
3284 565 3557 623 illibatum

1991 655 2424 719 communicare,
2461 654 2801 710 exsistentiae
2853 653 3156 723 unicuique
3196 663 3253 728 et
3294 660 3557 726 perenni-

1993 746 2124 801 tatis
2161 744 2480 800 facultatem
2512 743 2819 812 largiendo.
2848 741 3006 808 Quod
3027 751 3253 798 sanctus
3277 752 3444 814 atque
3475 746 3562 800 di-

1990 836 2155 891 vinus
2187 836 2279 889 ille
2318 848 2546 903 magnus
2577 828 2872 903 Dionysius
2894 831 3224 902 Areopagita
3247 833 3560 902 significare

1990 926 2235 990 videtur,
2286 925 2479 979 dicens
2527 924 2798 979 unitatem
2832 937 2954 976 esse
2994 922 3051 976 in
3100 923 3225 995 Deo,
3256 925 3564 993 praedican-

1992 1017 2140 1081 dam,
2182 1016 2312 1070 inde
2344 1014 2491 1084 quod
2537 1013 2603 1067 de
2636 1012 2911 1066 universis
2953 1012 3282 1080 excipiatur,
3333 1013 3428 1080 qui
3465 1012 3562 1067 bo-

1992 1105 2165 1159 nitate
2190 1119 2287 1159 sua
2320 1105 2374 1156 in
2393 1101 2771 1157 exsistentiam
2789 1100 3110 1169 produxerit
3130 1115 3349 1155 omnem
3376 1116 3561 1156 rerum

1993 1202 2116 1264 Quae
2153 1194 2544 1264 intelliguntur
2567 1191 2843 1254 ordinem,
2882 1205 3116 1259 quaeque
3164 1191 3428 1246 videntur
3464 1207 3562 1248 ve-

1992 1291 2292 1348 nustatem,
2319 1292 2381 1335 ut
2430 1280 2730 1349 unicuique
2774 1289 3043 1335 creatura:
3079 1281 3386 1335 secundum
3421 1281 3564 1337 inef-

1993 1370 2215 1425 fabilem
2242 1368 2535 1438 quamdam
2561 1366 2848 1436 sapientiae
2876 1367 3143 1421 rationem
3178 1368 3563 1425 indeminutus
3621 1401 3635 1414 -

1996 1459 2146 1525 insit,
2181 1469 2239 1514 et
2274 1467 2456 1513 tamen
2500 1455 2655 1511 nulla
2711 1456 2942 1510 omnino
2999 1457 3216 1512 ratione
3258 1468 3358 1513 aut
3401 1460 3568 1514 modo

1996 1559 2189 1604 rursus
2210 1545 2738 1629 comprehendatur,
2764 1554 2937 1614 atque
2960 1545 3051 1600 his
3073 1547 3296 1615 quidem
3322 1547 3392 1602 de
3417 1549 3570 1618 larga

1996 1638 2265 1692 bonorum
2299 1648 2526 1689 suorum
2556 1643 2616 1689 et
2642 1632 2819 1688 eﬂusa
2850 1633 3209 1699 abundantia,
3232 1636 3425 1691 alteris
3457 1651 3574 1691 me-

319 1729 417 1782 ἓνα
462 1731 594 1783 Θεὸν
645 1728 921 1798 ἀναλόγως
968 1729 1104 1799 πρὸς
1144 1728 1213 1781 τὰ
1246 1728 1470 1785 δεκτικὰ
1518 1734 1586 1802 τῇ
1610 1731 1900 1801 μεταδόσει

2004 1727 2290 1790 diocriter,
2328 1725 2449 1780 aliis
2496 1724 2552 1779 in
2612 1731 2824 1778 tantum
2871 1724 3379 1794 utaliquantulum
3420 1738 3572 1783 certe

319 1819 429 1872 τῶν
458 1819 681 1887 ἀγαθῶν
715 1817 1101 1888 πληθύνεσθαι.
1134 1834 1156 1868 ι

2004 1817 2183 1887 ipsius
2214 1815 2516 1884 imaginem
2555 1813 2768 1869 referre
2803 1812 3041 1883 possint.
3091 1814 3269 1884 Atque
3313 1817 3419 1874 hoc
3453 1817 3572 1892 for-

316 1916 467 1964 tasse
509 1916 616 1972 est,
651 1917 714 1962 ut
757 1920 891 1962 mea:
933 1906 1157 1961 videtur
1221 1909 1567 1979 ignorantiae,
1606 1902 1744 1964 illud
1777 1908 1924 1978 quod
1962 1908 2172 1980 bonum
2234 1903 2545 1959 eﬂ‘unditur
2576 1912 2633 1959 et
2670 1902 3049 1974 progreditur,
3080 1904 3226 1973 quod
3269 1906 3438 1974 Deus,
3473 1908 3570 1978 qui

246 2004 261 2029 θ
314 2010 467 2056 unus
504 2008 611 2065 est,
640 2007 813 2070 prout
864 1999 990 2069 quis
1034 2014 1205 2070 capax
1245 2010 1350 2068 est,
1391 2002 1668 2058 honorum
1708 1998 2115 2070 multiplicatur
2162 1994 2693 2054 communicatione.

1917 2115 1989 2131 —

327 2169 431 2231 ’Ἕκ
460 2175 566 2231 τοῦ
592 2174 778 2230 αὐτοῦ
799 2176 1011 2244 λόγου,
1040 2178 1127 2241 είς
1150 2175 1237 2243 τὸ,
1272 2193 1292 2228 t
1316 2168 1609 2245 Δευτέραν
1635 2179 1905 2234 κοινωνεῖ

393 2266 715 2320 κοινωνίαν
740 2304 756 2332 ,
811 2265 971 2320 πολὺ
1016 2265 1128 2333 τῆς
1169 2265 1462 2335 προτέρας
1504 2267 1903 2335 παραδοξοτέ-

389 2357 667 2427 ραν(26λ
719 2376 738 2409 ι
1276 2342 1281 2347 ’
1419 2349 1425 2354 ’

358 2484 365 2491 ι
399 2449 513 2503 υὺκ
543 2443 610 2517 ἦν
652 2445 988 2516 θαυμαστὸν,
1020 2446 1098 2509 ὼς
1123 2442 1313 2516 οἶμαι,
1365 2445 1646 2511 τοσοῦτον,
1698 2446 1904 2516 καίπερ

318 2540 385 2594 δν
410 2536 751 2609 τηλικοῦτον,
785 2536 847 2590 τὸ
876 2526 1018 2590 κατὰ
1044 2536 1144 2607 τὴν
1169 2535 1397 2607 πρώτην
1426 2537 1626 2591 πλάσιν
1654 2535 1904 2607 καθαρὰν

316 2626 491 2686 οὖσαν
525 2629 623 2699 τὴν
652 2626 815 2698 φύσιν
842 2626 951 2682 τῶν
977 2626 1313 2700 ἀνθρώπων,
1370 2627 1466 2684 ἆτε
1498 2629 1561 2700 δὴ
1596 2630 1742 2700 χειρὶ
1769 2626 1904 2682 Θεοῦ

2010 2176 2092 2233 Ea:
2117 2175 2293 2229 eodem
2327 2189 2590 2237 sermone,
2639 2173 2696 2226 in
2720 2170 2903 2226 illud:
2952 2170 3233 2227 «Alteram
3283 2174 3579 2233 communi~

2072 2269 2340 2323 cntionem
2370 2266 2744 2330 communicet,
2785 2265 2961 2334 priore
3007 2263 3175 2319 multo
3212 2263 3578 2319 admirabilio—
3618 2326 3629 2327 ί

2071 2374 2206 2412 rem.
2228 2376 2247 2409 ι

2074 2446 2197 2504 Non
2227 2447 2302 2501 ita
2342 2443 2728 2501 admirandum
2754 2452 2896 2508 erat,
2932 2451 2997 2499 ut
3026 2450 3188 2512 puto,
3220 2443 3579 2513 Quantumvis

2007 2554 2265 2611 magnum
2317 2537 2411 2605 sit,
2468 2536 2618 2608 quod
2654 2537 2801 2591 Deus
2857 2535 3156 2592 humanam
3202 2542 3456 2590 naturam
3509 2536 3580 2599 de

2004 2629 2180 2698 prima
2245 2629 2530 2685 creatione
2588 2641 2808 2697 puram,
2852 2627 3060 2697 quippe
3082 2642 3204 2697 quae
3266 2625 3366 2681 Dei
3415 2641 3580 2682 manu

325 2718 653 2791 τιμηθεϊσαν
666 2756 684 2783 ,
736 2717 873 2789 πρὸς
903 2717 1189 2772 κοινωνίαν
1217 2717 1413 2773 ἑαυτοῦ
1439 2719 1526 2774 διὰ
1549 2718 1648 2789 τῆς
1668 2718 1901 2790 ἐμπνεύ-

2005 2721 2274 2776 houorata
2298 2728 2438 2781 erat,
2471 2718 2538 2772 ad
2567 2718 2651 2773 sui
2686 2717 3144 2775 communionem
3198 2716 3359 2771 duxit
3392 2716 3582 2772 inﬂato

328 2827 466 2875 σεως
498 2810 725 2877 ἀγαγεῖν
753 2808 849 2862 τὸν
875 2807 1008 2861 Θεὸν
1032 2846 1048 2872 ,
1100 2807 1178 2879 τῷ
1208 2808 1380 2880 ὁμοίῳ
1419 2809 1770 2880 μεταδιδόντα
1800 2810 1900 2879 τῆς

320 2899 447 2953 κατ’
468 2899 652 2952 εἰκόνα
702 2897 853 2960 θείας
889 2897 1252 2968 ὡραιότητος,
1299 2898 1422 2951 ὅσον
1461 2898 1523 2952 τὸ
1556 2897 1903 2969 ρυπωθεῖσαν

320 2989 529 3057 ’ταύτην
590 2987 683 3040 καὶ
728 2985 863 3039 Θεοῦ
895 2984 1368 3056 δραπετεύσασαν,
1401 2985 1467 3039 δι’
1493 2977 1568 3041 ὧν
1596 2984 1905 3056 ἀνεμάξατο

2009 2810 2241 2880 Spiritu,
2268 2824 2462 2880 parem
2486 2808 2671 2865 divina
2705 2807 2962 2878 imaginis
3010 2807 3430 2893 pulchritudine
3479 2807 3585 2862 im-

2003 2903 2269 2973 pertiens,
2301 2914 2467 2970 quam
2496 2899 2643 2969 quod
2674 2899 2948 2954 maculata
2970 2898 3076 2955 hac
3114 2897 3324 2967 Deique
3350 2896 3583 2969 fugitiva

2003 2991 2147 3047 facta
2191 2991 2509 3062 passionum
2584 2988 3051 3058 conspurcatione
3123 2995 3322 3043 natura
3364 2991 3582 3046 ‘versari

324 3079 554 3143 παθῶν,
597 3077 770 3148 ταύτῃ
804 3077 1202 3148 προσομιλῆσαι
1227 3076 1646 3144 καταδέξασθαι,
1682 3076 1780 3131 καὶ
1807 3075 1901 3140 τοῦ

2010 3081 2259 3147 indulsit,
2286 3081 2609 3151 pejorisque
2630 3080 3080 3135 communionem
3112 3094 3222 3133 non
3278 3080 3580 3149 aversavit,

320 3170 570 3242 ,χείρονος
598 3169 893 3239 μετασχεῖν
916 3207 931 3234 ,
990 3166 1084 3222 καὶ
1111 3165 1190 3237 τῷ
1215 3168 1392 3238 πάντη
1425 3168 1535 3222 τῶν
1563 3168 1902 3239 πραγμάτων

325 3263 546 3332 ἀμίκτῳ
568 3263 635 3331 τῇ
660 3256 952 3331 παραδόξῳ
977 3256 1169 3310 ὲνώσει
1189 3260 1599 3328 προσεπιτεϊναι
1619 3258 1680 3312 τὸ
1696 3257 1899 3328 θαῦμα.

327 3350 601 3425 Πρότερον
629 3352 726 3421 μὲν
751 3349 862 3419 γὰρ
888 3349 1011 3402 κατ’
1034 3347 1223 3402 οὐδένα
1247 3347 1450 3419 τρόπον
1475 3348 1511 3419 ἦ
1536 3348 1694 3418 λόγον
1716 3348 1903 3410 οὐσίας

318 3443 364 3515 ἢ
392 3440 762 3503 ὑποστάσεως,
804 3438 914 3491 τῶν
945 3438 1003 3491 ὲν
1027 3433 1113 3502 οἷς
1142 3437 1210 3491 τὰ
1236 3437 1365 3515 ὄντα
1393 3437 1904 3506 πάντα-καθολικῶς

322 3533 658 3604 θεωρεῖται,
714 3527 776 3581 τὸ
813 3527 871 3582 ἓν
921 3527 1058 3599 πρὸς
1097 3527 1189 3581 τὸν
1225 3527 1359 3582 Θεὸν
1405 3529 1440 3598 ἡ
1472 3527 1637 3598 φύσις
1669 3527 1900 3598 εἰλήφει,

329 3622 426 3679 νῦν
475 3620 534 3675 δὲ
564 3618 647 3673 ’τὸ
695 3617 819 3672 καθ’
859 3617 1159 3672 ὑπόστασιν
1209 3616 1268 3671 ἓν
1316 3618 1452 3688 πρὸς
1482 3617 1645 3673 αὑτὸν
1685 3617 1774 3672 διὰ
1804 3617 1904 3687 τῆς

332 3711 612 3781 ἀφράστου
643 3707 889 3768 ὲνώσεως
918 3705 1077 3759 ἔλαϐε
1097 3745 1114 3774 ,
1169 3705 1260 3759 τὸν
1289 3707 1488 3768 οἰκεῖον
1516 3705 1716 3779 δηλαδὴ
1764 3705 1905 3760 κατὰ

330 3804 430 3875 τὴν
466 3799 655 3855 οὐσίαν
688 3795 1068 3858 ἁναλλοιώτως
1100 3796 1238 3867 πρὸς
1266 3795 1365 3867 τὴν
1396 3796 1546 3850 θείαν
1575 3796 1764 3854 οὐσίαν
1786 3795 1903 3851 διά-

332 3909 499 3963 φορον
547 3888 984 3959 διαφυλάττουσα
1018 3886 1186 3963 ⁵λόγον
1208 3927 1224 3954 ,
1279 3886 1415 3959 πρὸς
1444 3887 1512 3958 ἢν
1545 3886 1656 3959 ἔχει
1684 3887 1777 3942 διὰ
1805 3888 1903 3959 τῆς

331 3983 577 4046 ὲνώσεως
628 3981 691 4034 τὸ
734 3979 857 4034 καθ’
898 3978 1199 4033 ὑπόστασιν
1247 3977 1306 4033 ἓν
1350 3979 1443 4033 καὶ
1471 3979 1764 4052 διάφορον,
1816 3980 1933 4055 ἴναγ

332 4074 415 4146 τῷ
443 4074 541 4145 μὲν
574 4071 668 4126 τοῦ
700 4067 840 4125 εἶναι
869 4069 1035 4140 λόγῳ,
1077 4069 1199 4123 καθ’
1223 4069 1283 4125 δν
1315 4069 1606 4142 γεγένηται
1639 4071 1735 4124 καί
1762 4069 1899 4135 ἔστι,

328 4165 577 4235 ’διαμένοι
600 4162 661 4216 τὸ
686 4160 889 4231 ἑαυτῆς
910 4160 970 4215 ὃν
993 4161 1196 4232 κυρίως
1219 4160 1415 4232 ἔχουσα
1435 4161 1575 4216 κατὰ
1592 4161 1770 4216 πάντα
1787 4161 1904 4232 τρό-

334 4272 436 4315 πον
462 4254 736 4325 άμείωτον
758 4290 775 4317 ,
827 4251 903 4321 τῷ
932 4251 990 4305 δὲ
1020 4250 1114 4305 τοῦ
1149 4270 1266 4316 πως
1295 4251 1487 4325 (215
1508 4253 1566 4324 b)
1596 4248 1735 4306 εἶναι
1759 4252 1902 4325 λόγῳ

335 4348 399 4402 τό
427 4342 724 4414 ὑφεστάναι
755 4340 948 4405 θεῐκῶς
974 4340 1214 4397 λαϐοῦσα
1241 4346 1341 4413 τῆς
1370 4343 1497 4413 περί
1523 4360 1574 4397 τι
1602 4343 1728 4401 ἄλλο
1750 4346 1902 4413 κινή-

2008 3173 2141 3229 etin
2194 3187 2322 3227 eum
2362 3184 2538 3241 usque
2582 3169 2679 3240 qui
2734 3169 3085 3240 negotiorum
3137 3169 3342 3239 ubique
3395 3170 3583 3240 dispar

2009 3272 2171 3333 atque
2198 3263 2414 3318 alienus
2441 3269 2526 3316 est
2569 3261 2883 3338 admirabili
2938 3261 3188 3316 unitione
3222 3262 3461 3317 intendit
3481 3264 3584 3317 mi-

2010 3354 2278 3409 raculum.
2317 3351 2480 3407 Prius
2530 3351 2679 3405 enim
2713 3351 2871 3405 nullo
2908 3352 3071 3406 modo
3094 3361 3193 3406 aut
3234 3353 3449 3408 ratione
3495 3369 3583 3408 es-

2010 3442 2201 3498 sentia:
2234 3442 2644 3505 substantiaeve,
2682 3441 2736 3495 in
2767 3442 2969 3511 quibus
3002 3443 3264 3498 universa
3295 3460 3419 3514 quae
3451 3455 3583 3507 sunt

2009 3531 2337 3602 generaliter
2362 3528 2804 3598 conspiciuntur,
2864 3529 3130 3585 unitatem
3166 3545 3288 3585 cum
3330 3532 3443 3587 Deo
3478 3547 3581 3587 na-

2010 3630 2133 3676 tura
2182 3622 2351 3691 eepit,
2373 3635 2522 3675 nunc
2550 3634 2685 3674 vero
2709 3619 3033 3675 substantia:
3056 3636 3185 3675 cum
3212 3636 3280 3676 eo
3308 3621 3580 3679 unitatem

2010 3710 2276 3766 ineffabili
2308 3708 2559 3764 unitione
2596 3716 2754 3763 nacta
2783 3717 2887 3774 est,
2913 3709 2987 3764 ita
3012 3717 3071 3763 ut
3112 3710 3390 3784 propriam
3426 3710 3582 3767 vide-

2008 3803 2137 3858 licet
2161 3800 2530 3858 essentialiter
2555 3799 2897 3860 immutatam
2919 3807 2975 3855 et
3017 3815 3049 3854 a
3099 3800 3283 3855 divina
3337 3802 3579 3863 essentia

2008 3894 2286 3949 diversam
2325 3890 2635 3947 custodiret
2695 3890 2999 3956 rationem,
3050 3907 3177 3947 cum
3232 3909 3340 3963 qua
3389 3895 3578 3951 divina

2008 3981 2248 4043 essentia
2271 3985 2425 4043 unita
2454 3983 2622 4039 habet
2648 3992 2706 4038 et
2746 3985 3018 4039 unitatem
3064 3993 3121 4039 et
3174 3985 3572 4053 diversitatem,

2010 4085 2072 4132 ut
2101 4076 2436 4131 exsistentise
2480 4074 2713 4139 ratione,
2777 4089 2884 4143 qua
2925 4073 3067 4130 facta
3116 4083 3202 4131 est
3252 4084 3310 4131 et
3336 4077 3571 4144 exsistit,

2009 4166 2156 4237 quod
2187 4166 2466 4237 peculiare
2525 4166 2630 4221 sibi
2676 4167 2846 4223 habet
2878 4166 3374 4236 perservet‘nulla
3419 4177 3575 4237 parte

2009 4260 2375 4324 deminutum,
2414 4274 2519 4314 nec
2565 4259 2851 4330 qualitatis
2895 4259 3107 4317 ratione
3153 4260 3397 4316 divinam
3430 4262 3577 4321 exsi-

2012 4350 2266 4411 stentiam
2305 4358 2461 4407 nacta
2485 4351 2746 4407 motionis
2779 4351 2923 4406 circa
2962 4350 3111 4411 aliud
3168 4350 3302 4421 quid
3334 4351 3579 4407 libratio-

338 4450 477 4498 item;
526 4435 624 4505 τὴν
673 4433 846 4504 ῥοπὴν
897 4432 1179 4497 παντελῶς
1235 4435 1372 4505 μήτε
1419 4435 1662 4508 γινώσκῃ
1686 4474 1700 4501 ,
1768 4436 1901 4506 μήτε

2010 4457 2135 4499 nem
2166 4442 2367 4498 sentiat
2398 4443 2513 4505 ullo
2540 4441 2706 4506 modo
2750 4449 2847 4497 aut
2880 4442 3156 4499 admittat.
3208 4441 3323 4498 Hoc
3351 4441 3579 4512 quidem

339 4525 653 4598 προσίηται.
697 4525 881 4599 Ταύτῃ
909 4522 1040 4593 γοῦν
1070 4523 1205 4578 πολὺ
1237 4524 1338 4596 τῆς
1367 4526 1639 4596 προτέρας
1665 4527 1904 4598 παραδο-

342 4616 567 4687 ξοτέραν
609 4615 707 4687 τὴν
737 4614 875 4685 πρὸς
904 4615 1002 4685 τὴν
1032 4614 1194 4684 φύσιν
1227 4615 1337 4670 τῶν
1365 4617 1668 4688 ἀνθρώπων
1697 4621 1726 4672 ὁ
1748 4619 1905 4685 λόγος

340 4707 634 4778 ἐποιήσατο
689 4705 1011 4771 κοινωνίαν,
1069 4705 1239 4776 αὐτὴν
1289 4706 1386 4777 τὴν
1431 4707 1594 4775 φύσιν
1636 4706 1909 4771 οὑσιωδῶς

341 4796 516 4869 ἑαυτῷ
553 4795 673 4851 καθ’
698 4795 995 4849 ὑπόστασιν
1024 4794 1232 4860 ἑνώσας

2000 4529 2173 4587 modo
2212 4545 2394 4585 sermo
2419 4530 2863 4586 communionem
2907 4531 3091 4601 priore
3121 4531 3296 4587 multo
3341 4531 3582 4588 admira-

2015 4622 2267 4679 biliorem
2302 4638 2426 4681 cum
2456 4623 2743 4681 hominum
2772 4631 2966 4680 natura
3001 4624 3204 4690 effecit,
3237 4639 3362 4679 cum
3406 4624 3582 4695 ipsam

2014 4720 2269 4769 naturam
2317 4715 2686 4770 essentialiter
2714 4716 2819 4771 sibi
2874 4716 3178 4772 secundum
3214 4715 3580 4773 substantiam

2011 4805 2317 4875 copularet.

356 4981 456 5037 Ἐκ
499 4978 606 5034 τοῦ
643 4978 831 5035 αὐτοῦ
854 5017 870 5041 ,
913 4981 999 5046 είς
1023 4978 1090 5035 τὸ
1111 5020 1125 5045 ,
1187 4980 1374 5036 «Νυνὶ
1399 4978 1466 5035 δέ
1495 4998 1596 5050 μοι
1614 4981 1783 5047 δέξαι
1812 4984 1901 5051 ein

2024 4984 2108 5041 Ea:
2151 4984 2351 5049 eodem,
2377 4985 2431 5037 in
2464 4984 2601 5038 illud
2622 5000 2640 5039 :
2671 4983 2850 5040 «Nunc
2877 4990 3057 5039 autem
3085 4994 3390 5057 conceptum
3415 4989 3592 5059 accipe

413 5070 656 5138 κύησιν,
683 5069 779 5139 καὶ
808 5072 1274 5139 προσκίρτησον,
1302 5071 1402 5125 καί
1426 5075 1477 5127 εί
1499 5071 1584 5142 μὴ
1615 5074 1695 5140 ὡς
1727 5075 1924 5131 Ἰωάν-

406 5170 527 5228 νης
575 5161 695 5215 ἀπὸ
734 5160 1034 5231 γαστρός,
1088 5164 1226 5217 ἀλλ’
1250 5163 1329 5229 ὡς
1370 5163 1549 5218 Δαόίδ
1588 5164 1686 5218 ἐπὶ
1718 5163 1790 5235 τῇ
1816 5182 1921 5221 κα-

413 5250 711 5304 ταπαύσει
740 5248 849 5317 τῆς
870 5251 1121 5306 κιϐωτοῦ
1144 5251 1280 5323 (27).
1295 5271 1315 5305 ι

431 5339 681 5410 Ἰωάννης
732 5343 760 5394 ό
812 5340 986 5411 μέγας
1040 5344 1100 5396 οὑ
1151 5343 1317 5413 μόνον
1357 5344 1646 5414 μετανοίας
1694 5345 1917 5417 καὶτῆς

346 5572 349 5573 ν
418 5496 532 5568 (25)
563 5496 646 5553 Cf.
673 5499 894 5569 Dionys.
915 5500 1179 5624 Areopag.
1206 5501 1681 5571 ῌεάΞυὶηηηοηιιηι
1701 5519 1823 5574 cap.
1848 5505 1904 5569 2,

352 5568 379 5624 ξ
422 5568 502 5624 Η.
536 5582 657 5624 Datz.
705 5568 823 5622 322.
870 5578 1001 5624 t07n.
1094 5610 1107 5624 .
1140 5570 1278 5624 Oon.
1329 5574 1415 5624 ed.
1451 5573 1904 5624 Venet..etalibi.

352 5568 379 5638 ξ
422 5568 502 5630 ll,
536 5582 657 5691 pag.
705 5568 829 5622 δεῖ
870 5578 1001 5624 ιοῖη.
1059 5568 1278 5691 ἶεῦιίρ.
1329 5574 1415 5627 ed.
1451 5573 1667 5636 Venet.,
1692 5568 1905 5628 etalibi.

417 5638 532 5691 (26)
628 5652 739 5691 retr.
788 5636 918 5691 Naz.
957 5636 1048 5691 0r.
1094 5657 1146 5691 m
1232 5643 1490 5691 heenhan.
1533 5658 1656 5691 mn.
1695 5643 1780 5691 15.

417 5636 551 5707 (26)
579 5636 739 5707 Greg.
788 5636 918 5692 Naz.
957 5636 1048 5693 0r.
1094 5641 1146 5693 in
1189 5636 1490 5713 Thecplzan.
1533 5658 1656 5713 cap.
1695 5643 1780 5701 l5.

627 5788 636 5796 _
669 5731 934 5792 Ρλτιιοι.
965 5733 1096 5831 ρο.
1156 5734 1312 5797 XCI.

2090 5093 2153 5131 ac
2174 5074 2445 5146 praealta,
2484 5083 2533 5128 et
2554 5077 2599 5129 si
2627 5092 2732 5129 non
2781 5083 2839 5128 ut
2869 5074 3098 5131 Ioannes
3142 5091 3205 5130 ea:
3243 5072 3412 5143 utero,
3455 5089 3593 5133 certe

2088 5176 2145 5220 ut
2165 5165 2335 5220 David
2360 5166 2420 5219 ob
2448 5182 2587 5223 arca:
2605 5168 2996 5238 repositionem.
3020 5185 3039 5219 ι
3080 5226 3086 5233 ,

2089 5345 2330 5402 Joannes
2363 5361 2594 5417 magnus
2626 5362 2736 5400 non
2785 5346 2960 5402 solum
2999 5347 3339 5418 poenitentia
3366 5358 3422 5405 et
3470 5365 3596 5421 pra:

2015 5521 2068 5576 p.
2105 5504 2386 5576 672,_tom.
2421 5505 2464 5576 l.
2492 5504 2631 5575 Opp.
2662 5505 2990 5561 ed..Bened.

2025 5574 2380 5698 negatum
2415 5575 2538 5628 ibid.
2568 5574 2687 5644 cap.
2717 5576 2802 5641 ιγ,
2840 5590 2894 5644 p.
2939 5577 3063 5642 σπι,
3095 5583 3229 5631 tom.
3265 5576 3304 5631 ι.
3335 5576 3475 5676 Opp.
3501 5577 3593 5637 εει.

3206 5737 3276 5802 ιιι

3619 5781 3656 5799 Α
