4038 6146
382 465 389 473 .
488 421 866 493 templationis
890 419 1079 493 imago
1101 426 1207 481 est,
1241 416 1407 486 hujus
1440 425 1499 469 ut
1526 430 1705 485 praeco
1726 424 1781 469 et
1801 415 2060 484 baptista,

492 225 634 288 1291
1631 212 1690 273 s.
1733 211 2024 272 MAXIMI
2055 212 2569 281 CONFESSORIS
3667 220 3806 295 1293

482 331 1011 407 cticaaphilosophia:
1036 327 1498 399 impassibilitatis
1543 334 1598 380 et
1632 327 1894 395 gnosticze
1927 340 2051 379 con-

2165 330 2305 381 κατᾶ
2341 331 2439 401 τὴν
2472 334 2784 406 πρακτικὴν
2823 334 3143 405 φιλοσοφίαν
3174 336 3472 401 ἀπαθείας
3512 338 3624 391 καί
3655 353 3805 406 γνω-

2171 422 2362 492 στικῆς
2390 424 2625 494 θεωρίας
2646 426 2795 480 ἐστὶν
2823 426 3022 494 εἰκὼν,
3073 429 3174 499 τῆς
3206 429 3311 500 μὲν
3345 429 3430 494 ὡς
3464 429 3673 499 κῆρυξ
3711 432 3807 484 καὶ

2170 510 2510 583 βαπτιστὴς,
2566 516 2664 587 τῆς
2711 516 2768 570 δέ
2819 516 2894 581 ὡς
2932 518 3200 589 ἐρημίτης
3254 520 3356 573 καὶ
3402 518 3514 574 τοῦ
3571 521 3804 591 κόσμου

2170 603 2346 673 πάντη
2376 606 2818 676 κεχωρισμένος,
2854 610 2953 680 τῆς
2980 608 3035 661 δέ
3070 608 3145 673 ὡς
3175 611 3419 681 Λευῖτης
3459 611 3571 663 καὶ
3604 612 3801 681 ἱερεὺς

2166 694 2260 746 καὶ
2291 694 2427 747 Θεοῦ
2456 695 2634 763 Λόγου
2666 697 2991 768 πρόδρομος,
3029 698 3165 753 ἀλλὰ
3196 700 3295 752 καὶ
3324 699 3432 770 τῆς
3469 701 3539 752 ἐν
3564 700 3800 765 τούτοις

2166 788 2309 842 κατὰ
2338 789 2438 860 τὴν
2466 790 2579 855 ἐειν
2606 792 2871 863 ἀτρεψῐας
2899 792 3166 864 σύμϐολον
3191 835 3206 859 ,
3265 796 3345 858 ὡς
3378 796 3498 850 ἀπὸ
3528 797 3798 864 γαστρὸς

2166 881 2262 933 καὶ
2314 881 2475 951 μέχρι
2518 881 2748 936 θανάτου
2798 885 2890 937 τὸν
2923 887 2981 938 ἐν
3008 885 3221 947 τούτοις
3260 886 3366 956 τῆς
3392 886 3594 957 ψυχῆς
3627 888 3797 941 τόνον

2165 970 2478 1039 ἀμείλικτον
2517 971 2874 1043 διατηρήσας.
2921 974 2979 1027 Ὀ
3008 973 3066 1027 δὲ
3095 976 3263 1029 Δαϐὶδ
3303 975 3795 1047 ἐξομολογήσεως

2165 1057 2417 1128 πράξεώς
2462 1077 2520 1113 τε
2580 1062 2676 1115 καὶ
2720 1062 2954 1133 θεωρίας
3011 1064 3104 1117 καὶ
3151 1065 3315 1129 αὑτός
3372 1067 3537 1118 ἐστιν
3578 1066 3791 1133 εἰκὼν,

2164 1150 2239 1212 ὡς
2271 1150 2370 1219 τῆς
2402 1150 2700 1223 Ἰουδαϊκῆς
2748 1152 2919 1222 φυλῆς
2967 1154 3061 1207 καὶ
3106 1155 3312 1227 ποιμὴν
3340 1156 3637 1227 πρότερον
3688 1160 3791 1212 καὶ

2165 1240 2390 1314 ὕστερον
2445 1243 2733 1313 βασιλεὺς,
2794 1245 2887 1298 καὶ
2939 1245 3048 1300 τῶν
3078 1245 3394 1315 ἀλλοφύλων
3434 1249 3785 1319 ἀναιρέτης,

2161 1335 2221 1387 οὐ
2277 1335 2384 1405 μὴν
2417 1334 2476 1388 δέ
2526 1335 2621 1388 καὶ
2666 1335 2765 1406 τῆς
2801 1335 3009 1390 τούτων
3040 1336 3186 1391 κατὰ
3212 1337 3311 1409 τὴν
3335 1338 3452 1403 ἕξιν
3484 1340 3784 1410 άτρεψίας

481 1433 621 1490 cidit
660 1431 809 1485 enim
864 1437 989 1498 post
1039 1426 1374 1495 agnitionem
1404 1463 1418 1488 ,
1484 1423 1787 1477 humanum
1844 1420 2051 1491 aliquid

2163 1423 2226 1476 σύ
2235 1425 2453 1494 μϐολον.
2480 1424 2768 1496 Παρέπεσε
2786 1427 2894 1497 γάρ
2920 1427 3059 1496 μετά
3080 1428 3180 1497 τὴν
3200 1428 3529 1496 ἐπίγνωσιν,
3545 1430 3783 1501 ἀνθρὼ-

482 1537 700 1595 passus,
731 1527 788 1573 et
814 1516 1041 1570 virtutis
1063 1521 1228 1583 atque
1259 1511 1589 1582 cognitionis
1642 1510 1894 1565 habitum
1942 1524 2051 1563 non

2165 1515 2319 1569 πινόν
2362 1532 2419 1569 τι
2468 1515 2659 1570 παθὼν
2680 1555 2697 1582 ,
2753 1517 2848 1569 καὶ
2883 1516 2985 1587 τὴν
3009 1516 3121 1583 ἕξιν
3147 1518 3248 1588 τῆς
3274 1518 3487 1588 ἀρετῆς
3522 1520 3638 1573 καὶ
3668 1520 3781 1588 τῆς

482 1611 728 1666 servavit
759 1609 1128 1662 immutatum.
1159 1604 1528 1670 Quamobrem
1571 1601 1804 1657 fortasse
1853 1617 1959 1657 nec
1985 1601 2051 1656 de

2161 1605 2416 1673 γνώσεως
2469 1607 2571 1662 οὐκ
2619 1605 2884 1676 ἐφύλαξεν
2933 1607 3221 1678 ἄτρεπτον.
3279 1610 3372 1662 Διὸ
3415 1611 3595 1680 τυχὸν
3641 1612 3778 1665 οὐδὲ

481 1702 650 1759 Verbi
682 1708 861 1763 utero,
896 1696 1176 1767 quomodo
1198 1710 1429 1765 magnus
1455 1694 1715 1759 Joannes,
1753 1693 2051 1749 exsultasse

2161 1696 2270 1749 ἀπὸ
2319 1696 2555 1767 γαστρὸς
2607 1673 2701 1752 τοῦ
2750 1696 2912 1764 λόγου
2971 1673 3375 1768 π-ροσκιρτῆσαι
3421 1673 3773 1770 γέγραπται

484 519 715 573 alterius
750 522 809 570 ut
834 512 1068 568 eremita
1096 520 1151 565 et
1180 525 1210 563 a
1246 508 1455 563 mundo
1479 508 1700 577 penitus
1716 514 2060 577 ‘segregatus,

484 608 634 662 illius
664 619 798 659 vero
857 610 920 657 ut
956 600 1145 655 Levita
1177 607 1233 653 et
1284 597 1545 652 sacerdos
1587 605 1644 651 et
1676 596 1848 652 divini
1906 596 2061 651 verbi

483 712 816 770 praecursor,
842 692 941 751 sed
974 695 1141 750 etiam
1168 694 1289 763 ejus
1315 707 1435 762 qua:
1460 691 1515 744 in
1555 691 1644 745 his
1687 690 2061 760 deprehendi-

484 802 576 846 tur
604 787 900 854 habitualis
924 786 1244 839 constantia:
1280 799 1344 838 ac
1389 782 1707 838 stabilitatis
1751 781 2060 853 symbolum

484 892 677 953 utpote
708 881 803 950 qui
832 895 900 934 ex
927 889 1090 933 utero
1131 877 1217 930 vel
1253 863 1426 945 usque
1456 875 1526 928 ad
1581 884 1817 929 mortem
1861 874 2059 929 animm

482 975 538 1030 in
565 974 652 1028 his
681 983 931 1026 tenorem
965 968 1259 1022 infractum
1279 966 1645 1021 conservavit.
1671 965 1844 1020 David
1870 975 2057 1020 autem

484 1066 885 1128 confessionis,
944 1061 1179 1118 actionis
1233 1067 1397 1128 atque
1453 1058 1937 1127 contemplationis
2000 1066 2057 1113 et

482 1161 599 1230 ipse
626 1158 804 1227 imago
834 1163 938 1219 est,
964 1162 1023 1207 ut
1049 1136 1291 1208 Judaica:
1316 1149 1495 1205 tribus
1523 1160 1578 1204 et
1606 1156 1794 1218 pastor
1815 1149 2056 1219 primum

481 1260 539 1306 et
562 1258 752 1319 postea
778 1263 892 1306 rex,
917 1253 974 1300 et
1025 1243 1441 1312 Allophylorum
1495 1241 1800 1306 confector,
1854 1249 1911 1295 at
1943 1256 2053 1295 non

481 1342 617 1398 item
644 1339 941 1395 habitualis
966 1338 1182 1392 illarum
1235 1333 1550 1389 stabilitatis
1587 1333 1921 1402 symbolum.
1946 1332 2057 1386 Ex-

480 1801 763 1856 narratur,
792 1789 888 1845 sed
920 1795 1043 1858 post
1066 1786 1366 1857 perfectam
1410 1785 1826 1855 AIIOphylorum
1886 1784 2060 1838 inter-

479 1886 775 1942 necionem
795 1895 1046 1949 arcaeque
1076 1878 1505 1941 restitutionem,
1555 1878 1660 1933 hoc
1692 1888 1778 1932 est
1811 1885 1936 1947 post
1969 1890 2057 1930 re-

479 1988 698 2046 pressas
721 1970 1008 2042 passiones
1032 1981 1421 2036 reversamque
1444 1981 1638 2021 rursus
1658 1966 2052 2036 cognitionem.

479 2066 663 2135 Imago
690 2063 855 2134 igitur
879 2060 1106 2117 Joannis
1132 2058 1356 2128 quidem
1386 2066 1471 2112 est
1494 2058 1742 2112 omnium
1771 2057 1975 2111 virtute
2000 2064 2057 2111 et

477 2156 789 2227 cognitione
825 2168 923 2222 per
952 2150 1335 2220 paenitentiam
1354 2149 1411 2203 in
1435 2149 1634 2219 spiritu
1664 2155 2055 2215 generatorum

477 2249 844 2315 habitumque
870 2244 929 2297 in
954 2242 1413 2296 hisimmutatum
1446 2238 1514 2292 ad
1557 2238 1721 2292 linem
1746 2252 1922 2306 usque
1955 2250 2055 2305 per

477 2352 838 2412 progressum
887 2331 1349 2404 perservantium.
1384 2328 1556 2384 David
1613 2342 1751 2383 vero
1804 2327 2051 2382 omnium

477 2439 603 2502 post
626 2429 964 2499 agnitionem
1013 2421 1473 2491 delinquentium,
1515 2433 1819 2488 rursusque
1864 2416 2053 2487 gaudii

477 2522 650 2579 divini
676 2516 1102 2574 exsultationem
1130 2513 1198 2568 de
1224 2514 1431 2568 virtute
1454 2511 1832 2581 etcognitione
1853 2509 2052 2563 anima:

476 2629 577 2685 per
606 2609 987 2682 pmnitentiam
1018 2605 1426 2665 reducentium.
1468 2604 1658 2673 Itaque
1712 2602 1898 2657 brevis
1929 2615 2052 2656 esse

476 2704 707 2762 studens
738 2717 970 2773 magnus
994 2700 1277 2771 magister,
1303 2707 1360 2753 et
1387 2695 1662 2751 sermonis
1681 2696 1792 2749 vim
1820 2695 1876 2749 in
1922 2693 2051 2748 lati-

474 2793 724 2850 tudinem
757 2805 986 2861 pronam
1011 2789 1209 2858 spiritu
1260 2786 1596 2855 restringere
1628 2784 1883 2853 cupieus,
1921 2796 2048 2836 cum

472 2883 684 2939 Joanne
712 2891 770 2935 et
795 2880 1023 2944 Davide,
1052 2879 1265 2949 magnis
1282 2877 1614 2941 duumviris,
1641 2892 1742 2946 per
1760 2876 2049 2945 utriusque

474 2974 727 3030 habitum
780 2971 1119 3041 comparavit
1176 2969 1348 3023 divini
1396 2968 1601 3037 eloquii
1627 2967 2047 3032 auscultatores,
2075 3002 2120 3061 ο

473 3076 736 3134 tanquam
764 3062 1018 3119 alterutri
1049 3063 1247 3116 horum
1278 3059 1524 3125 omnino,
1554 3058 1633 3112 uti
1694 3057 1935 3124 videtur,
1982 3073 2050 3113 eo

471 3157 568 3229 qui
595 3156 910 3210 luculenter
927 3155 995 3209 de
1024 3162 1259 3222 utroque
1299 3152 1708 3206 demonstratus
1735 3157 1821 3204 est
1860 3150 2045 3215 modo,

470 3251 856 3321 unusquisque
909 3265 1119 3311 ,eorum
1168 3248 1263 3318 qui
1300 3247 1387 3318 pie
1446 3248 1639 3301 vivunt
1694 3245 2044 3315 respondeat,

465 3345 623 3422 quasi
653 3345 860 3399 diserte
890 3343 1162 3396 clamans:
1187 3339 1513 3409 Quicunque
1540 3338 1790 3392 divinum
1827 3336 2049 3391 virtutis

473 3446 525 3490 et
548 3436 885 3507 cognitionis
925 3434 980 3487 in
1010 3433 1167 3487 vobis
1196 3447 1295 3502 per
1326 3430 1703 3501 paenitentiam
1752 3429 2046 3499 ingenera-

372 3544 379 3549 '
468 3537 584 3583 tum
631 3528 921 3598 recepistis
949 3539 1285 3589 sermonem,
1321 3524 1435 3577 sive
1479 3524 1534 3577 in
1572 3522 1751 3593 magni
1814 3522 2045 3578 Joannis

466 3620 692 3677 modum
724 3635 792 3673 ex
831 3616 1106 3687 principio
1140 3631 1316 3685 usque
1347 3616 1413 3670 ad
1451 3615 1612 3669 linem
1646 3631 1745 3687 per
1779 3630 2043 3685 progres-

464 3725 589 3765 sum
642 3708 877 3762 ﬁrmiter
923 3706 1297 3760 conservastis
1352 3704 1691 3758 ltabitualem
1738 3704 1936 3759 anima:
1974 3704 2043 3757 de

467 3799 588 3870 ipso
638 3795 1069 3852 exsultationem
1123 3795 1389 3859 divinam,
1432 3795 1581 3848 nulla
1622 3794 1848 3849 omnino
1880 3794 2042 3848 mali-

464 3888 695 3960 gnitatis
726 3887 910 3956 specie
949 3893 1004 3941 et
1028 3886 1335 3957 ignorantia
1359 3885 1650 3943 subactivi.
1690 3886 1805 3940 sive
1831 3885 1887 3941 in
1921 3900 2043 3940 mo-

464 3978 597 4033 dum
648 3976 794 4030 beati
843 3974 1085 4040 Davidis,
1138 3973 1393 4029 etiam-si
1439 3972 1745 4027 secundum
1793 3973 2043 4028 divinum

464 4082 688 4124 cursum
718 4067 877 4121 vobis
930 4066 1065 4136 quid
1108 4082 1272 4136 grave
1308 4064 1599 4128 acciderit,
1650 4064 1902 4134 gnaviter
1939 4080 2040 4135 per

464 4161 1089 4234 pmnitentiamoperam
1123 4158 1249 4212 date
1284 4164 1344 4211 ut
1382 4157 1643 4211 virtutem
1681 4165 1738 4211 et
1767 4157 2041 4227 cognitio-

464 4266 592 4306 nem
649 4250 970 4303 constantire
1023 4248 1209 4302 nervis
1267 4255 1325 4301 et
1360 4245 1676 4300 divinorum
1721 4261 2042 4311 sermonum

2160 1788 2303 1841 κατά
2352 1787 2444 1840 τὸν
2494 1788 2665 1857 μέγαν
2698 1788 2951 1858 Ἰωάννην
2973 1827 2989 1853 ,
3040 1787 3176 1844 ἀλλά
3213 1788 3352 1858 μετά
3378 1789 3477 1859 τὴν
3510 1790 3633 1843 τῶν
3663 1791 3771 1844 diu

2159 1878 2405 1947 λοφύλων
2433 1878 2644 1933 τελείαν
2669 1879 2951 1949 ἀναίρεσιν
2981 1879 3076 1932 καὶ
3100 1878 3198 1951 τὴν
3222 1880 3320 1948 τῆς
3346 1878 3590 1933 κιϐωτοῦ
3616 1884 3771 1936 ﬁmo

2159 1972 2522 2039 κατάστασιν,
2579 1972 2828 2026 τουτέστι
2862 1971 3001 2042 μετά
3030 1970 3129 2041 τὴν
3156 1972 3267 2024 τῶν
3297 1970 3489 2025 παθῶν
3520 1973 3770 2043 ὐποχώ-

2160 2079 2320 2133 ρησιν
2367 2063 2463 2116 καὶ
2494 2063 2593 2134 τὴν
2625 2063 2724 2133 τῆς
2756 2061 3013 2131 γνώσεως
3054 2057 3211 2125 αὖθις
3241 2062 3523 2116 ἐπάνοδον.
3561 2063 3768 2126 Τόπος

2158 2149 2252 2207 οὖν
2281 2154 2432 2207 ἐστιν
2480 2153 2509 2206 ό
2558 2153 2655 2223 μὲν
2691 2153 2945 2223 Ἰωάννης
2991 2152 3210 2206 πάντων
3251 2152 3360 2205 τῶν
3389 2154 3516 2207 κατ’
3539 2155 3767 2225 ἀρετὴν

2156 2244 2251 2299 καὶ
2283 2244 2486 2313 γνῶσιν
2518 2244 2606 2298 διὰ
2642 2243 2932 2315 μετανοίας
2963 2243 3023 2297 ἐν
3049 2242 3323 2314 πνεύματι
3350 2246 3763 2314 γεννωμένων,

2155 2335 2251 2388 καὶ
2287 2334 2451 2405 μέχρι
2487 2334 2675 2398 τέλους
2724 2334 2813 2388 διά
2852 2333 3138 2406 προκοπῆς
3168 2334 3267 2406 τὴν
3296 2335 3354 2388 ἐν
3379 2334 3599 2397 τούτοις
3625 2334 3764 2399 ἕξιν

2155 2426 2426 2498 ἄτρεπτον
2482 2425 2921 2498 διατηρούντων,
2988 2429 3017 2481 ό
3049 2426 3106 2480 δέ
3151 2425 3318 2480 Δαϐὶδ
3371 2426 3599 2480 πάντων
3629 2428 3758 2481 τῶν

2157 2519 2299 2590 μετά
2356 2518 2458 2589 τὴν
2516 2519 2813 2588 ἐπίγνωσιν
2863 2506 3362 2590 παραπιπτόντων,
3426 2520 3525 2574 καὶ
3574 2522 3756 2577 πάλιν

2152 2608 2241 2662 διὰ
2270 2607 2562 2679 μετανοίας
2603 2609 2663 2663 τὸ
2692 2610 2814 2663 κατ’
2833 2610 3039 2682 ἀρετὴν
3068 2611 3162 2665 καὶ
3187 2610 3388 2679 γνῶσιν
3424 2613 3755 2681 ἐπαναγόν-

2094 2722 2117 2737 .
2153 2717 2262 2753 των
2286 2701 2384 2771 τῆς
2407 2700 2584 2771 ψυχῆς
2607 2702 2707 2772 τῆς
2725 2700 2876 2766 θείας
2899 2704 3073 2772 χαρᾶς
3096 2702 3430 2772 ἀγαλλίαμαι.
3458 2702 3755 2775 Σύντομος

2155 2790 2342 2862 (216
2361 2791 2416 2863 α)
2444 2788 2539 2845 οὖν
2565 2792 2845 2862 ὑπάρχων,
2873 2793 2969 2846 καὶ
2989 2792 3066 2864 τῷ
3086 2793 3357 2862 πνεύματι
3379 2794 3478 2865 τὴν
3500 2797 3587 2857 είς
3603 2797 3754 2851 πλάο

2152 2900 2244 2947 τος
2288 2884 2383 2938 τοῦ
2424 2885 2586 2953 λόγου
2637 2884 2869 2955 δύναμιν
2915 2885 3119 2955 νοερῶς
3166 2886 3452 2951 συστείλας
3493 2888 3522 2940 ό
3561 2888 3753 2958 μέγας

2154 2975 2495 3042 διδάσκαλος,
2539 2976 2763 3047 Ἰωάννῃ
2798 2977 2891 3030 καὶ
2916 2978 3076 3029 Δαϐ“ιδ
3107 2980 3223 3041 τοῖς
3249 2978 3510 3047 μεγάλοις
3541 2981 3748 3051 παρεξ-

2154 3084 2291 3121 κασε
2344 3067 2434 3120 διὰ
2481 3066 2579 3137 τῆς
2625 3066 2749 3122 καθ’
2771 3069 3030 3138 ἐκάτερον
3074 3067 3242 3132 ἕξεως
3279 3071 3408 3132 τοὺς
3437 3069 3549 3122 τῶν
3576 3071 3748 3124 θείων

2149 3158 2344 3227 λογίων
2364 3158 2649 3229 ’ἀκροατὰς
2668 3200 2682 3223 ,
2733 3157 2808 3221 ὡς
2835 3159 2915 3211 ἐνὶ
2945 3158 3162 3220 πάντως
3188 3158 3426 3227 τούτων,
3480 3161 3747 3234 καθάπερ

2148 3245 2302 3319 οἶμαι
2324 3291 2338 3315 ,
2390 3248 2531 3303 κατά
2554 3249 2647 3302 τὸν
2678 3252 2762 3318 ἐφ’
2789 3250 3005 3321 ἑκάστῳ
3033 3249 3213 3313 καλῶς
3239 3252 3579 3307 ἀποδοθέντα
3608 3255 3744 3323 τρόο

2150 3356 2282 3403 πον,
2336 3339 2568 3393 ἑκάστου
2597 3339 2708 3393 τῶν
2736 3340 2855 3392 κατ’
2873 3340 3154 3394 εὐσέϐειαν
3184 3339 3407 3403 ζώντων
3438 3345 3742 3413 ἐνισχημές-

2147 3449 2260 3496 νου,
2312 3431 2476 3485 οἱονεὶ
2519 3429 2812 3501 διαρρήδην
2866 3428 3004 3500 βοῶν
3022 3429 3066 3461 ⁸³
3118 3430 3313 3499 ὅτιπερ
3363 3431 3578 3495 Πάντες
3624 3434 3743 3486 ὅσοι

2146 3525 2235 3579 τὸν
2262 3523 2405 3577 θεῖον
2435 3522 2532 3594 τῆς
2558 3522 2756 3593 ἀρετῆς
2786 3521 3001 3592 καὶτῆς
3023 3518 3277 3589 γνώσεως
3310 3522 3367 3575 ἐν
3399 3522 3622 3587 ἑαυτοῖς
3652 3524 3745 3578 διά

2149 3615 2436 3687 μετανοίας
2480 3613 2835 3684 κυῖσκόμενον
2881 3612 3132 3679 ἐδέξασθε
3160 3612 3356 3680 Λόγον,
3402 3614 3437 3684 ἢ
3472 3615 3622 3667 κατά
3650 3615 3744 3667 τὸν

2148 3708 2322 3777 μέγαν
2355 3706 2610 3777 Ἰωάννην
2638 3704 2699 3770 ἐξ
2728 3704 2903 3778 ἀρχῆς
2934 3702 3092 3774 μέχρι
3117 3702 3304 3766 τέλους
3332 3703 3421 3756 διά
3451 3705 3745 3775 προκοπῆς

2142 3800 2206 3853 τὸ
2255 3797 2515 3870 ἐπάύτῷ
2560 3798 2661 3868 τῆς
2704 3796 2884 3867 ψυχῆς
2942 3793 3086 3848 κατά
3133 3794 3234 3864 τὴν
3283 3794 3400 3859 ἕξιν
3445 3794 3743 3865 ἀτρέπτως

2148 3892 2291 3946 θετον
2338 3890 2708 3961 διετηρήσατε
2756 3888 3069 3958 σκίρτημα,
3127 3885 3321 3956 μηδενὶ
3367 3884 3433 3939 τὸ
3473 3886 3740 3955 παράπαν

2144 3982 2484 4051 ὑπαγόμενοι
2528 3978 2728 4041 κακίας
2767 3976 2897 4030 εῖδει
2948 3977 3043 4030 καὶ
3079 3973 3349 4046 ἀγνωσία,
3398 3974 3431 4044 ἢ
3471 3974 3619 4027 κατά
3646 3975 3738 4027 τὸν

2146 4075 2417 4145 μακάριον
2458 4070 2661 4132 Δαϐὶδ,
2718 4068 2822 4124 κᾶν
2879 4070 2928 4122 εί
2988 4067 3305 4138 συμϐέϐηκέ
3354 4083 3407 4119 τι.
3460 4065 3610 4119 κατὰ
3646 4066 3741 4118 τὸν

2143 4164 2282 4219 θεῖον
2303 4165 2501 4235 δρόμον
2527 4163 2655 4233 ύμῖν
2677 4159 2992 4230 ἀϐούλητον,
3010 4158 3314 4226 φιλοπόνως
3334 4155 3423 4210 διά
3445 4157 3739 4226 μετανοίας

2143 4256 2472 4320 σπουδάζετε
2501 4254 2635 4325 πρὸς
2658 4254 2883 4314 ἑαυτοὺς
2902 4249 3001 4321 τὴν
3016 4248 3217 4318 ἀρετὴν
3240 4249 3617 4315 ἐπαναγαγεῖν
3644 4248 3739 4300 καὶ

464 4340 954 4397 exercitationibus
980 4338 1049 4392 ad
1077 4354 1174 4392 vos
1203 4338 1502 4403 reducatis,
1540 4349 1705 4407 atque
1731 4354 1800 4391 ne
1826 4338 2040 4408 ignavia

2154 4351 2247 4422 τὴν
2276 4349 2478 4418 γνῶσιν
2506 4346 2788 4417 ὑπομονῆς
2827 4344 3001 4406 τόνοις
3034 4344 3127 4396 καὶ
3156 4341 3334 4411 λόγων
3361 4342 3529 4395 θείων
3561 4343 3736 4406 ἀσκή-

464 4442 561 4490 aut
586 4433 838 4509 socordia
891 4431 1134 4485 divinam
1186 4430 1338 4484 hanc
1373 4431 1429 4484 in
1461 4430 1641 4493 vobis,
1667 4431 1911 4495 virtutis,
1952 4431 2040 4485 in-

464 4542 649 4598 quam,
679 4535 736 4580 ct
762 4524 1113 4594 cognitionis,
1145 4538 1327 4576 arcam
1358 4521 1727 4577 destituentes
1753 4537 1816 4576 ac
1835 4521 2044 4578 deden-

465 4628 549 4675 tes
572 4618 689 4671 Heli
716 4616 1036 4672 sacerdotis.
1072 4615 1215 4669 malo
1259 4614 1654 4679 succumbatis,
1706 4623 1762 4669 et
1808 4615 2042 4670 humero

464 4711 698 4766 actionis
744 4708 994 4779 percussi
1050 4714 1328 4762 retrorsus
1366 4707 1626 4762 cadentes
1666 4708 1812 4763 circa
1855 4708 2044 4777 templi

467 4803 522 4856 in
554 4803 735 4858 Selom
759 4809 947 4870 portas
975 4798 1380 4853 interﬂciamiui
1409 4808 1452 4851 ι.

536 4993 594 5046 ld
617 4991 785 5061 quod,
819 4999 877 5044 ut
928 4991 1065 5044 mihi
1092 4990 1332 5056 videtur,
1374 4991 1618 5061 apertius
1660 4992 2046 5048 demonstrans

464 5082 662 5136 beatus
684 5083 774 5136 hic
802 5082 963 5135 Pater
989 5082 1044 5134 in
1074 5081 1328 5137 oratione
1368 5083 1424 5136 in
1462 5083 1669 5139 Novam
1698 5085 2040 5139 Dominicam

470 5173 701 5226 liabitaz'
728 5172 978 5227 «Canere
1008 5188 1159 5238 vero,
1214 5175 1419 5243 inquit,
1459 5175 1694 5231 Domino
1732 5194 1933 5233 novum
1958 5181 2045 5248 iu-

469 5263 665 5318 bemur
693 5274 938 5328 cantum,
976 5265 1091 5317 sive
1122 5266 1215 5333 qui
1245 5266 1301 5320 in
1353 5267 1684 5338 Babylonem
1736 5272 2044 5345 malamque

545 5387 567 5414 ²
603 5377 623 5431 1
657 5378 791 5444 Reg.
824 5393 898 5441 tv,
933 5379 1017 5431 Π.

2153 4460 2309 4513 μασι,
2347 4443 2442 4495 καὶ
2480 4439 2553 4510 μὴ
2582 4440 2649 4509 τῇ
2683 4435 2930 4507 ῥᾳθυμία
2958 4432 3077 4496 τοῖς
3097 4432 3328 4487 πάθεσιν
3360 4434 3580 4486 ἔκδοτον
3604 4433 3734 4487 ταύ-

2146 4551 2245 4603 την
2294 4536 2393 4603 τὴν
2437 4534 2495 4587 ἐν
2535 4532 2667 4600 ὑμῖν
2712 4528 2902 4591 θείαν,
2956 4525 3058 4595 τῆς
3101 4524 3309 4594 ἀρετῆς
3331 4524 3478 4593 λέγω
3516 4524 3734 4592 καὶτῆς

2147 4627 2442 4696 γνώσεως,
2504 4623 2761 4683 ἐάσαντες
2811 4617 3045 4671 κιϐωτὸν
3093 4616 3155 4669 τὸ
3201 4615 3298 4669 τοῦ
3347 4616 3541 4685 ἱερέως
3575 4614 3733 4667 Ἠλει

2154 4717 2463 4787 ὑπομένητε
2491 4714 2692 4776 πάθος,
2750 4711 2844 4763 καὶ
2887 4707 3151 4769 όπισθίως
3183 4707 3451 4770 πεσόντες
3481 4706 3613 4776 περὶ
3636 4706 3732 4768 τὰς

2153 4812 2324 4874 πύλας
2354 4807 2445 4861 τοῦ
2476 4806 2606 4861 ναοῦ
2635 4805 2730 4858 τοῦ
2759 4806 2817 4856 ἐν
2842 4801 3043 4872 Σηλὼμ
3070 4799 3383 4870 ἀποθάνητε
3401 4839 3417 4865 ,
3463 4801 3556 4853 τὸν
3584 4794 3731 4870 ὦμον

2149 4904 2245 4970 τῆς
2270 4897 2525 4972 πράξεως
2557 4894 2952 4966 συντριϐέντες.

2216 4994 2420 5062 "Om-9,
2457 4991 2531 5054 ὡς
2559 4986 2735 5059 οἶμαι,
2781 4986 3115 5055 σαφέστερον
3153 4983 3433 5037 διδάσκων
3483 4983 3512 5033 ό
3551 4985 3733 5051 μακά·

2152 5102 2266 5157 ριος
2316 5077 2472 5144 οὗτος
2511 5077 2701 5149 Πατὴρ
2744 5079 2802 5129 ἐν
2839 5074 2917 5144 τῷ
2945 5075 3024 5136 εἰς
3052 5071 3150 5141 τὴν
3179 5072 3398 5142 Καινὴν
3443 5073 3732 5141 Κυριακὴν

2152 5179 2299 5246 λόγῳ
2337 5175 2529 5243 φησὶν
2585 5190 2604 5223 ι
2635 5171 2816 5241 ’ᾼδειν
2863 5167 2917 5220 δὲ
2964 5165 3039 5234 τῷ
3098 5164 3292 5234 Κυρίῳ
3338 5160 3497 5237 ᾆσμα
3545 5164 3732 5218 καινὸν

2152 5265 2514 5334 κελευόμεθα,
2553 5262 2663 5315 εἴτε
2702 5260 2751 5312 οῑ
2782 5261 2861 5321 εἰς
2890 5253 3189 5310 Βαϐυλῶνα
3215 5254 3314 5307 κα)⁸
3349 5255 3450 5327 τὴν
3489 5254 3731 5325 πονηρὰν

1739 5453 1972 5511 VARUS
2015 5453 2429 5513 LECTIONES.

541 5537 586 5569 “
615 5537 749 5590 Cod.
781 5537 946 5601 Gud.,
977 5540 1020 5592 si
1056 5539 1271 5595 scheda‘
1301 5556 1408 5594 non
1441 5541 1657 5610 fallunt,
1691 5546 1857 5602 habet
1884 5550 2037 5604 νοῶν.

546 5646 657 5717 (28)
693 5645 851 5715 Greg.
890 5648 1018 5705 Νη.
1048 5651 1101 5703 in
1141 5650 1271 5705 Nov.
1316 5653 1549 5724 Domin.,
1589 5674 1709 5729 cap.
1742 5662 1793 5728 1,
1818 5677 1872 5733 p.
1911 5663 2034 5731 855,
2077 5671 2206 5719 tom.
2230 5663 2270 5718 l.
2293 5658 2432 5731 Opp.
2455 5655 2543 5715 ed.
2572 5652 2776 5712 Bened.
