4038 6146
188 279 193 286 ’
296 301 432 369 1293

1477 277 1485 299 '
1530 296 2047 360 AMBIGUORUM
2086 293 2336 354 LIBER.

3405 280 3540 349 1294

294 415 564 482 σύγχυσιν
613 409 1014 482 κατασυρέντες
1056 407 1162 461 ὑπὸ
1201 407 1301 477 τῆς
1349 407 1643 478 ἁμαρτίας,
1687 406 1879 459 ἔπειτα

1987 404 2362 459 confusionem
2407 409 2632 472 peccato
2697 413 2890 454 smnus
2936 392 3189 474 detracti,
3235 397 3433 454 deinde
3485 400 3544 452 in

294 505 429 575 πρὸς
480 501 839 574 Ἰερουσαλὴμ
865 500 1260 564 ἀνασωθέντες,
1297 500 1459 552 κάκεῖ
1491 497 1590 568 μὲν
1611 499 1672 550 ού
1708 497 1870 550 δυνά-

299 611 446 665 μενοι
479 591 578 664 τὴν
629 591 783 644 θείαν
823 589 971 660 ᾄδειν
1015 587 1158 658 ᾠδὴν
1190 587 1266 650 ώς
1313 587 1406 638 ἐπὶ
1437 585 1537 654 γῆς
1563 582 1870 656 ἀλλοτρίας,

296 683 534 739 ἐνταῦθα
563 682 619 734 δὲ
649 681 777 735 νέαν
804 679 946 751 ᾠδὴν
977 679 1071 732 καὶ
1105 676 1385 730 πολιτείαν
1419 676 1724 746 ἱστάμενοι,
1766 673 1874 726 εἴτε

237 791 240 794 ’
295 776 346 828 oi
385 774 671 844 μείναντες
709 775 765 824 ὲν
804 770 881 841 τῷ
907 767 1056 838 καλῷ
1087 768 1181 820 καὶ
1226 765 1650 836 προκόπτοντες,
1687 765 1782 817 καὶ
1813 753 1877 814 rb

301 865 400 934 μὲν
437 860 862 931 κατωρθωκότες
906 859 1030 929 ἤδη,
1075 857 1136 908 τὸ
1181 856 1238 908 δὲ
1287 853 1682 925 κατορθοῦντες
1725 844 1878 922 παρά

297 951 390 1005 τού
418 947 736 1004 καινοποιοῦ
768 945 1108 1014 [ινεύματος.
1133 959 1150 993 ι
1192 943 1379 994 Ταῦτα
1429 937 1630 1011 (216
1655 940 1719 1011 b)
1753 956 1876 992 στο-

299 1037 573 1112 χαστικῶ;
605 1035 746 1090 κατὰ
791 1035 889 1104 τὴν
919 1031 1057 1104 ἐμὴν
1092 1032 1408 1102 ἀφροσύνην
1446 1030 1746 1100 νενοηκότα
1777 1027 1870 1082 τὸν

296 1124 618 1184 διδάσκαλον
650 1125 816 1197 φάναι
874 1123 1106 1192 νομίζω·
1143 1141 1160 1172 ι
1189 1122 1327 1174 Νυνὶ
1361 1121 1418 1175 δέ
1457 1139 1548 1192 μοι
1593 1119 1744 1185 δέξαι
1773 1119 1876 1190 τὴν
1902 1159 1916 1174 ς

299 1220 496 1290 κύησιν
537 1218 632 1270 καὶ
671 1213 1100 1286 προσκίρτησον,
1149 1213 1199 1264 εί
1243 1213 1335 1264 καὶ
1374 1210 1450 1282 μὴ
1499 1211 1576 1273 ὡς
1625 1199 1878 1279 Ἰωάννης

297 1310 406 1367 ἀπὸ
443 1307 706 1380 γαστρὸς,
738 1305 854 1360 ἀλλ’
875 1305 952 1366 ὡς
983 1303 1152 1358 Δαϐὶδ
1190 1304 1284 1356 ἐπὶ
1315 1305 1384 1373 τῇ
1415 1301 1756 1356 καταπαύσει
1780 1299 1880 1370 τῆς

299 1399 558 1466 κιϐωτοῦ,
592 1397 671 1467 τῷ
703 1381 822 1450 κατ’
848 1394 1004 1459 ἀξίαν
1035 1393 1131 1446 καὶ
1159 1393 1316 1466 γένος
1353 1392 1453 1462 τῆς
1487 1390 1715 1462 θεωρίας
1747 1390 1876 1460 τρό·

301 1510 390 1563 πῳ
419 1487 768 1560 συνῃρηκότα
799 1485 899 1557 τὴν
951 1484 1060 1538 τῶν
1101 1483 1414 1554 εἰρημένων
1458 1482 1714 1554 θεωρίαν.
1745 1481 1882 1534 Φασὶ

299 1583 412 1655 γὰρ
437 1583 485 1634 οἱ
515 1579 625 1634 τῶν
654 1577 911 1631 τοιούτων
939 1574 1187 1644 ἀκριϐεῖς
1210 1573 1538 1644 ἐπιμεληταὶ
1568 1571 1882 1644 μυστηρίων

301 1673 394 1727 καὶ
437 1657 548 1724 τῶν
576 1670 662 1722 ἐπ’
691 1667 878 1728 αὐτοῖς
904 1661 1296 1732 πνευματικῶν
1319 1657 1496 1728 λόγων
1534 1660 1764 1730 ἐρασταὶ
1787 1658 1882 1711 καὶ

303 1758 719 1832 φιλοθεάμονες,
751 1752 844 1812 τὶν
885 1729 1120 1807 καθόλου
1171 1751 1270 1821 τῆς
1327 1729 1608 1820 Γραφικῆς
1655 1747 1883 1819 Θεωρίας
1915 1729 1956 1784 Β

301 1847 478 1915 λόγον,
513 1843 609 1896 ἕνα
642 1841 1003 1912 τυγχάνοντα,
1031 1837 1276 1908 δεκαχῶς
1314 1834 1722 1907 πλατυνόμενον
1747 1835 1882 1888 θεωο

305 1935 537 2010 ρεῖσθαι,
569 1935 741 2003 τόπῳ,
773 1931 972 2004 χρόνῳ,
993 1931 1166 1998 γένει,
1191 1929 1499 2002 προσώπῳ,⁵
1528 1923 1678 1998 ἀξία,
1715 1927 1882 1998 ἤγουν

305 2025 721 2097 ἐπιτηδεύματι,
755 2026 1060 2102 πρακτικῇ,
1089 2027 1318 2096 φυσικῇ,
1345 2017 1630 2094 θεολογικῇ
1661 2013 1880 2092 φιλοσο-

304 2118 426 2190 φίᾳ,
473 2115 754 2182 ἐνεστῶτι,
792 2115 890 2168 καὶ
942 2113 1212 2184 μέλλοντι,
1249 2117 1420 2185 ἤγουν
1449 2115 1604 2186 τύπῳ
1635 2117 1729 2168 καὶ
1755 2105 1888 2184 ἀλη-

300 2206 449 2277 θείᾳ,
480 2205 574 2260 καὶ
600 2204 757 2268 αὖθις
790 2203 1157 2274 συναγόμενον
1190 2203 1334 2269 τοὺς
1355 2199 1514 2259 πέντε
1545 2199 1690 2276 τρισὶ
1724 2221 1886 2274 περι-

304 2294 536 2368 γράφειν
567 2295 811 2368 τρόποις,
834 2296 932 2350 καὶ
960 2289 1126 2350 πάλιν
1151 2288 1274 2350 δυσὶ
1297 2297 1424 2358 τοὺς
1451 2299 1622 2368 τρεῖς,
1649 2295 1744 2349 καὶ
1764 2295 1888 2358 τοὺς

304 2387 398 2440 δύο
431 2387 512 2441 ἐνὶ
539 2383 848 2455 συγκλείειν
879 2383 1158 2450 παντελῶς
1186 2386 1262 2456 μὴ
1292 2383 1682 2457 ἀριθμουμένῳ
1707 2385 1885 2456 λόγῳ⁶

303 2473 416 2532 οἷον
443 2477 569 2540 τοὺς
593 2475 732 2530 κατὰ
753 2476 942 2547 χρόνον
965 2473 1062 2530 καὶ
1101 2477 1266 2530 τόπον
1297 2477 1392 2530 καὶ
1432 2477 1586 2545 γένος
1610 2475 1705 2530 καὶ
1730 2477 1891 2546 πρόσ-

300 2585 450 2623 ωπον
477 2570 571 2622 καὶ
597 2567 775 2633 ἀξίαν,
797 2567 957 2622 πέντε
973 2568 1359 2639 τυγχάνοντας,
1373 2569 1449 2632 είς
1465 2561 1613 2640 τρεῖς
1639 2567 1890 2637 συνάγειν

281 2644 432 2722 ’τοὺς
451 2661 547 2730 τῆς
574 2660 882 2731 πρακτικῆς
904 2661 996 2714 καὶ
1033 2662 1268 2732 φυσικῆς
1299 2661 1393 2714 καὶ
1412 2659 1746 2730 θεολογικῆς,
1768 2659 1892 2712 τού-

307 2767 434 2814 τους
463 2751 518 2804 δὲ
550 2749 710 2804 πάλιν
741 2753 895 2821 τρεῖς
931 2750 1111 2816 ὄντας,
1135 2751 1214 2814 είς
1233 2750 1347 2816 δύο,
1371 2751 1497 2814 τοὺς
1520 2751 1582 2804 τὸ
1613 2751 1787 2823 παρόν
1830 2768 1889 2805 τε

309 2840 405 2896 καὶ
434 2829 494 2892 τὸ
513 2839 704 2909 μέλλον
721 2840 1108 2910 σημαίνοντας,
1141 2841 1237 2894 καὶ
1259 2826 1482 2899 τούτους
1516 2843 1596 2906 είς
1621 2843 1712 2896 τὸν
1743 2841 1892 2896 τελε-

311 2930 496 2984 στικδν
523 2929 618 2984 καὶ
644 2929 868 2994 ἀπλοῦν,
906 2929 982 2994 ὥς
1011 2948 1165 3000 φασι,
1217 2933 1311 2986 καὶ
1357 2933 1574 2986 πάντων
1608 2949 1890 3003 περιεκτι-

306 3019 406 3072 κδν
447 3017 686 3090 ἄρρητον
721 3019 901 3087 λόγον,
946 3013 1008 3084 ’ἐξ
1055 3015 1117 3074 οὗ
1173 3019 1314 3075 κατά
1342 3017 1568 3093 πρόοδον
1599 3023 1820 3090 γέγονεν
1854 3025 1887 3094 ἡ

307 3107 575 3180 καθολικὴ
622 3107 730 3162 τῶν
772 3109 878 3162 ὑπὸ
913 3103 1150 3182 θεωρίαν
1175 3115 1272 3182 τῆς
1296 3113 1522 3183 Γραφῆς
1553 3113 1772 3184 τρόπων
1801 3113 1888 3166 δε-

307 3200 438 3264 κὰς,
477 3200 571 3254 καὶ
597 3200 678 3264 είς
705 3200 766 3254 δν
807 3202 884 3266 ὡς
913 3201 1087 3272 ἀρχὴν
1117 3203 1260 3256 κατά
1295 3205 1640 3274 περιγραφὴν
1678 3206 1711 3274 ἡ
1747 3204 1887 3276 αὐτὴ

303 3291 475 3354 δεκὰς
513 3291 854 3356 ἁνατατικῶς
884 3293 965 3355 εἰς
1003 3291 1209 3362 μονάδα
1243 3293 1406 3347 πάλιν
1428 3293 1747 3362 συνάγεται.
1777 3295 1888 3349 Καὶ

303 3381 458 3436 κατὰ
501 3381 602 3452 μὲν
655 3381 844 3451 χρόνον
891 3382 919 3434 ὁ
955 3374 1054 3451 τῆς
1104 3381 1328 3452 Γραφῆς
1377 3382 1663 3452 θεωρεῖται
1707 3373 1886 3449 λόγος,

299 3469 476 3544 ἡνίκα
503 3471 562 3524 τὸ
586 3471 746 3537 Ποτὲ,
777 3469 838 3524 τὸ
862 3467 993 3544 Ἶιν,
1033 3469 1095 3522 τὸ
1131 3467 1308 3537 Ἐστι,
1338 3470 1400 3522 τὸ
1431 3465 1644 3534 Ἔσται,
1676 3471 1738 3524 τὸ
1773 3464 1888 3542 Πρὸ

297 3541 489 3623 τοῦδε,
515 3562 578 3614 τὸ
613 3560 811 3633 Παρδν,
851 3559 912 3612 τὸ
937 3541 1090 3612 Μετά
1123 3559 1262 3624 τόδε,
1290 3561 1385 3613 καὶ
1429 3561 1554 3614 Ἐστι
1577 3561 1756 3625 τοῦδε,
1793 3541 1887 3614 κει

309 3653 650 3726 ’Ᾱπ⁹ἀρχῆς,
667 3654 726 3706 τὸ
752 3652 1042 3724 Παρελθδν,
1066 3649 1125 3706 τὸ
1147 3650 1376 3715 Μέλλον,
1407 3651 1688 3715 ἐνιαυτούς
1711 3669 1770 3704 τε
1796 3653 1890 3705 καὶ

305 3747 538 3818 καιροὺς
583 3746 675 3800 καὶ
724 3745 898 3816 μῆνας
947 3746 1043 3798 καὶ
1084 3741 1384 3814 ἑϐδομάδας
1430 3745 1522 3796 καὶ
1551 3742 1762 3814 ἡμέρας
1797 3742 1890 3796 καὶ

308 3839 514 3900 νύκτας
535 3838 628 3892 καὶ
645 3839 712 3892 τὰ
735 3837 936 3890 τούτων
959 3835 1123 3908 μέρη,
1147 3835 1240 3890 καὶ
1258 3834 1442 3898 ἁπλῶς
1460 3836 1561 3888 ὅσα
1585 3835 1888 3904 ἐμφαντικᾶ

314 3928 510 4000 (217
544 3927 614 3997 a)
645 3927 863 3998 χρόνου,
912 3925 1096 3998 δηλοῖο
1127 3925 1277 3979 -κατά
1324 3924 1386 3978 δὲ
1432 3924 1618 3990 τόπον,
1645 3925 1771 3978 ὅταν
1801 3925 1890 3977 οὐ·

316 4019 482 4088 ρανὺν
515 4017 608 4070 καὶ
641 4017 745 4086 γῆν
779 4017 873 4071 καὶ
919 4015 1057 4088 ἀέρα
1093 4017 1187 4070 καὶ
1212 4015 1510 4082 θάλασσαν,
1539 4015 1886 4086 οίκουμένην,

313 4107 552 4179 πέρατα,
621 4105 829 4178 χώρας,
893 4103 1114 4176 νήσους,
1167 4103 1388 4181 πόλεις,
1437 4105 1620 4168 ναοὺς,
1673 4103 1886 4174 κώμας,

314 4199 544 4268 ἀγροὺς,
578 4199 702 4270 ὅρη,
739 4199 1050 4270 φάραγγας,
1079 4199 1254 4265 ὀδοὺς,
1296 4195 1592 4265 ποταμοὺς,
1626 4196 1884 4268 ἐρήμους,

315 4289 532 4360 ληνοὺς,
563 4289 797 4353 ἅλωνας,
848 4289 1201 4358 ἀμπελῶνας,
1244 4287 1339 4342 καὶ
1376 4287 1562 4350 ἁπλῶς
1589 4289 1689 4342 ὅσα
1726 4289 1888 4340 τόπον

1974 487 2274 549 Jerusalem
2323 507 2515 546 rursus
2545 489 2736 546 salvati
2800 494 2985 561 (atque
3027 488 3139 544 illic
3174 486 3396 560 quidem
3436 506 3543 548 non

1975 585 2257 655 potuimus
2280 584 2529 638 divinum
2551 598 2795 649 carmen,
2824 590 2884 635 ut
2913 581 2968 635 in
2999 591 3142 635 terra
3191 581 3395 646 aliena,
3443 597 3535 636 ca-

1975 687 2128 736 nere,
2154 672 2244 727 hic
2267 681 2451 726 autem
2483 687 2686 728 novum
2711 685 2935 726 carmen
2965 687 3276 742 novamque
3310 673 3434 727 vitae
3460 687 3549 724 ra-

1979 761 2182 816 tionem
2255 760 2620 831 inchoamus),
2681 760 2796 815 sive
2843 759 2936 829 qui
2991 760 3292 816 mansimus
3346 761 3401 815 in
3442 761 3546 814 ho-

1975 861 2134 909 nesto
2157 860 2320 922 atque
2349 852 2622 924 progressi
2670 866 2879 918 sumus,
2931 851 3127 921 partim
3151 853 3261 922 jam
3300 867 3359 907 re
3401 837 3546 908 hens

1977 951 2150 1016 gesta,
2170 943 2366 1014 partim
2395 951 2648 1015 gerentes
2669 943 2854 997 adhuc
2881 941 3122 1012 Spiritus
3160 941 3547 1004 instauratoris

1977 1048 2101 1104 ope.
2127 1032 2297 1088 tuaac
2319 1031 2623 1088 secundum
2669 1048 2844 1087 meam
2893 1029 3255 1103 ignorantiam
3299 1027 3549 1104 suspicor

1980 1124 2300 1194 magistrum
2325 1123 2384 1178 in
2413 1124 2596 1178 animo
2619 1121 2879 1178 habuisse
2900 1131 3027 1177 cum
3073 1123 3308 1180 diceret:
3357 1143 3374 1176 ι
3392 1125 3550 1182 Nune

1979 1223 2162 1270 autem
2213 1226 2539 1285 conceptum
2584 1213 2769 1284 accipe
2791 1224 2846 1269 et
2868 1215 3148 1284 praesulta,
3185 1224 3242 1270 et
3277 1216 3322 1271 si
3352 1233 3464 1272 non
3487 1225 3551 1275 ut

1977 1295 2218 1360 Joannes
2245 1301 2312 1358 de
2343 1311 2522 1368 utero,
2559 1312 2737 1358 tamen
2776 1311 2836 1357 ut
2863 1301 3031 1358 David
3063 1305 3134 1359 ob
3159 1305 3552 1374 repositionem

1981 1409 2142 1459 arere,
2172 1411 2190 1444 ι
2245 1401 2301 1447 et
2333 1389 2817 1462 contemplationis
2861 1393 3170 1448 secundum
3227 1395 3550 1466 dignitatem

1981 1492 2147 1554 atque
2172 1497 2347 1552 genus
2377 1481 2544 1536 modo
2571 1475 2847 1536 dictorum
2889 1483 3410 1552 contemplationem
3444 1502 3555 1543 una

1982 1572 2491 1643 Comprehendisse.
2525 1571 2627 1638 Qui
2675 1573 2821 1626 enim
2849 1587 2976 1626 cum
3022 1571 3204 1629 studio
3234 1582 3292 1630 et
3335 1591 3469 1632 cura
3497 1579 3555 1632 in

1983 1662 2299 1734 hujusmodi
2331 1659 2606 1734 mysteriis
2633 1648 2944 1728 versantur,
2989 1663 3476 1737 spiritualiumque
3497 1669 3556 1725 in

1985 1748 2068 1808 eis
2097 1753 2372 1807 rationum
2413 1749 2686 1805 amatores
2747 1759 2804 1804 et
2851 1761 3205 1821 spectatores,
3238 1757 3558 1827 generalem

1987 1843 2216 1899 tradunt
2265 1841 2569 1911 Scriptura:
2608 1842 3046 1924 contemplandas
3099 1847 3392 1910 rationem,
3427 1863 3554 1903 eum

1985 1951 2095 1990 una
2127 1934 2220 2000 sit,
2247 1932 2571 2005 decemplici
2601 1927 2766 1989 modo
2818 1929 3074 1988 diffusam
3118 1937 3378 2005 spectari,
3411 1937 3554 2004 loco,

1987 2035 2254 2098 tempore,
2281 2041 2504 2098 genere,
2527 2035 2790 2096 persona,
2841 2020 3132 2096 dignitate,
3181 2025 3296 2082 sive
3347 2027 3554 2092 studio,

1985 2117 2186 2182 activa,
2210 2116 2472 2182 naturali,
2514 2115 2822 2186 theologica
2851 2114 3224 2187 philosophia,
3263 2119 3559 2188 praesentia

1987 2224 2051 2264 ac
2078 2207 2258 2263 futura
2279 2249 2293 2273 ,
2325 2207 2439 2263 sive
2473 2207 2648 2284 ﬁgura
2665 2215 2722 2261 et
2767 2205 3022 2272 veritate,
3071 2209 3128 2262 et
3176 2223 3368 2262 rursus
3394 2209 3562 2264 colle-

1988 2307 2132 2354 ctam
2161 2299 2407 2368 quinque
2468 2295 2651 2351 tribus
2695 2293 3167 2367 comprehendere
3210 2297 3409 2364 modis,
3437 2314 3562 2352 rur-

1989 2403 2192 2462 susque
2217 2384 2434 2444 duahus
2465 2384 2577 2443 tres
2605 2389 2664 2443 et
2691 2386 2830 2442 duas
2861 2399 2970 2442 una
3000 2380 3284 2444 includere
3331 2389 3561 2444 omnino

1989 2480 2224 2548 ratione,
2277 2497 2402 2553 quae
2434 2495 2544 2536 non
2579 2479 2936 2534 numeretur:
2987 2479 3069 2536 sic
3110 2480 3393 2550 temporis,
3421 2481 3592 2548 loci,,‘

1989 2566 2505 2646 generis,person:e,
2534 2570 2834 2643 dignitatis,
2880 2586 3008 2626 eum
3055 2570 3299 2640 quinque
3333 2571 3462 2637 sint,
3505 2573 3566 2630 in

1991 2676 2104 2722 tres
2126 2665 2386 2736 colligere
2415 2663 2606 2718 activae
2636 2671 2694 2717 et
2718 2661 2987 2716 naturalis
3011 2671 3069 2718 et
3093 2653 3432 2733 theologicae,
3465 2664 3565 2720 has

1991 2771 2120 2810 vero
2153 2769 2366 2820 rursus,
2403 2766 2526 2808 cum
2548 2760 2656 2808 tres
2679 2753 2810 2816 sint,
2833 2753 2890 2806 in
2913 2751 3050 2806 tl'uas
3078 2767 3198 2820 qua:
3223 2751 3290 2806 ad
3327 2767 3566 2822 praesen-

1993 2847 2122 2904 tiam
2177 2858 2343 2916 atque
2388 2844 2636 2900 futurum
2686 2850 2970 2913 spectant,
3017 2850 3074 2898 et
3111 2835 3212 2898 has
3251 2842 3472 2898 demum
3507 2843 3568 2899 in

1992 2935 2514 2993 consummatoriam
2531 2945 2588 3010 et
2608 2929 2934 3005 simplicem,
2962 2943 3024 2990 ut
3049 2934 3226 3002 aiunt,
3267 2935 3563 3004 omniaque

1940 3072 1959 3092 ,
1994 3025 2552 3098 eouiprehendentem
2588 3017 2922 3081 ineffabilem
2958 3023 3252 3090 rationem,
3290 3025 3435 3080 unde
3467 3040 3566 3094 per

1991 3119 2428 3190 progressionem
2453 3103 2728 3189 generalis
2765 3115 3056 3172 modorum
3091 3109 3194 3172 sub
3221 3116 3566 3187 contempla-

1990 3208 2139 3266 tione
2163 3209 2462 3280 Scriptum
2519 3209 2683 3287 decas
2713 3201 2854 3263 facta
2884 3218 3025 3272 erat,
3070 3217 3129 3263 et
3188 3202 3459 3282 inquam,
3504 3219 3566 3266 ut
3621 3237 3642 3252 ι

1989 3301 2342 3373 principium,
2368 3291 2888 3368 circumscriptione
2917 3297 3112 3353 eadem
3146 3297 3314 3354 decas
3342 3315 3564 3356 reversa

1991 3393 2046 3447 in
2098 3391 2358 3446 unionem
2413 3404 2607 3444 rursus
2655 3387 2959 3458 colligitur.
3023 3387 3204 3456 Atque
3257 3387 3564 3444 secundum

1993 3491 2206 3550 tempus
2233 3478 2533 3548 Scripturte
2557 3475 2697 3530 ratio
2737 3483 3040 3546 spectatur,
3066 3491 3192 3531 cum
3233 3475 3582 3551 Aliquandot

1989 3565 2140 3634 Erat,
2169 3569 2287 3632 Est,
2318 3566 2460 3631 Erit,
2490 3564 2632 3621 Ante
2681 3565 2810 3630 hoc,
2844 3565 3112 3629 Praesens,
3149 3565 3278 3620 Post
3332 3565 3457 3630 hoc,
3511 3574 3567 3621 et

1991 3655 2106 3714 Sub
2133 3659 2260 3723 hoc,
2295 3662 2352 3713 et
2381 3657 2464 3712 Ab
2492 3655 2670 3722 initio,
2711 3655 3078 3720 Praeteritum,
3121 3651 3416 3720 Futurum,
3463 3671 3566 3711 an-

1990 3766 2092 3806 nos
2125 3760 2179 3806 et
2213 3758 2564 3820 tempestates
2618 3757 2675 3804 et
2722 3763 2943 3804 menses
2991 3758 3048 3804 et
3099 3747 3478 3807 hebdomades
3511 3756 3567 3803 et

1991 3838 2109 3894 dies
2139 3846 2196 3892 et
2237 3844 2429 3892 noctes
2479 3837 2789 3906 horumque
2835 3845 3040 3907 partes,
3105 3845 3162 3892 et
3196 3837 3566 3909 quodcunque

1991 3929 2314 4001 simpliciter
2347 3939 2564 3998 tempus
2597 3927 2841 3992 denotat,
2901 3924 3206 3997 signiﬁcat;
3261 3927 3566 3984 secundum

1990 4025 2194 4086 locum,
2228 4035 2352 4074 cum
2389 4018 2588 4072 coelum
2627 4021 2684 4072 et
2715 4015 2967 4072 tellurem
3001 4023 3057 4070 et
3085 4032 3270 4072 aerem
3301 4025 3358 4072 et
3390 4033 3565 4084 mare,

1992 4122 2214 4176 terram,
2255 4109 2544 4174 terminos,
2583 4108 2862 4178 regiones,
2914 4105 3144 4174 insulas,
3178 4107 3366 4174 urbes,
3416 4107 3564 4175 fana,

1991 4205 2164 4266 vicos,
2209 4217 2394 4271 agros,
2424 4209 2659 4265 montes,
2690 4199 2880 4262 valles,
2907 4197 3041 4262 vias,
3067 4197 3284 4264 ﬂuvios,
3325 4197 3564 4264 deserta,

1991 4297 2166 4360 lacus,
2225 4308 2416 4356 areas,
2463 4292 2648 4346 vineta
2703 4301 2760 4344 et
2817 4289 3146 4360 simpliciter
3197 4290 3568 4360 quodcunque
3645 4357 3648 4360 ,

318 4379 744 4450 χαρακτηρίζειν
785 4379 1030 4440 δύναται,
1083 4379 1358 4450 σημαίνῃ·
1409 4377 1552 4432 κατά
1601 4376 1755 4445 γένος
1808 4375 1887 4441 δὲ,

1994 4384 2174 4438 locum
2219 4381 2508 4451 exprimat,
2551 4379 2847 4452 signiﬁcat:
2886 4379 3188 4434 secundum
3215 4395 3387 4450 genus
3413 4395 3566 4445 vero,

318 4468 624 4534 καθολικῶς
663 4473 761 4541 μὲν
799 4474 1005 4526 ὁπόταν
1052 4473 1337 4541 ἀγγέλους,
1387 4473 1548 4546 ἧὸσα
1586 4473 1685 4543 τῆς
1717 4474 1771 4524 ἐν
1797 4473 1889 4524 οὐ·

323 4564 504 4630 ρανοῖς
534 4561 650 4614 ἔστι
689 4563 794 4616 τῶν
822 4563 1026 4635 νοερῶν
1055 4563 1254 4616 οὐσιῶν
1282 4565 1716 4636 διακοσμήσεως,
1753 4552 1888 4635 προς

319 4645 376 4706 δὲ
405 4655 499 4708 καὶ
541 4655 691 4726 ἥλιον
732 4655 826 4708 καὶ
875 4655 1128 4726 σελήνην,
1166 4655 1426 4725 ἀστέρας,
1476 4657 1610 4728 πῦρ,
1659 4657 1754 4721 καὶ
1791 4657 1890 4708 ὅσα

320 4748 378 4796 ὲν
423 4746 566 4817 ἀέρι,
599 4748 658 4798 ὲν
692 4749 784 4817 γῇ,
820 4748 878 4798 ἐν
922 4746 1168 4818 θαλάσσῃ
1207 4747 1462 4818 τυγχάνει
1500 4749 1649 4811 ὄντα,
1683 4747 1715 4817 ἥ
1751 4746 1888 4812 ζῶα,

319 4833 354 4905 ἢ
387 4833 658 4904 ζωόφυτα,
689 4837 722 4904 ἢ
759 4835 922 4902 φυτὰ,
965 4835 1060 4888 καὶ
1107 4837 1208 4888 ὅσα
1247 4837 1312 4888 ἐκ
1348 4836 1452 4906 γῆς
1504 4834 1892 4906 μεταλλεύεται

323 4922 418 4975 καὶ
468 4924 684 4993 τέχναις
725 4923 1027 4994 ἀνθρώπων
1074 4926 1390 4990 ὑποπίπτει,
1440 4926 1534 4979 καὶ
1577 4926 1678 4978 ὅσα
1729 4925 1894 4992 ἕτερα

321 5013 572 5077 τοιαῦτα,
607 5015 777 5086 δηλοῖ,
818 5016 1136 5085 ἰδιοτρόπως
1169 5015 1226 5068 δὲ
1269 5016 1453 5083 πάλιν,
1507 5017 1634 5069 ὅταν
1683 5014 1894 5086 ἀνθρώ·

323 5097 479 5168 πους,
532 5105 682 5175 ἔθνη,
728 5105 912 5170 λαοὺς,
959 5104 1234 5173 γλώσσας,
1273 5107 1466 5176 φυλὰς,
1499 5105 1755 5176 πατριὰς,
1798 5103 1892 5156 καὶ

321 5195 423 5246 ὅσα
450 5195 696 5261 τοιαῦτα,
730 5197 826 5249 σὺν
853 5195 1072 5266 ἀριθμῷ
1105 5196 1138 5268 ἢ
1174 5196 1411 5265 ἀριθμοῦ
1436 5197 1603 5266 χωρὶς
1627 5196 1888 5268 ὀνομάζῃ⁶

322 5289 466 5338 κατὰ
493 5287 781 5360 πρόσωπον
807 5287 885 5350 δὲ,
920 5289 1050 5340 ὅταν
1090 5287 1238 5340 τόνδε
1269 5287 1358 5340 τὸν
1387 5287 1638 5354 ἄγγελον,
1673 5287 1706 5358 ἦ
1743 5286 1893 5339 τόνδε

321 5368 416 5428 τὸν
445 5377 806 5449 ἀρχάγγελον,
836 5377 870 5447 ἢ
915 5377 1186 5448 Σεραφὶμ,
1223 5375 1256 5446 ἢ
1286 5379 1386 5430 ὅσα
1414 5377 1522 5428 τῶν
1557 5379 1613 5429 ὲν
1643 5378 1893 5450 οὐρανοῖς

324 5465 700 5538 διαιτωμένων
743 5467 946 5539 νοερῶν
984 5467 1204 5532 οὐσιῶν,
1245 5467 1304 5532 ἐξ
1338 5467 1601 5538 ὀνόματος
1647 5469 1808 5539 καλῇ,
1859 5469 1892 5538 ἢ

339 5553 614 5630 Ἀϐραὰμ,
639 5559 672 5630 ἦ
717 5560 923 5622 Ἰσαὰκ,
954 5559 987 5630 ἢ
1035 5554 1248 5624 Ἰακὼϐ,
1279 5559 1312 5628 ἢ
1339 5558 1526 5629 ἕτερόν
1557 5577 1679 5612 τινα
1707 5559 1814 5613 τῶν
1838 5563 1896 5613 ἐν

329 5645 536 5722 ἐπαίνῳ
574 5651 607 5721 ἢ
651 5650 803 5722 ψόγῳ
839 5653 908 5722 τῇ
953 5649 1144 5720 Γραφῇ
1186 5647 1476 5720 κειμένων,
1532 5648 1601 5704 δι’
1632 5651 1897 5722 ὀνόματος

1991 4472 2323 4544 generaliter
2351 4472 2588 4540 primum
2618 4485 2741 4524 cum
2779 4468 3002 4538 angelos
3032 4469 3115 4522 vel
3158 4467 3426 4538 quidquid
3455 4482 3566 4523 cm-

1991 4563 2144 4617 lestis
2204 4570 2290 4616 cst
2353 4559 2811 4614 intellectualium
2879 4559 3246 4614 essentiarum
3319 4557 3574 4623 ordinis,

1991 4655 2190 4709 deinde
2217 4668 2348 4708 vero
2367 4653 2532 4708 etiam
2559 4653 2731 4707 solem
2756 4658 2810 4706 et
2836 4651 3042 4716 lunam,
3065 4649 3270 4718 stellas,
3289 4646 3490 4721 ignem,
3515 4658 3570 4707 et

1992 4745 2359 4814 quodcunque
2393 4743 2448 4796 in
2481 4757 2630 4805 aere,
2663 4741 2718 4795 in
2743 4749 2908 4804 terra,
2945 4739 3000 4793 in
3049 4738 3186 4793 mari
3215 4747 3414 4804 exstat,
3452 4739 3568 4794 sive

1990 4835 2268 4900 animalia,
2299 4834 2413 4888 sive
2445 4833 2738 4904 acephyta,
2765 4833 2888 4887 sive
2929 4832 3146 4902 plaltltB,
3189 4843 3243 4886 et
3284 4831 3570 4902 quodcun-

1993 4943 2100 4997 que
2125 4942 2192 4981 ex
2223 4935 2366 4980 terra
2395 4924 2657 4979 cﬂ'oditur
2685 4923 3010 4994 artibusque
3034 4923 3324 4979 hominum
3350 4924 3570 4996 subjici-

1998 5029 2107 5082 tur,
2132 5027 2188 5072 et
2221 5031 2563 5086 quzecunque
2594 5016 2700 5070 alia
2726 5015 3020 5087 ejusmodi,
3046 5017 3313 5084 ostendit,
3356 5018 3572 5090 specia~

1995 5111 2123 5166 liter
2155 5123 2287 5163 vero
2308 5123 2524 5173 rursus,
2547 5123 2674 5162 cum
2699 5108 2972 5174 homines,
3015 5109 3289 5176 nationes,
3313 5111 3566 5181 populos,

1995 5201 2230 5271 linguas,
2282 5199 2482 5262 tribus,
2535 5207 2748 5269 gentes,
2799 5205 2854 5252 et
2888 5215 3010 5269 qua:
3041 5209 3170 5254 sunt
3219 5202 3438 5272 generis
3463 5201 3569 5255 huc

1992 5287 2256 5358 jusmodi,
2283 5300 2668 5341 cumnumero
2709 5295 2806 5340 aut
2849 5287 2970 5342 sine
3010 5303 3246 5344 numero
3292 5289 3567 5360 appellat;

1999 5379 2303 5434 secundum
2335 5392 2626 5448 personam
2653 5392 2808 5442 vero,
2839 5394 2966 5433 cum
2998 5365 3150 5434 hunc
3173 5382 3454 5452 angelum,
3481 5381 3568 5436 vel

2002 5470 2153 5523 hunc
2178 5468 2589 5538 archangelum,
2619 5468 2706 5522 vel
2740 5468 3053 5540 Seraph‘im,
3096 5470 3180 5524 vel
3233 5487 3572 5541 quaecunque

2001 5559 2458 5615 intellectualium
2512 5559 2569 5612 in
2618 5561 2758 5615 emlo
2789 5561 3178 5626 essentiarum,
3217 5561 3440 5617 nomine
3474 5578 3572 5631 ap.

2003 5651 2204 5723 pellat,
2246 5649 2330 5704 vel
2380 5649 2680 5719 Abraham,
2741 5651 2828 5706 vel
2870 5651 3043 5720 lsaac,
3074 5652 3187 5736 ’vel
3243 5653 3433 5722 Jacob,
3486 5650 3574 5706 vel
