4038 6146
510 301 647 368 1295
1682 306 1743 365 s.
1784 270 2071 368 maxim
2104 307 2617 370 CONFESSORIS
3664 304 3801 377 1298

507 437 677 492 alium
702 433 1014 507 quempiam
1035 448 1229 490 eorum
1262 436 1358 506 qui
1412 436 1468 491 in
1496 434 1799 508 Scriptura,
1830 446 1925 493 aut
1964 439 2071 494 lau-

2188 421 2529 494 παραδηλοῖ⁶
2563 422 2686 477 κατ’
2721 419 2880 489 ἀξίαν
2904 422 2984 489 δὲ,
3014 424 3175 497 ἡνίκα
3204 425 3542 497 βασιλείαν,
3576 427 3615 499 ἢ
3648 428 3807 497 βασι-

506 520 715 579 dantur
729 532 825 579 aut
840 523 1249 593 vituperantur,
1267 525 1490 580 nomine
1506 525 1758 594 denotat;
1783 528 2071 584 secundum

2186 511 2302 577 λέα,
2348 512 2382 581 ἢ
2431 514 2753 587 ποιμένα,ἢ
2792 515 3045 586 ποίμνην,
3081 516 3115 587 ἢ
3149 518 3328 589 ἰερέα,
3373 518 3411 590 ἦ
3453 520 3807 590 ἱερωσύνην,

524 615 851 685 dignitatem
887 616 1333 685 autem,quando
1362 631 1614 687 regnum,
1641 628 1737 674 aut
1769 635 1972 691 regem,
1991 631 2071 675 aul

2184 605 2218 675 ἢ
2253 602 2518 676 γεωργὸν,
2553 606 2585 677 ἢ
2616 608 2941 691 στρατηγὸν,
2978 609 3011 680 ἦ
3042 610 3443 680 ἀρχιτέκτονα,
3476 614 3585 664 καὶ
3608 612 3805 674 ἁπλῶς

507 714 806 775 pastorem,
830 712 925 759 aut
942 721 1183 776 gregem,
1215 715 1310 760 aut
1333 707 1700 774 sacerdotem,
1719 719 1812 764 aut
1830 689 2071 767 sacerdo-

2185 693 2239 745 εῐ
2265 709 2319 747 τι
2362 693 2492 747 ἄλλο
2530 694 2648 748 τῶν
2684 689 2766 759 οἷς
2806 695 3062 768 διῄρηται
3105 698 3166 750 τὸ
3221 698 3594 770 ἀνθρώπινον
3639 699 3807 767 γένος

509 798 668 861 tium,
681 804 779 850 aut
798 795 1115 863 agricolam,
1136 805 1231 850 aut
1252 806 1563 866 praetorem,
1582 808 1677 854 aut
1693 799 2071 866 architectum,

2184 785 2604 857 ἐπιτηδεύμασι.
2636 786 2824 840 Ταῦτα
2854 788 2963 858 γὰρ
2991 788 3168 869 πάντα
3200 789 3303 842 ὃσα
3337 791 3461 851 τοῖς
3490 790 3669 842 πέντε
3705 807 3806 841 πε-

506 898 564 944 ει
598 888 926 957 simpliciter
954 886 1153 957 siquid
1178 887 1329 942 aliud
1345 903 1538 943 eorum
1559 889 1764 959 quibus
1782 890 2071 946 humanum

2187 878 2479 949 ριεχόμενα
2509 878 2732 949 τρόποις
2772 878 2971 942 ἔδειξεν
2998 881 3026 931 ὁ
3058 880 3238 948 λόγος,
3282 881 3449 950 οὐσίᾳ
3484 881 3590 933 καὶ
3632 879 3805 933 δυνά-

505 988 679 1052 genus
710 977 985 1032 dividitur
1016 977 1343 1033 studiorum
1387 987 1445 1034 et
1473 980 1892 1050 professionum.
1922 982 2071 1049 Qua:-

2186 985 2275 1040 μει
2295 970 2387 1020 καὶ
2415 967 2684 1040 ἐνεργείᾳ,
2705 970 2820 1031 ταῖς
2846 968 2974 1039 περὶ
3001 968 3138 1023 αὒτά
3167 969 3420 1040 πρώταις
3444 969 3798 1041 διαιρέσεσι,

503 1082 739 1139 cumque
760 1068 912 1124 enim
926 1068 1173 1138 quinque
1196 1068 1302 1123 illis
1324 1069 1503 1125 modis
1525 1072 1921 1148 comprehensa
1941 1072 2071 1127 ratic

2185 1059 2572 1128 συνιστάμενα,
2601 1059 2799 1128 iamsi"
2819 1059 3087 1130 πάντωςῆ
3118 1062 3376 1121 κινεῖται,
3400 1059 3433 1130 ἢ
3461 1060 3801 1127 ἐνεργεῖται

503 1156 767 1223 ostendit,
804 1158 1046 1213 essentia
1073 1165 1129 1211 et
1156 1165 1426 1227 potestate
1442 1166 1499 1213 et
1523 1146 1762 1225 actione,
1794 1162 2071 1231 primariis

2180 1146 2214 1217 ἢ
2257 1150 2487 1219 ἐνεργεῖ,
2520 1149 2552 1219 ἢ
2588 1148 2783 1219 θεωρεῖ
2831 1151 2863 1220 ἢ
2910 1149 3272 1223 θεωρεῖται,ἦ
3307 1150 3466 1204 λαλεῖ
3520 1152 3555 1222 ῆ
3607 1150 3800 1205 λαλεί-

503 1250 649 1305 circa
685 1264 750 1303 ea
798 1246 1276 1308 distinctionibus,
1311 1248 1688 1314 consistentia,
1740 1265 1803 1304 ea
1855 1263 2071 1308 movent

2179 1254 2291 1303 ται,
2337 1238 2370 1310 ἢ
2417 1239 2660 1294 διῖάσκει
2708 1239 2741 1310 ἢ
2792 1240 3121 1305 διδάσκεται,
3157 1241 3535 1311 ἧὲπιτροπὴν
3572 1241 3610 1311 ῆ
3646 1243 3797 1296 ἁπο-

501 1338 730 1396 omnino
761 1346 856 1393 aut
880 1344 1192 1400 moventur,
1222 1346 1392 1407 agunt
1419 1346 1515 1391 aut
1546 1348 1805 1409 aguntur,
1831 1348 2071 1409 speetanl

2178 1331 2389 1402 τροπὴν
2440 1329 2674 1402 δέχεται,
2718 1334 2814 1386 κα)⁸
2860 1331 3048 1413 ἁπλῶς
3097 1331 3184 1386 ἴνα
3231 1330 3475 1385 συνελὼν
3522 1330 3708 1397 εἴπω,
3756 1332 3792 1402 ἦ

502 1438 599 1485 aut
645 1434 989 1498 spectantur,
1046 1425 1241 1480 dicunt
1295 1433 1392 1480 aut
1424 1427 1708 1493 dicuntur,
1752 1427 1956 1483 docent
1984 1438 2071 1484 aul

2181 1418 2439 1473 ποιοῦντα
2469 1419 2501 1490 ἢ
2536 1420 2816 1490 πάσχοντα
2842 1418 2943 1487 τὴν
2983 1417 3295 1489 πρακτικὴν
3331 1419 3533 1489 (21³1
3558 1419 3634 1487 b)
3687 1418 3792 1471 καὶ

504 1519 800 1583 docentur,
842 1518 1142 1572 advertunt
1181 1524 1278 1570 aut
1310 1527 1590 1586 avertunt,
1629 1528 1685 1573 et
1730 1520 2071 1589 simpliciter,

2177 1509 2276 1579 τὴν
2309 1510 2547 1580 φυσικὴν
2596 1513 2693 1564 καί
2736 1507 2834 1580 τὴν
2878 1506 3194 1578 θεολογικὴν
3235 1510 3377 1563 κατά
3433 1507 3794 1579 συμπλοκὴν

502 1618 565 1666 ιιι
595 1608 788 1679 paucis
816 1607 1017 1671 dicam,
1044 1606 1175 1661 dum
1209 1606 1420 1661 faciunt
1456 1615 1551 1662 aut
1604 1609 1913 1677 patiuntur,
1944 1610 2071 1665 acti-

2175 1597 2245 1651 δι’
2276 1598 2523 1670 ἀλλήλων
2567 1596 2827 1661 ποικίλως
2853 1599 2986 1668 ἡμῖν
3017 1595 3366 1669 εἰσηγοῦνται
3408 1598 3789 1670 φιλοσοφίαν,

501 1715 623 1755 vam
656 1707 713 1753 et
742 1697 1052 1752 naturalem
1083 1706 1138 1752 et
1170 1697 1535 1767 theologicam
1567 1697 1636 1752 de
1668 1707 1861 1753 mutuo
1886 1715 2071 1755 earum

2176 1689 2406 1743 ἑκάστου
2433 1686 2632 1759 δηλαδὴ
2663 1687 2772 1741 τῶν
2798 1687 3204 1759 ὠνομασμένων
3253 1689 3624 1759 πολυτρόπως
3655 1694 3792 1754 ταῖς

499 1798 651 1847 inter
668 1805 726 1844 se
747 1805 891 1843 nexu
911 1787 1061 1842 varie
1082 1788 1247 1843 nobis
1264 1787 1627 1844 introducunt
1645 1791 2071 1862 philosophiam,

2177 1780 2306 1848 περὶ
2335 1778 2467 1830 αὐτὸ
2502 1777 2645 1830 κατὰ
2673 1777 2772 1848 τὴν
2808 1776 3041 1849 θεωρίαν
3089 1780 3355 1844 ἐπινοίαις
3393 1780 3726 1841 ἐπαινετῶς
3749 1781 3787 1850 ῆ

497 1892 624 1937 eum
678 1878 1111 1948 unumquodque
1169 1894 1365 1933 eorum
1429 1879 1693 1934 nimirum
1752 1898 1877 1951 quae
1929 1884 2071 1939 dicta

2175 1867 2392 1938 ψεκτῶς
2413 1866 2859 1939 λαμϐανομένου,
2891 1869 2987 1924 καὶ
3014 1870 3140 1933 τοὺς
3166 1873 3253 1924 ἐπ’
3283 1869 3433 1942 αὐτῷ
3462 1871 3789 1942 ποιητέους

497 1983 628 2026 sunt
668 1969 1023 2025 multifariam
1074 1971 1565 2041 contemplationis
1593 1972 1741 2027 circa
1783 1988 1842 2029 se
1893 1974 2072 2045 ipsum

497 2060 929 2131 cogitationibus
962 2075 1087 2114 cum
1121 2060 1283 2115 laude
1311 2068 1405 2114 aut
1430 2060 1708 2130 vituperio
1748 2063 2070 2133 accipiatur,

498 2166 735 2222 suasque
768 2153 1014 2207 rationes
1036 2150 1315 2206 faciendas
1334 2159 1432 2204 aut
1452 2166 1564 2205 non
1588 2150 1882 2217 faciendas,
1914 2163 2073 2208 natu-

506 2244 650 2298 rales
676 2249 771 2297 aut
800 2242 1161 2305 innaturales,
1199 2241 1574 2309 intelligibiles
1609 2249 1706 2295 aut
1734 2256 1843 2295 non
1871 2242 2074 2298 intelli-

495 2335 696 2406 gibiles
717 2333 994 2389 ostendat.
1024 2332 1236 2404 Duplex
1258 2332 1428 2397 enim,
1456 2332 1537 2386 uti
1560 2332 1695 2397 dixi,
1712 2333 2071 2406 uniuscujus-

503 2440 612 2496 que
665 2425 898 2479 rat'onis
940 2422 1139 2479 modus
1167 2433 1272 2489 est,
1323 2423 1393 2477 ad
1432 2423 1750 2479 facultatem
1792 2424 1913 2496 ejus
1975 2425 2071 2495 qui

494 2514 981 2585 contemplationis
1037 2515 1095 2569 in
1150 2514 1233 2569 eis
1286 2515 1722 2584 explorationem
1772 2516 2072 2585 prudenter

494 2608 757 2672 instituit,
790 2615 851 2661 ut
873 2622 942 2662 ex
965 2606 1346 2661 faciendorum
1372 2616 1429 2661 et
1457 2607 1793 2661 naturalium
1819 2616 1875 2663 et
1912 2608 2074 2665 intel-

494 2700 787 2769 ligibilium
813 2697 1092 2751 rationum
1114 2697 1414 2767 positione,
1462 2707 1521 2753 et
1543 2713 1613 2753 ex
1649 2698 2069 2769 phantasiarum

496 2806 608 2846 non
638 2790 889 2845 facienda
902 2804 1027 2843 rum
1048 2798 1105 2843 et
1125 2788 1525 2843 innaturalium
1554 2797 1611 2844 et
1639 2806 1752 2846 non
1805 2791 2070 2862 intelligi-

496 2882 690 2937 hilium
714 2880 1069 2949 ademptione
1086 2879 1265 2933 activa
1287 2888 1344 2934 et
1372 2881 1647 2935 naturalis
1677 2888 1734 2936 et
1759 2881 2067 2950 theologica

497 2971 746 3042 pariatur
780 2969 888 3038 piis
916 2969 1289 3038 philosophia,
1320 2969 1408 3024 vel
1441 2971 1590 3041 quod
1631 2970 1777 3025 idem
1806 2979 1915 3035 est,
1970 2972 2069 3028 Dei

495 3048 672 3117 amor.
704 3058 837 3126 Quae
866 3074 1061 3114 rursus
1086 3058 1411 3113 dividuntur
1439 3062 1695 3131 praesenti
1744 3077 1809 3116 ac
1855 3063 2065 3131 futuro,
2096 3073 2142 3135 ο

497 3165 621 3205 cum
641 3149 891 3204 umbram
917 3157 973 3204 et
1011 3148 1304 3209 veritatem
1348 3149 1608 3216 habeant,
1656 3161 1713 3207 et
1765 3162 1950 3224 typum
2013 3165 2071 3212 et

495 3241 896 3312 archetypiam.
933 3240 1094 3306 Quod
1123 3240 1167 3295 si
1195 3243 1468 3312 egregiam
1505 3243 1670 3299 homo
1693 3254 1860 3315 atque
1890 3247 2069 3302 subli-

494 3348 640 3388 mem
672 3333 777 3387 hoc
804 3333 1010 3387 szeculo
1038 3332 1204 3387 habet
1233 3332 1551 3390 facultatem
1585 3351 1861 3392 summum
1890 3338 2069 3409 adipi-

494 3423 688 3480 scendi
716 3424 940 3478 virtutis
970 3431 1027 3478 et
1054 3421 1389 3494 cognitionis
1416 3434 1472 3479 et
1519 3426 1804 3496 sapientiai
1843 3429 2069 3484 modum

491 3514 909 3585 excellendique
937 3514 1166 3569 scientia
1206 3530 1393 3569 rerum
1437 3515 1770 3583 divinarum,
1814 3518 1983 3575 habet
2014 3521 2070 3575 in

494 3616 626 3678 typo
653 3616 707 3661 et
734 3606 970 3676 imagine
1004 3605 1456 3678 archetyporum.
1485 3607 1672 3679 Typus
1702 3610 1854 3665 enim
1875 3626 2069 3668 revera

492 3696 677 3750 οιιηιίε
729 3704 919 3749 nostra
967 3710 1115 3748 nunc
1138 3710 1260 3764 qua:
1303 3705 1563 3752 censetur
1624 3701 1829 3756 veritas
1876 3712 1981 3766 est,
2012 3713 2070 3759 et

495 3788 695 3843 umbra
720 3788 955 3861 majoris
972 3788 1206 3843 rationis
1228 3800 1395 3859 atque
1428 3791 1607 3863 imago
1629 3803 1735 3847 est.
1792 3794 1953 3850 Ratio
2000 3811 2066 3851 ea

494 3895 618 3951 qua:
662 3880 719 3934 in
752 3879 1025 3936 universis
1079 3881 1134 3936 in
1164 3883 1454 3953 praesentia
1495 3883 1563 3938 ad
1620 3901 1791 3954 usque
1822 3886 2067 3943 futurum

496 3970 664 4035 inest,
706 3966 1093 4042 universorum
1143 3969 1438 4033 conditrix,
1476 3986 1601 4024 cum
1657 3982 1770 4026 tam
1826 3973 1882 4026 in
1940 3983 2068 4045 typo

494 4076 657 4131 quam
710 4060 766 4114 in
795 4060 1029 4115 veritate
1055 4059 1209 4124 insit,
1267 4070 1376 4114 tam
1433 4061 1702 4116 exsistere
1738 4060 2068 4132 intelligitur

493 4170 656 4224 (μιυηι
684 4153 882 4216 videri,
910 4167 1036 4206 cum
1071 4161 1180 4217 tam
1232 4150 1587 4219 praesentiam
1609 4165 1771 4219 quam
1820 4149 2087 4214 futurum,

496 4260 605 4299 tam
655 4255 841 4315 typum
871 4258 1034 4312 quam
1071 4242 1363 4301 veritatem
1393 4251 1638 4309 superet,
1671 4255 1738 4293 eo
1757 4239 1904 4309 quod
1931 4240 2066 4295 nihil

493 4334 828 4404 Oppositum,
866 4331 1014 4402 quod
1039 4346 1224 4384 secum
1273 4344 1378 4383 una
1407 4328 1711 4397 spectetur,
1746 4329 1931 4383 habet.
1959 4329 2067 4399 0p-

2174 1960 2207 2031 ἢ
2238 1960 2298 2012 οὐ
2328 1958 2639 2031 ποιητέονς,
2672 1959 2706 2032 ἢ
2739 1960 3061 2032 φυσικοὺςῆ
3092 1962 3419 2032 ἀφυσίκους,
3457 1961 3492 2032 ἦ
3529 1966 3790 2031 νοητοὺς

2174 2051 2207 2123 ἢ
2258 2052 2520 2122 ἀνοήτους
2574 2051 2767 2120 λόγους
2816 2040 3185 2119 ἐκφαίνοντος.
3234 2052 3421 2115 Διττδς
3485 2052 3638 2122 γὰρ,
3701 2053 3788 2117 ὡς

2173 2142 2335 2213 ἔφην,
2371 2143 2400 2194 ό
2435 2143 2519 2211 ἐφ’
2547 2128 2765 2211 ὲκάστιρ
2791 2141 2936 2211 λόγῳ
2959 2141 3161 2212 τρόπος
3188 2142 3329 2206 ἐστὶ,
3362 2141 3509 2195 κατά
3556 2141 3627 2195 τὸ
3682 2143 3789 2196 δυ-

2172 2226 2335 2281 νατὸν
2376 2225 2455 2297 τῷ
2508 2227 2821 2298 ποιουμένῳ
2865 2227 2964 2298 τὴν
3011 2229 3099 2281 ἐπ’
3137 2228 3324 2292 αὖτοῖς
3363 2229 3615 2292 συνετῶς
3671 2234 3788 2303 τῆς

2178 2316 2415 2388 θεωρίας
2461 2316 2725 2384 ἐξέτασιν,
2767 2317 2854 2371 ἴνα
2893 2315 2957 2370 εκ
2991 2334 3051 2371 τε
3077 2318 3180 2388 τῆς
3205 2320 3314 2373 τῶν
3348 2321 3636 2391 ποιητέων
3677 2324 3785 2373 καὶ

2173 2407 2423 2477 φυσικῶν
2457 2409 2550 2461 καὶ
2580 2406 2785 2479 νοητῶν
2814 2408 2990 2478 λόγων
3020 2408 3243 2473 θέσεως,
3272 2411 3367 2463 καὶ
3407 2413 3473 2463 ὲκ
3501 2410 3615 2481 τῆς
3659 2412 3785 2465 τῶν

2171 2499 2233 2552 οὐ
2274 2498 2545 2571 ποιητέων
2584 2500 2680 2553 καὶ
2712 2500 3001 2570 ἀφυσίκων
3032 2502 3126 2554 καὶ
3171 2501 3410 2570 ἀνοήτων
3437 2503 3783 2569 φαντασιιῖιν

2170 2588 2599 2659 ἀφαιρέσεως,,ή
2629 2590 2906 2660 πρακτικὴ
2939 2588 3033 2643 καὶ
3072 2591 3106 2659 ἡ
3140 2590 3344 2660 φυσικὴ
3375 2591 3469 2643 καὶ
3511 2592 3549 2660 ἠ
3588 2590 3787 2644 θεολο-

2172 2680 2305 2749 γικὴ
2338 2677 2675 2751 περιποιηθῇ
2706 2682 2819 2744 τοῖς
2850 2679 3102 2733 εὐσεϐέσι
3135 2679 3444 2749 φιλοσοφία,
3470 2681 3686 2734 ταύτὸν
3716 2683 3782 2735 δέ

2175 2770 2325 2823 ἐστιν
2372 2771 2572 2838 εἰπεῖν,
2630 2769 2902 2839 φιλοθεῖα.
2951 2772 3061 2825 Καὶ
3112 2767 3273 2827 αὗται
3302 2772 3359 2825 δὲ
3384 2771 3550 2825 πάλιν
3580 2770 3666 2843 τῷ
3707 2789 3777 2827 τε

2172 2860 2401 2929 παρόντι
2434 2861 2529 2915 καὶ
2548 2859 2627 2931 τῷ
2651 2860 2900 2931 μέλλοντι
2925 2860 3278 2932 διαιροῦνται,
3305 2862 3382 2924 ὡς
3410 2861 3576 2914 σκιὰν
3600 2862 3777 2933 έχου-

2172 2972 2265 3009 σαι
2296 2956 2392 3010 καὶ
2441 2954 2725 3027 ἀλήθειαν,
2773 2957 2868 3011 καὶ
2907 2955 3079 3010 τύπον
3112 2955 3206 3009 καὶ
3245 2955 3623 3026 ἀρχετυπίαν.
3672 2956 3771 3019 Ὡς

2172 3047 2218 3101 δ’
2256 3046 2323 3101 ἂν
2354 3047 2649 3121 ὑπερφυῶς
2693 3063 2755 3099 τε
2802 3047 2897 3101 καὶ
2947 3046 3169 3117 ὑψηλῶς
3208 3045 3434 3099 δυνατόν
3466 3044 3587 3098 ἔστι
3616 3046 3781 3101 κατὰ

2169 3137 2262 3190 τὸν
2307 3138 2481 3193 αἰῶνα
2523 3138 2712 3193 τοῦτον
2755 3137 2835 3209 τῷ
2886 3136 3161 3208 ἀνθρώπῳ
3187 3137 3250 3190 τὸ
3279 3136 3587 3209 ἀκρότατον
3621 3135 3777 3206 φθά-

2173 3241 2370 3290 σαντες
2401 3227 2601 3298 μέτρον
2625 3228 2725 3298 τῆς
2751 3228 2956 3300 ἀρετῆς
2984 3229 3081 3281 καὶ
3108 3229 3206 3298 τῆς
3242 3227 3504 3295 γνώσεως
3525 3227 3625 3280 καὶ
3655 3227 3768 3297 τῆς

2172 3317 2365 3388 σοφίας
2413 3318 2798 3388 περιγενέσθαι
2836 3321 2935 3389 τὴν
2973 3318 3084 3373 τῶν
3127 3318 3287 3372 θείων
3331 3320 3667 3389 ἐπιστήμην,
3704 3322 3777 3375 ἐν

2169 3407 2327 3480 τύπῳ
2369 3411 2463 3462 καὶ
2507 3408 2680 3462 εἰκόνι
2722 3409 2831 3463 τῶν
2871 3410 3198 3481 ἀρχετύπων
3242 3408 3385 3464 ἐστι.
3424 3408 3614 3472 Τύπος
3649 3411 3773 3482 γάρ

2170 3502 2318 3554 ἐστιν
2356 3498 2430 3564 ὡς
2485 3498 2706 3571 ἀληθῶς
2749 3500 2901 3553 πᾶσα
2930 3502 3064 3572 παρ’
3104 3499 3264 3570 ἡμῶν
3299 3499 3396 3554 νῦν
3426 3496 3570 3555 εἶναι
3603 3519 3773 3574 νομι-

2171 3591 2375 3664 ζομένη
2419 3590 2670 3662 ἀλήθεια,
2708 3591 2804 3645 καὶ
2855 3592 2984 3644 σκιὰ
3028 3589 3125 3644 τοῦ
3172 3591 3423 3660 μείζονος
3465 3591 3633 3662 λόγου
3665 3596 3772 3649 καὶ

2170 3685 2357 3741 εἰκών.
2401 3684 2460 3740 '0
2494 3686 2551 3739 ὲν
2587 3686 2728 3751 ὅλοις
2772 3685 2916 3740 κατά
2951 3683 3011 3739 τὸ
3057 3686 3237 3757 παρὸν
3281 3685 3419 3756 πρὸς
3467 3688 3530 3741 τὸ
3562 3687 3773 3758 μέλλον

2172 3778 2266 3833 καὶ
2295 3777 2404 3831 τῶν
2451 3777 2590 3832 ὅλων
2625 3779 2907 3848 ποιητικὸς
2937 3776 3095 3847 λόγος
3121 3778 3569 3849 κατανοούμενός
3611 3781 3771 3833 ἐστιν

2171 3869 2245 3934 ὡς
2275 3870 2333 3922 ὲν
2355 3868 2513 3940 τύπῳ
2543 3870 2638 3922 καὶ
2665 3868 2917 3939 ἀληθείᾳ,
2944 3867 3037 3922 καὶ
3079 3866 3155 3921 ὢν
3183 3869 3281 3923 καὶ
3302 3872 3659 3940 φαινόμενος,
3688 3871 3770 3932 ὡς

2172 3960 2318 4031 ὑπὲρ
2346 3961 2407 4013 τὸ
2448 3960 2626 4033 παρὸν
2659 3959 2756 4015 καὶ
2788 3959 2850 4013 τὸ
2878 3958 3072 4030 μέλλον
3104 3958 3203 4024 ὢν,
3255 3963 3355 4014 καὶ
3403 3961 3551 4032 ὑπὲρ
3586 3961 3770 4014 τύπον

2171 4053 2265 4105 καί
2304 4051 2592 4124 ἀλήθειαν,
2623 4050 2703 4122 τῷ
2737 4049 2906 4123 μηδὲν
2936 4050 3083 4120 ἔχειν
3116 4050 3504 4122 ἀντικείμενον
3529 4052 3768 4104 συνθεω-

2174 4143 2463 4214 ρούμενον.
2532 4144 2861 4198 ’Δντίκειται
2915 4144 2973 4198 δὲ
3027 4146 3096 4215 τῇ
3151 4142 3387 4215 ἀληθείᾳ
3427 4143 3489 4198 τὸ
3543 4144 3765 4214 ψεῦδος.

2175 4236 2375 4307 (218
2404 4234 2467 4305 α)
2510 4235 2681 4306 ’Υπὲρ
2742 4235 3001 4306 ἀληθειαν
3022 4236 3131 4308 ἄρα
3170 4236 3198 4288 ὁ
3226 4237 3365 4307 πρὸς
3389 4237 3449 4289 ὃν
3476 4237 3549 4290 τὰ
3588 4238 3765 4291 πάντα

2175 4328 2472 4395 συνάγεται
2503 4327 2686 4396 λόγος,
2723 4329 2819 4382 καὶ
2854 4323 3031 4393 αὖθις,
3071 4329 3148 4392 ὡς
3180 4327 3477 4401 ἄνθρωπος
3510 4330 3611 4383 καὶ
3634 4328 3764 4391 Θεὸς

494 4400 731 4494 positum
753 4400 934 4477 autem
966 4417 1183 4474 veritati
1212 4425 1297 4471 est
1336 4416 1707 4471 mendacium.
1744 4417 1931 4487 Itaque
1970 4433 2064 4472 ve-

2175 4420 2457 4489 ύπὰρχων,
2493 4420 2586 4471 καὶ
2611 4418 2752 4490 ὑπὲρ
2781 4421 2961 4473 πᾶσαν
2995 4418 3071 4472 ὢν
3112 4400 3336 4490 ἀληθῶς
3364 4418 3765 4490 ἀνθρωπότητᾶ

495 4517 712 4570 ritatem
746 4522 970 4583 superat
1010 4527 1075 4565 ea
1124 4508 1191 4561 ad
1219 4523 1382 4585 quam
1428 4506 1698 4563 universa
1732 4509 2066 4578 colliguntur

2171 4524 2231 4560 τε
2269 4510 2363 4560 καὶ
2390 4507 2639 4576 θεότητα.

495 4608 655 4671 ratio,
692 4607 1008 4677 pariterque
1077 4615 1295 4665 rursus,
1362 4609 1422 4654 ut
1472 4599 1637 4655 homo
1675 4609 1732 4654 et
1772 4601 1937 4664 Deus,
1975 4599 2143 4654 etiam
2180 4615 2398 4653 onmem
2444 4614 2635 4653 revera
2696 4598 3093 4679 humanitatem
3156 4606 3212 4653 et
3258 4597 3617 4657 divinitatem
3669 4615 3762 4655 su-

496 4708 673 4769 perat.

564 4788 1109 4859 Colligunturigilur
1143 4788 1360 4859 priores
1420 4785 1645 4856 quidem
1683 4784 1924 4854 quinque
1976 4800 2065 4837 ra-

496 4885 675 4938 tiones
733 4881 800 4936 de
848 4880 1146 4935 multifaria
1210 4879 1456 4949 ipsarum
1484 4874 1949 4945 Contemplatione
2011 4875 2067 4928 in

493 4975 725 5030 activam
752 4972 1130 5028 etnaturalem
1156 4980 1212 5025 et
1242 4969 1604 5040 theologicam
1631 4968 2063 5038 philosophiam,

494 5067 577 5119 liae
605 5079 735 5118 vero
785 5079 981 5117 rursus
1010 5063 1062 5116 in
1106 5060 1455 5131 praesentiam
1503 5068 1669 5128 atque
1705 5057 1972 5120 futurum,
2010 5056 2065 5111 id

459 5198 463 5203 .
493 5167 579 5211 cst
624 5164 812 5226 typum
858 5164 1022 5222 atque
1059 5152 1372 5214 veritatem,
1409 5148 1700 5220 praesentia
1732 5163 1865 5202 vero
1897 5156 1952 5202 et
1981 5146 2068 5200 fu-

496 5260 684 5300 turum
710 5248 763 5300 in
784 5244 1111 5316 principale,
1162 5245 1277 5297 sive
1303 5243 1361 5296 in
1396 5242 1689 5304 rationem,
1743 5239 1798 5294 id
1833 5246 1916 5293 est
1941 5238 2066 5293 Ser-
2101 5256 2106 5262 '

497 5351 737 5397 monem,
769 5352 889 5405 quae
915 5346 1035 5390 erat
1066 5334 1120 5387 in
1151 5332 1451 5403 principio,
1478 5346 1601 5401 qua:
1655 5339 1831 5385 semet
1869 5330 1980 5400 pati
2010 5337 2066 5384 et

495 5423 685 5478 videre
714 5423 845 5479 facit
878 5440 974 5479 eos
996 5424 1089 5493 qui
1122 5425 1207 5477 sui
1249 5422 1399 5492 digni
1440 5421 1572 5475 facti
1622 5419 1848 5485 fuerint,
1885 5428 1941 5473 et
1969 5434 2065 5487 per

496 5531 561 5568 ea
588 5530 706 5581 quae
736 5517 880 5572 dicta
914 5524 1043 5571 sunt
1076 5528 1440 5572 summocum
1472 5512 1657 5569 studio
1683 5512 1749 5567 ad
1788 5529 1908 5568 sese
1940 5513 2064 5576 iter,

496 5610 554 5655 et
572 5601 830 5660 deeadem
860 5624 955 5676 per
986 5607 1135 5675 ipsos
1165 5604 1361 5658 factam
1417 5604 1725 5674 per_ipsum
1780 5603 2068 5658 effecerint

497 5687 814 5758 monadem,
846 5696 914 5749 de
949 5693 1104 5749 omni
1133 5707 1237 5746 eos.
1259 5694 1501 5747 motione
1552 5692 1795 5762 passioni
1829 5693 2067 5747 obnoxia

2247 4780 2390 4832 Συνά
2406 4796 2582 4847 (ονται
2629 4779 2811 4833 τοίνυν
2846 4780 2894 4831 οἱ
2932 4776 3032 4847 μὲν
3068 4779 3329 4850 πρότεροι
3368 4780 3536 4832 πέντε
3570 4781 3763 4852 τρόποι

2174 4871 2318 4925 κατά
2343 4872 2442 4941 τὴν
2472 4872 2557 4925 ἐπ’
2592 4872 2774 4935 αὐτοῖς
2816 4868 3156 4938 πολύτροπον
3185 4870 3426 4940 θεωρίαν
3482 4873 3566 4935 εἰς
3616 4890 3762 4944 πρα-

2173 4965 2371 5036 κτικὴν
2393 4964 2483 5017 καὶ
2499 4964 2733 5035 φυσικὴν
2760 4964 2854 5017 καὶ
2870 4960 3189 5032 θεολογικὴν
3220 4962 3573 5033 φιλοσοφίαν,
3601 4958 3762 5018 αὗται

2174 5057 2233 5110 δὲ
2273 5056 2438 5111 πάλιν
2465 5059 2544 5120 εἰς
2571 5056 2633 5110 τὸ
2652 5054 2833 5137 ,παρὸν
2864 5054 2955 5106 καὶ
2980 5056 3063 5116 είς
3088 5053 3152 5106 τὸ
3186 5055 3405 5124 μέλλον,
3443 5056 3568 5127 ἤτοι
3593 5056 3761 5108 τύπον

2176 5149 2269 5203 xa‘t
2322 5148 2603 5219 ἀλήθειαν,
2655 5147 2715 5199 τὸ
2761 5144 2936 5217 παρὸν
2989 5144 3045 5196 δὲ
3098 5146 3197 5198 καί
3242 5144 3306 5198 τὸ
3358 5147 3557 5216 μέλλον
3592 5147 3763 5209 εἰςτὸ

2176 5239 2428 5309 ἀρχικὸν,
2466 5239 2636 5309 ἧγουν
2669 5237 2761 5290 τὸν
2810 5237 2866 5287 ὲν
2908 5236 3049 5305 ἀρχῇ
3109 5233 3306 5303 Λόγον,
3353 5236 3448 5289 τὸν
3500 5235 3762 5289 ποιοῦντα

2177 5331 2372 5384 παθεῖν
2418 5329 2578 5382 αὐτὸν
2625 5328 2718 5381 καὶ
2772 5327 2899 5380 ἰδεῖν
2934 5325 3061 5388 τοὺς
3092 5324 3281 5390 ἀξίους
3328 5325 3496 5380 αὑτοῦ
3526 5326 3762 5395 γενομέ-

2178 5424 2341 5485 νους,“
2367 5420 2461 5475 καί
2495 5420 2580 5473 διὰ
2613 5418 2724 5471 τῶν
2770 5415 3077 5487 εἰρημένων
3114 5416 3425 5484 φιλοπόνως
3475 5419 3578 5486 τὴν
3626 5418 3759 5486 πρὶς

2176 5510 2336 5562 αὑτὸν
2354 5509 2755 5579 ποιησαμένους
2781 5505 3020 5574 πορείαν,
3046 5506 3142 5558 καὶ
3167 5505 3269 5573 τὴν
3290 5506 3358 5559 δι’
3381 5507 3583 5570 αὐτοὺς
3608 5523 3757 5575 γενο-

2180 5600 2348 5671 μένην
2392 5600 2590 5653 δεκὲιδα
2635 5600 2701 5653 δι’
2738 5597 2897 5652 αὑτὸν
2942 5599 3353 5667 ποιησαμένους
3403 5599 3630 5670 μονάδα,
3664 5604 3759 5667 τὴν

2177 5694 2374 5756 αὐτοὺς
2408 5692 2764 5758 ὲκτινάξασαν
2779 5687 3264 5767 παντδςέμπαθοῦς
3296 5704 3354 5742 τε
3387 5693 3485 5743 καὶ
3530 5690 3756 5760 φυσικοῦ
