4038 6146
203 359 210 366 .
306 293 451 359 .1297

1544 289 2059 351 AMBIGUORUM
2100 288 2353 349 LIBER.
3418 284 3559 354 1298

306 406 402 461 καὶ
446 421 643 477 νοητου
689 406 1010 478 κινήματος,
1033 404 1136 458 ’καὶ
1164 403 1262 475 τὴν
1295 403 1354 456 ὲν
1379 403 1566 474 χάριτι
1603 402 1754 456 θείαν
1783 403 1882 455 αύ-

1985 409 2035 457 el
2067 401 2307 456 naturali
2335 410 2391 456 et
2417 397 2774 455 intellectuali
2800 398 3159 455 decussuram
3204 382 3560 468 divinamqne

305 499 423 560 τοῖς
453 496 595 550 κατὰ
641 498 742 565 τὴν
792 497 1085 567 ὁλόκληρον
1131 494 1245 560 ἕξιν
1305 493 1754 565 ὲμμορφὼσασαν
1784 493 1882 562 τῆς

1992 493 2047 547 ἰιι
2081 491 2259 563 gratia
2296 491 2379 546 eis
2408 490 2711 547 secundum
2767 489 3040 559 integrum
3092 488 3342 544 habitum
3393 488 3567 544 infor-

308 587 452 641 κατὰ
479 586 643 655 φύσιν
673 587 826 650 θείας
844 586 1145 656 ἁπλότητος
1178 584 1438 657 ἰδιότητα.
1482 584 1677 638 ἰστέον
1702 585 1758 637 δὲ
1789 582 1882 636 καί¹

1988 593 2258 637 maturam
2291 581 2489 637 divina:
2506 579 2834 636 naturaliter
2855 577 3224 650 simplicitatis
3257 579 3565 648 proprieta-

303 674 484 741 τοῦτο,
513 674 596 728 ὅτι
631 675 730 744 τῆς
771 673 869 744 μὲν
895 672 1150 743 προνοίας
1179 673 1207 724 ὁ
1235 670 1394 738 λόγος
1422 673 1488 743 τῇ
1522 673 1753 742 φυσικῇ,
1790 671 1882 724 καὶ

1988 681 2120 727 tem.
2159 672 2455 728 Sciendum
2488 679 2674 726 autem
2703 670 2807 724 hoc
2830 683 3048 739 quoque
3070 677 3178 732 est,
3203 667 3567 738 providentiae
3633 714 3635 717 .

274 780 278 785 ‘
304 765 334 818 ό
358 764 456 832 τῆς
486 763 720 836 κρίσεως
743 763 902 830 λόγος
921 764 987 833 τῇ
1022 763 1297 832 πρακτικῇ
1330 760 1708 831 κατέσπαρται
1736 760 1884 829 φιλο-

306 856 491 926 σοφίᾳ,
526 854 666 909 κατὰ
694 855 820 918 τοὺς
845 853 1027 915 αὐτοῖς
1056 852 1370 922 πρέποντας
1400 850 1660 921 τρόπους,
1695 845 1774 912 οἷς
1798 850 1886 903 διὰ

304 949 401 1019 τῆς
431 949 663 1019 θεωρίας
690 949 799 1003 τῶν
827 948 996 1003 όντων
1033 964 1093 1000 τε
1142 946 1235 999 καὶ
1269 945 1571 1016 γινομένων
1600 946 1886 1015 ὲμφαίνονυ

301 1055 416 1092 ται.
441 1040 647 1104 Ταῦτα,
690 1037 873 1102 καθὼς
908 1039 1145 1109 εἴρηται,
1181 1036 1476 1099 νενοηκότα
1501 1035 1592 1089 τὸν
1622 1036 1881 1106 θεόφρονα

302 1126 493 1181 τοῦτον
536 1127 856 1183 διδάσκαλον
903 1125 1059 1197 οἶμαι
1081 1123 1127 1157 ’⁸⁸
1159 1124 1487 1196 προσφόρως
1529 1123 1656 1186 τοὺς
1685 1125 1887 1192 ὀνομα-

306 1219 532 1282 σθέντας
562 1218 751 1287 ἁγίους
783 1219 848 1272 ὲκ
879 1215 974 1271 τοῦ
1000 1216 1142 1271 κατὰ
1171 1216 1328 1286 γένος
1359 1214 1455 1269 καὶ
1480 1212 1638 1280 ἀξίαν
1673 1213 1881 1285 τρόπου

300 1308 402 1378 τῆς
430 1307 517 1360 ἐπ’
535 1308 721 1371 αὐτοῖς
745 1306 981 1378 θεωρίας
1011 1305 1264 1373 καλέσαι,
1291 1291 1386 1358 τὸν
1405 1305 1462 1359 δὲ
1491 1304 1663 1375 μέγαν
1703 1304 1884 1356 Ίωὰν-

300 1415 400 1469 νην
447 1399 541 1452 καὶ
576 1402 640 1452 ὲκ
680 1398 775 1452 τοῦ
811 1400 1000 1452 τόπου.
1051 1397 1252 1467 Διόπερ
1292 1397 1320 1449 ό
1363 1396 1464 1466 μὲν
1509 1393 1663 1462 ἆγιος
1701 1393 1883 1448 Ἰωάν-

301 1506 420 1560 νης,
448 1491 522 1553 ὡς
552 1478 1202 1561 μὲνκῆρυξμετανοίας,
1234 1486 1485 1558 πράξεώς
1510 1486 1660 1538 ἐστιν
1692 1482 1879 1548 εἰκὼν,

300 1577 376 1642 ὡς
404 1578 461 1631 δὲ
491 1577 1089 1649 ὲρημίτης,ἁπαθείας,
1119 1576 1194 1639 ὡς
1215 1575 1446 1645 Λευῖτης
1471 1574 1527 1626 δὲ
1554 1573 1647 1629 καὶ
1679 1575 1879 1643 ἱερεὺς,

302 1669 614 1738 γνωστικῆς
645 1668 902 1739 θεωρίας,
937 1668 1011 1732 ὡς
1057 1668 1114 1721 δὲ
1143 1666 1238 1720 τοῦ
1271 1666 1433 1734 λόγου
1464 1666 1882 1736 προσκιρτήσας

1988 760 2257 815 rationem
2283 758 2541 825 naturali,
2565 757 2759 829 judicii
2783 756 3048 811 rationem
3083 754 3261 809 activa
3285 769 3408 810 esse
3441 754 3567 827 phi-

1985 847 2237 918 losophia
2273 857 2468 912 satam,
2492 847 2793 902 secundum
2820 845 3016 901 modos
3056 844 3474 907 convenientes,
3507 845 3563 898 in

1986 938 2190 1009 quibus
2207 954 2309 1009 per
2334 953 2528 996 eorum
2555 953 2678 1008 quae
2691 937 2965 993 exsistunt
2988 944 3044 991 et
3066 934 3207 990 ﬁunt
3227 932 3567 1003 contempla-
3613 966 3618 982 .

1987 1029 2192 1083 tionem
2221 1028 2659 1083 manifestantur.
2693 1026 2839 1092 Hoc,
2869 1024 2950 1082 uti
2979 1024 3116 1090 dixi,
3171 1024 3456 1079 intellectu
3484 1028 3566 1078 at-

1985 1129 2097 1189 que
2156 1120 2393 1175 consilio
2446 1118 2696 1174 divinum
2753 1119 2903 1173 hunc
2948 1116 3190 1173 arbitror
3235 1115 3567 1185 magistrum

1984 1218 2229 1275 sanctos,
2252 1225 2391 1280 quos
2416 1209 2732 1282 appellavit,
2752 1218 3121 1279 congruenter
3153 1223 3221 1263 ex
3247 1206 3413 1263 modo
3433 1220 3568 1263 con-

1984 1298 2353 1368 templationis
2397 1314 2592 1354 eorum
2641 1313 2870 1353 vocasse
2937 1296 3237 1354 secundum
3285 1310 3459 1367 genus
3508 1301 3568 1351 et

1984 1387 2330 1457 dignitatem,
2360 1402 2617 1458 magnum
2662 1402 2798 1443 vero
2827 1387 3094 1442 Joannem
3125 1385 3291 1442 etiam
3342 1387 3411 1442 de
3457 1383 3569 1441 loci

1982 1478 2169 1532 modo.
2194 1477 2377 1544 Quare
2405 1485 2628 1533 sanctus
2650 1476 2912 1542 Joannes,
2939 1484 3003 1530 ut
3057 1475 3401 1546 paenitentiae
3424 1490 3568 1544 pm-

1985 1585 2072 1635 co,
2104 1571 2340 1626 actionis
2368 1571 2673 1642 estimago,
2711 1576 2772 1624 ut
2798 1568 3051 1630 eremita,
3078 1565 3562 1637 impassibilitatis,

1983 1668 2045 1715 nt
2071 1660 2261 1739 Levita
2278 1667 2334 1714 et
2362 1660 2645 1722 sacerdos.
2671 1657 2935 1729 gnosticm
2965 1654 3472 1726 contemplationis,
3506 1661 3570 1709 ut

300 1759 410 1815 ἀπὸ
458 1760 717 1829 γαστρὸς,
750 1759 1026 1831 ’ἁτρεψίας
1078 1758 1173 1813 καὶ
1216 1757 1317 1828 τῆς
1367 1756 1488 1810 κατ’
1533 1754 1733 1829 ἀρετὴν
1779 1755 1874 1809 καὶ

1983 1767 2104 1806 vero
2150 1751 2380 1807 rationis
2409 1766 2478 1806 ex
2503 1761 2659 1806 utero
2690 1749 2991 1814 exsultans,
3019 1745 3339 1805 constantiae
3373 1751 3430 1800 et
3469 1744 3568 1800 ba-

301 1848 505 1918 γνῶσιν
552 1849 721 1916 sese;
765 1851 883 1904 ἐστι
933 1848 996 1902 σύ
1007 1848 1201 1919 μϐολον
1224 1865 1238 1878 ·
1271 1850 1300 1902 ὁ
1326 1847 1381 1901 δὲ
1407 1846 1561 1917 am;
1588 1846 1775 1912 Δαὸὶδ,
1805 1845 1879 1911 ὡς

305 1941 406 2010 μὲν
458 1941 712 2003 Ἰουδαῖος
746 1936 948 2011 (218
977 1939 1041 2011 b)
1072 1940 1166 1993 καὶ
1201 1939 1427 2010 ποιμὴν,
1469 1938 1568 2008 τὴν
1599 1936 1667 1990 δι’
1688 1935 1881 2005 ἐξομο-

302 2030 582 2101 λογήσεως
623 2033 934 2102 πρακτικὴν
969 2029 1292 2100 φιλοσοφίαν
1326 2027 1671 2092 εἰκονίζεται,
1706 2027 1781 2089 ὡς
1824 2024 1880 2079 δὲ

305 2121 555 2192 βασιλεὺς
598 2122 833 2191 Ἰσραὴλ,
865 2122 964 2192 τὴν
999 2120 1342 2192 θεωρητικὴν
1387 2121 1690 2188 εἰσηγεῖται
1721 2134 1883 2188 μυστ-

303 2212 569 2280 αγωγίαν.
627 2212 790 2277 Γένος
844 2211 938 2266 οὖν
992 2211 1088 2265 τοῦ
1140 2211 1239 2281 μὲν
1287 2208 1447 2277 ἁγίου
1510 2208 1759 2262 Ἰωάννου
1822 2205 1884 2260 τὸ

305 2302 457 2366 ἔθνος
482 2303 577 2357 καὶ
598 2306 631 2372 ἡ
664 2303 806 2374 φυλὴ
833 2303 892 2369 ἐξ
931 2294 1007 2357 ὧν
1036 2298 1273 2372 ὑπῆρχε,
1307 2300 1434 2367 ἀξία
1455 2299 1512 2352 δὲ
1538 2299 1597 2351 τὸ
1621 2299 1885 2369 κήρυγμα

306 2393 404 2448 καὶ
441 2394 737 2464 ἱερωσύνη,
777 2393 874 2448 καὶ
908 2394 1073 2456 τόπος
1112 2394 1146 2463 ἠ
1179 2393 1384 2463 ἔρημος
1422 2393 1481 2444 ὲν
1567 2390 1752 2460 διῆγεο
1789 2387 1882 2443 τοῦ

303 2483 363 2539 δὲ
388 2485 543 2554 ἁγίου
582 2485 744 2538 Δαόὶδ
771 2484 1059 2549 ὡσαύτως,
1089 2483 1151 2538 τὸ
1179 2484 1278 2553 μὲν
1317 2482 1477 2551 γένος
1500 2481 1563 2535 τὺ
1585 2481 1737 2557 ἔθνος
1768 2480 1886 2535 ὲστὶ

307 2575 405 2630 καὶ
436 2578 473 2646 ἡ
502 2576 664 2646 φυλὴ,
696 2576 757 2629 τὸ
787 2576 845 2630 δὲ
867 2575 1227 2646 ἐπιτήδευμα,
1270 2574 1442 2644 ἦγουν
1471 2573 1505 2643 ἡ
1532 2571 1677 2638 ἀξία,
1705 2572 1737 2641 ἡ
1766 2587 1888 2624 ποι-

312 2667 547 2738 μαντικὴ
595 2667 689 2720 καὶ
744 2669 777 2737 ὴ
823 2666 1090 2738 βασιλεία.
1143 2660 1239 2729 AZ”;
1277 2664 1561 2733 ἑκάτερος,
1604 2661 1886 2728 ἀναλόγως

311 2757 490 2826 ἐαυτῷ
519 2758 660 2811 κατὰ
676 2759 768 2810 τὸν
801 2758 1080 2828 πρέποντα
1108 2756 1266 2824 λόγον
1294 2753 1404 2809 τῶν
1436 2754 1523 2808 ἐπ’
1552 2751 1703 2821 αὐτῷ
1731 2750 1885 2818 λεγο-

313 2846 491 2917 μένων
522 2849 742 2918 τρόπων
784 2846 1183 2917 θεωρούμενος,
1219 2844 1282 2898 τὺ
1316 2844 1384 2898 δι’
1417 2841 1582 2897 αὐτοῦ
1620 2840 1888 2912 δηλούμε-

309 2951 403 2994 νον
434 2939 793 3004 ιὰπταίστως
817 2958 836 2991 ι
869 2939 1171 3011 μυστήριον
1193 2936 1490 2991 δείκνυσιν.
1626 2921 1635 2930 ’

1981 1842 2129 1898 bitus
2156 1841 2376 1897 virtutis
2397 1851 2455 1898 et
2481 1839 2814 1911 cognitionis
2845 1838 3157 1910 symbolum
3191 1844 3313 1893 est:
3344 1843 3569 1893 sanctus

1981 1942 2173 1988 contra
2227 1932 2422 1999 David,
2473 1939 2536 1987 ut
2578 1931 2802 1986 Judaeus
2833 1938 2889 1985 et
2932 1936 3140 1999 pastor,
3170 1927 3402 1985 activam
3464 1941 3567 1997 per

1987 2023 2391 2079 confessionem
2450 2020 2865 2093 philosophiam
2902 2019 3116 2090 ﬁgurat,
3141 2025 3201 2072 ut
3224 2031 3323 2071 rex
3364 2014 3565 2081 Israel,

1982 2113 2459 2184 contemplativam
2493 2111 2798 2167 introducit
2821 2107 3233 2182 mystagogiam.
3256 2105 3440 2162 Genus
3460 2104 3563 2177 igi-

1987 2214 2078 2261 tur
2099 2204 2273 2259 sancti
2293 2202 2524 2259 Joannis
2557 2218 2691 2273 gens
2717 2209 2802 2257 est
2830 2208 2888 2255 et
2922 2201 3103 2254 tribus
3131 2198 3276 2254 unde
3293 2197 3564 2268 originem

1984 2292 2239 2357 ducebat,
2268 2290 2508 2363 dignitas
2527 2306 2659 2345 vero
2687 2287 3025 2361 praeconium
3054 2296 3112 2343 et
3158 2286 3565 2352 sacerdotium,

1984 2392 2042 2441 et
2068 2384 2224 2439 locus
2244 2381 2530 2437 desertum
2576 2380 2672 2435 ubi
2688 2366 2901 2435 versari
2941 2377 3191 2443 solebat;
3224 2375 3399 2431 sancti
3434 2389 3566 2430 con-

1986 2482 2069 2530 tra
2113 2472 2336 2528 Davidis
2367 2471 2491 2542 pari
2525 2471 2690 2527 modo
2742 2484 2919 2541 genus
2977 2476 3064 2524 est
3092 2483 3225 2539 gens
3260 2476 3320 2522 et
3365 2465 3564 2533 tribus,

1936 2558 1941 2565 ’
1959 2611 1967 2617 .
1985 2579 2207 2630 munus,
2232 2562 2287 2618 id
2301 2571 2385 2619 est
2406 2562 2664 2633 dignitas,
2686 2560 2965 2631 pastorale
2982 2558 3221 2615 cilicium
3238 2566 3295 2613 et
3314 2571 3562 2626 regnum.

1985 2652 2222 2720 Quibus,
2251 2648 2628 2723 philosophia,
2686 2652 2939 2721 inquam,
2968 2648 3146 2704 activa
3197 2655 3255 2703 et
3314 2656 3565 2701 contem-

1987 2743 2190 2813 plativa
2240 2742 2595 2814 mystagogia,
2645 2741 2691 2796 si
2736 2749 2973 2810 uterque
3014 2739 3125 2794 sibi
3171 2736 3575 2794 convenienter

1988 2832 2290 2887 secundum
2321 2840 2716 2903 congruentem
2740 2831 3031 2886 modorum
3069 2831 3127 2884 in
3165 2829 3249 2883 eis
3299 2827 3573 2882 indicato-

1988 2935 2110 2976 rum
2132 2921 2400 2976 rationem
2421 2930 2722 2992 spectatur,
2750 2921 3075 2993 mysterium
3110 2935 3209 2990 per
3235 2926 3411 2974 semet
3440 2930 3563 2971 ma.

1892 3081 1898 3086 ο
1989 3010 2306 3068 nifestatum
2338 3011 2455 3067 sine
2486 3030 2504 3063 ι
2530 3012 2698 3068 ullius
2721 3011 3027 3068 oﬂ‘ensione
3051 3030 3070 3062 ι
3118 3010 3489 3066 demonstrat.

1906 3134 1979 3149 CD-

322 3201 425 3262 Ἕκ
455 3196 561 3260 τοῦ
589 3205 777 3260 αὐτοῦ
808 3205 1017 3274 λόγου,
1048 3204 1135 3270 εἷς
1158 3203 1226 3257 τὸ
1250 3218 1263 3234 ·
1294 3220 1311 3255 ι
1333 3203 1436 3257 Ἂν
1464 3202 1552 3268 εὶς
1575 3200 1881 3269 Αἴγυπτον

1984 3195 2068 3252 Ea:
2098 3195 2279 3249 eodem
2302 3208 2567 3259 sermone,
2597 3194 2654 3247 in
2691 3190 2828 3255 illud
2861 3207 2874 3244 :
2909 3208 2927 3241 ι
2956 3187 3013 3244 Si
3039 3189 3094 3242 in
3125 3187 3415 3259 Egyptum
3441 3203 3572 3258 pro:

377 3296 593 3364 φεύγῃ,
628 3298 945 3365 προθύμως
973 3291 1534 3362 συμφυγπαδεύθητι·
1569 3289 1761 3344 καλὸν
1798 3284 1879 3352 τῷ

376 3383 611 3450 Χριστῷ
652 3384 1024 3453 συμφεύγειν
1063 3377 1422 3449 διωκομένῳ.
1462 3378 1564 3432 Ἂν
1602 3377 1677 3430 ἐν
1698 3375 1878 3444 Αίγύ-

380 3488 506 3537 πτῳ
543 3472 849 3542 βραδύνῃ,
904 3472 1178 3526 κάλεσον
1216 3469 1406 3524 αὐτὸν
1447 3468 1516 3532 ἐξ
1552 3467 1877 3537 Αἰγύπτου,

377 3563 575 3632 καλῶς
606 3565 735 3620 ἐκεῖ
754 3563 1289 3634 προσκυνούμενον
1312 3561 1444 3633 (29).
1478 3581 1515 3615 ι,
1590 3548 1596 3554 ’
1638 3548 1644 3554 ’

381 3758 491 3823 Δεῖ,
521 3756 773 3828 καθάπερ
800 3752 978 3826 οἶμαι,
1022 3755 1159 3828 πρὸς
1182 3754 1259 3826 τῷ
1288 3754 1580 3823 γινώσκειν
1606 3755 1686 3818 είς
1709 3753 1878 3823 Δίγυ-

310 3861 442 3897 ¹ιιτον
468 3846 705 3913 φυγόντα
745 3847 836 3898 τὸν
880 3846 1083 3916 Κύριον
1114 3846 1209 3898 καὶ
1236 3844 1341 3898 ὑπὸ
1381 3845 1525 3906 τίνος
1553 3843 1883 3914 διωκόμενον

309 3932 452 3984 κατὰ
479 3931 540 3983 τὸ
571 3932 863 3986 ἀκόλουθον
892 3933 1113 3987 εἰδέναι.
1141 3934 1337 4000 Φεύγει
1384 3932 1564 3986 τοίνυν
1607 3934 1636 3985 ό
1673 3934 1881 4005 Κύριος

308 4020 562 4090 ούμόνον
590 4021 778 4085 ἁπλῶς
810 4024 892 4085 εἰς
931 4023 1227 4090 Αἴγυπτον,
1255 4022 1393 4076 ἁλλὰ
1427 4023 1520 4075 καὶ
1549 4014 1655 4075 ύπδ
1700 4021 1880 4093 Ἢρὼη

268 4097 407 4164 ⁵δου.
450 4111 800 4181 διωκόμενος,
842 4112 938 4165 τοῦ
995 4104 1300 4182 τηνικαῦτα
1341 4113 1441 4181 τῆς
1486 4112 1746 4176 Ἰουδαίας
1777 4115 1882 4185 γῆς

310 4198 707 4269 βασιλεύοντος.
749 4202 1148 4272 Ἐρμηνεύεται
1172 4203 1227 4256 δὲ
1250 4205 1278 4257 ὁ
1316 4201 1584 4274 Ἡρώδης,
1618 4204 1694 4266 ὣς
1720 4220 1878 4273 φασι,

309 4292 498 4355 πάθος,
549 4294 643 4349 καὶ
679 4292 1027 4365 δερμάτινος,
1074 4297 1172 4349 καὶ
1227 4295 1406 4364 φύσις,
1441 4297 1474 4365 ἡ
1515 4296 1572 4349 δὲ
1607 4296 1883 4363 Αἴγυπτος

307 4382 402 4439 καὶ
445 4383 582 4452 αὑτὴ
611 4384 892 4453 πολλαχῶς
929 4384 1286 4455 λαμϐάνεται,
1314 4384 1458 4439 κατὰ
1485 4384 1586 4448 τὰς
1629 4386 1716 4438 ἐπ’
1741 4385 1879 4457 αὐτῇ

2051 3285 2242 3357 fugiat,
2273 3284 2446 3339 alacri
2475 3283 2652 3338 animo
2674 3290 2723 3335 te
2742 3283 2844 3352 ipsi
2862 3281 3000 3351 fuga:
3020 3279 3264 3332 comitem
3286 3276 3525 3347 adjunge
3544 3316 3575 3344 ,.

2053 3375 2373 3445 prteclarum
2401 3382 2479 3428 est
2507 3391 2626 3428 cum
2654 3373 2863 3428 Christo
2885 3371 3300 3442 persecutionem
3332 3369 3566 3439 patiente

2051 3466 2248 3538 fugere.
2281 3464 2340 3519 Si
2369 3464 2756 3519 diuturniorem
2791 3462 2848 3516 in
2874 3459 3106 3531 xEyypto
3138 3459 3561 3528 moramfaciut,

2051 3575 2115 3613 ea;
2158 3556 2386 3628 Egypto
2422 3571 2544 3609 eum
2591 3570 2738 3618 voca,
2780 3554 2870 3624 qui
2914 3553 3014 3606 rite
3062 3549 3176 3606 illic
3226 3549 3485 3603 adoratur
3514 3556 3567 3601 et

2055 3650 2271 3706 colitur.
2303 3666 2323 3702 ι

2053 3760 2353 3824 Debemus,
2385 3766 2447 3813 ut
2465 3758 2683 3828 opinor,
2713 3772 2843 3813 cum
2864 3756 3163 3812 Dominum
3191 3754 3251 3809 in
3268 3753 3562 3825 [Egyptutn

1981 3855 2187 3927 fugisse
2217 3854 2479 3919 sciamus,
2510 3867 2676 3908 nosse
2706 3854 2876 3907 etiam
2918 3860 3329 3922 consequenter
3363 3865 3570 3920 quem—-

1978 3961 2108 4001 nam
2138 3953 2550 4016 persecutorem
2600 3944 2820 4014 fugerit.
2878 3943 3042 4015 Fugit
3078 3945 3256 4014 igitur
3288 3942 3569 3997 Dominus.

1980 4053 2091 4092 non
2114 4036 2293 4091 solum
2329 4034 2660 4104 simpliciter
2692 4034 2747 4088 in
2789 4033 3107 4105 Egyptum,
3156 4034 3253 4089 sed
3296 4034 3462 4089 etiam
3494 4032 3564 4086 ab

1981 4124 2219 4190 Herode,
2251 4123 2454 4179 Judaea:
2482 4131 2647 4178 terra;
2681 4131 2814 4179 tunc
2860 4123 3129 4193 temporis
3174 4137 3303 4193 rege
3332 4121 3565 4192 petitus.

1983 4215 2220 4271 Herodis
2250 4229 2406 4280 vero,
2429 4214 2512 4269 uti
2552 4214 2797 4280 tradunt,
2830 4213 3218 4285 interpretatio
3240 4220 3328 4269 est
3355 4213 3560 4283 passio,

1981 4313 2038 4361 et
2063 4304 2350 4375 pelliceus,
2385 4312 2442 4358 et
2474 4311 2699 4367 natura,
2727 4302 2994 4375 ZEgyptus
3029 4310 3214 4358 autem
3256 4302 3373 4372 ipsa
3421 4301 3564 4356 mul-

1985 4397 2228 4453 tifariam
2274 4396 2518 4451 refertur
2559 4397 2865 4452 secundum
2899 4396 3460 4466 contemplativorum
3503 4394 3561 4448 in

307 4472 416 4525 τῶν
442 4473 797 4545 θεωρητικῶν
826 4477 1041 4547 τρόπων
1073 4477 1341 4541 ἐπινοίας,
1385 4477 1515 4530 ποτὲ
1544 4477 1643 4547 μὲν
1674 4478 1756 4541 εἰς
1789 4478 1880 4531 τὸν

1984 4503 2051 4543 ea
2076 4487 2365 4543 modorum
2392 4488 2655 4552 rationes,
2704 4487 2869 4543 modo
2924 4488 2991 4543 ad
3031 4495 3359 4559 prasentent
3402 4500 3563 4540 mun-

306 4566 579 4622 ἐνεστῶτα
637 4571 865 4641 κόσμον,
913 4572 1044 4626 ποτὲ
1076 4572 1132 4625 δὲ
1173 4574 1254 4635 είς
1290 4572 1389 4645 τὴν
1418 4574 1622 4644 σάρκα,
1650 4573 1779 4627 ποτὲ
1821 4574 1878 4627 δὲ

1988 4580 2142 4645 dum,
2174 4579 2434 4634 modo-ad
2460 4594 2705 4646 carnem,
2740 4580 2910 4636 modo
2930 4581 2997 4636 ad
3036 4588 3351 4651 peccatum,
3397 4577 3561 4634 modo

305 4656 386 4718 εἰς
413 4657 512 4727 τὴν
556 4660 856 4731 ἁμαρτίαν,
885 4661 1017 4715 ποτὲ
1050 4661 1107 4714 δὲ
1131 4663 1211 4725 είς
1242 4662 1342 4734 τὴν
1379 4662 1624 4730 ἄγνοιαν,
1660 4665 1793 4719 ποτε
1821 4664 1880 4718 δὲ

305 4747 384 4809 εἰς
410 4748 512 4818 τὴν
539 4742 803 4814 κάκωσιν,
838 4753 961 4806 καθ’
979 4753 1047 4823 ἢν
1079 4752 1318 4823 μάλιστα
1334 4753 1429 4807 νῦν
1456 4754 1715 4826 ἐπιϐολὴν
1743 4755 1880 4827 πρέο

305 4852 407 4890 πον
436 4840 584 4893 ἐστὶν
619 4841 941 4908 ἐκδέξασθαι
970 4844 1069 4914 τὴν
1091 4845 1178 4907 ἐίς
1204 4844 1478 4912 Αίγυπτον
1521 4844 1617 4898 τοῦ
1670 4847 1879 4917 Κυρίου

304 4924 501 4993 φυγήν.
553 4927 735 4980 Καλὸν
791 4928 886 4982 οὖν
936 4930 1052 4984 ἐστι
1120 4932 1458 5002 συμφεύγειν
1493 4935 1575 4997 είς
1604 4934 1881 5002 Αἴγυπτον

302 5013 383 5083 τῷ
412 5017 656 5088 Χριστῷ,
683 5021 932 5075 τουτέστι
973 5022 1052 5094 τῷ
1083 5025 1140 5077 ὲν
1176 5025 1307 5094 ἡμῖν
1339 5024 1717 5097 διαγνωστικῷ
1751 5028 1881 5097 θείω

302 5103 469 5177 λόγῳ,
491 5108 583 5162 διὰ
613 5112 918 5183 νηπιότητα
943 5113 1084 5179 τέως
1116 5117 1453 5189 διωκομένῳ,
1485 5118 1551 5173 δι’
1575 5122 1722 5192 ἡμᾶς
1754 5096 1880 5185 τους

304 5197 425 5246 κατ’
459 5197 626 5251 αὑτὸν
661 5200 1050 5269 νηπιάζοντας,
1087 5204 1192 5257 ὑπὸ
1233 5205 1326 5259 τοῦ
1357 5208 1689 5277 κρατοῦντος
1719 5210 1880 5280 ήμῶν

303 5280 385 5336 ἔτι
427 5286 522 5340 καὶ
556 5287 934 5357 βασιλεύοντος
961 5292 1050 5346 διὰ
1086 5293 1196 5348 τῶν
1235 5297 1501 5367 ὲμπαθῶν
1529 5299 1628 5370 τῆς
1675 5301 1882 5373 σαρκὸς

300 5375 622 5446 κινημάτων
654 5376 856 5450 (219
877 5380 942 5450 a)
977 5381 1163 5453 χοῖκοῦ
1220 5379 1587 5456 φρονήματος,
1647 5390 1729 5452 εἰς
1782 5390 1879 5462 τὴν

372 5557 420 5592 ⁸⁵
447 5556 698 5640 ὡςοῖμαι
730 5564 893 5621 habet
920 5565 1061 5623 liber
1080 5567 1334 5638 scriptus.

1984 4670 2052 4724 ad
2090 4669 2478 4741 ignorantiam,
2515 4672 2681 4727 modo
2710 4672 2779 4727 ad
2815 4671 3187 4737 vexationem,
3224 4685 3332 4736 qua
3382 4670 3560 4740 potis-
3628 4720 3632 4733 .

1983 4763 2185 4818 simum
2227 4763 2686 4834 interpretatione
2735 4766 2961 4819 Domini
3001 4764 3056 4819 in
3088 4762 3561 4835 Egytum‘fugam
3629 4748 3642 4781 ”

1984 4870 2135 4910 nunc
2165 4855 2418 4926 accipere
2447 4855 2734 4911 debemus.
2766 4856 3099 4912 Praeclarum
3130 4863 3217 4910 est
3244 4855 3414 4924 igitur
3434 4862 3561 4909 cum

1985 4948 2282 5003 Christoin
2317 4946 2610 5020 Egyptum
2637 4949 2849 5021 fugere,
2891 4949 2946 5004 id
2984 4957 3071 5004 est
3121 4963 3250 5004 cum
3290 4936 3562 5018 dijudieae

1978 5046 2101 5091 tore
2150 5035 2206 5089 in
2243 5035 2408 5090 nobis
2443 5051 2703 5093 sermone
2738 5037 2950 5102 divino,
3008 5045 3233 5108 propter
3273 5036 3560 5091 infantiam

1980 5125 2170 5180 tandin
2195 5127 2638 5199 persecutionem
2669 5128 2936 5198 patiente,
2964 5138 3194 5199 propter
3220 5143 3321 5183 nos
3359 5127 3456 5199 qui
3493 5140 3563 5183 co

1981 5211 2220 5267 infantes
2250 5228 2464 5278 sumus,
2484 5196 2950 5284 persecutionem
2967 5196 3226 5287 patiente
3256 5231 3288 5270 a
3347 5196 3563 5270 terrena

1978 5316 2101 5370 quae
2132 5303 2186 5357 in
2223 5304 2387 5359 nobis
2432 5305 2619 5360 adhuc
2660 5321 2762 5376 per
2814 5314 3001 5363 motus
3049 5307 3236 5367 carnis
3271 5304 3565 5362 affectibus

1978 5395 2249 5451 obnoxios
2271 5396 2592 5453 dominatur
2625 5400 2932 5468 voluntate,
2969 5399 3025 5455 in
3069 5397 3422 5456 vexationem
3460 5411 3564 5470 por

1604 5502 1831 5560 γΑιιιίΕ
1870 5505 2275 5583 LBCTIONES.

376 5649 486 5724 (29)
513 5613 676 5729 Greg.
700 5656 832 5720 ΝΜ.
862 5657 954 5716 0r.
979 5661 1034 5717 in
1061 5613 1381 5733 Theo;han.,
1406 5677 1526 5735 cap.
1556 5665 1653 5735 18,
1674 5669 1852 5724 tom.l
1908 5668 2072 5741 Opp.,
2106 5688 2162 5744 p.
2194 5673 2318 5742 675,
2349 5670 2482 5730 edit.
2510 5672 2714 5730 Bened.
