4038 6146
301 302 434 374 1301

1529 315 2046 378 AMBIGUORUM
2082 317 2328 379 LIBER.

3402 301 3552 372 1332

299 420 579 492 ὑποχωρεῖ
609 421 830 486 τελείως
863 422 1249 496 νεκρούμενος,
1275 425 1398 482 οὐδὲ
1437 424 1580 494 ἴχνος
1608 427 1706 495 τῆς
1736 443 1866 479 ποτε

1981 427 2276 491 sauciabat,
2332 427 2427 497 qui
2467 443 2534 481 eo
2579 427 2728 496 quod
2774 425 2960 482 carnis
2993 425 3190 496 partim
3249 411 3544 497 insolentia

299 511 614 580 τυραννίδος
656 513 882 576 εἰκότως
927 515 1106 581 ἀφεὶς,
1145 515 1286 570 ὥστε
1341 515 1470 585 βοᾷν
1503 514 1592 567 διὰ
1632 514 1871 585 Χριστοῦ

300 597 560 653 δύνασθαι
583 601 708 664 τοὺς
743 602 841 670 τῆς
879 601 1192 672 ἐλευθερίας
1219 587 1606 672 τετυχηκότας,
1638 605 1733 658 καὶ
1767 603 1873 674 πρὸ

301 689 402 759 τῆς
434 691 453 760 (
468 692 631 761 220
655 692 727 762 α)
758 693 982 762 γενικῆς
1024 692 1373 757 ἀναστάσεως
1405 692 1495 746 διὰ
1521 694 1620 762 τὴν
1650 693 1750 764 ἤδη
1783 709 1870 762 γε·

301 783 611 854 γενημένην
641 785 824 848 αὐτοῖς
860 785 958 853 τῆς
993 785 1371 854 προαιρέσεως
1401 782 1710 836 ἐθελούσιον
1740 783 1871 837 άνά-

305 891 512 937 στασιν,
548 874 673 929 Ποῦ
703 889 850 941 σου,
897 877 1135 940 θάνατε,
1167 876 1234 929 τὸ
1265 877 1550 942 κέντρον;
1583 873 1700 928 ποῦ
1731 889 1869 938 σου,

302 965 439 1035 ᾷδη,
472 967 540 1020 τὸ
560 967 759 1034 νῖκος;
787 968 886 1040 τὴν
910 969 1106 1038 ἡδονὴν
1130 967 1382 1034 λέγοντες
1406 966 1506 1036 τῆς
1531 965 1733 1037 σαρκὸς
1765 965 1863 1018 καὶ

303 1056 402 1128 τὴν
437 1058 790 1128 συνημμένην
841 1059 978 1128 αὑτῇ
1033 1058 1132 1126 τῆς
1180 1057 1361 1126 ψυχῆς
1391 1056 1456 1108 ὲκ
1504 1054 1604 1122 τῆς
1649 1053 1870 1122 ἀγνοίας

303 1149 539 1218 ἀπάτην,
580 1148 648 1200 δι’
676 1141 752 1202 ὧν
799 1165 928 1202 ποτε
966 1147 1072 1218 πρὸ
1111 1146 1206 1200 τοῦ
1255 1145 1493 1216 Χριστοῦ
1534 1145 1751 1216 κρατῶν
1773 1144 1872 1212 τῆς
1925 1139 1930 1141 ’

303 1238 652 1310 ἀνθρωπίνης
695 1239 908 1308 φύσεως
940 1241 968 1292 ὁ
1006 1239 1330 1308 παμμίαρος
1357 1235 1601 1300 διάϐολος
1636 1233 1872 1303 ἀφειδῶς

301 1330 542 1402 διετίτρα
583 1330 662 1402 τῷ
698 1331 909 1402 κέντρῳ
932 1331 1030 1401 τῆς
1059 1330 1252 1401 ήδονῆς
1292 1329 1390 1398 τὴν
1429 1326 1538 1380 τῶν
1570 1324 1872 1396 ἀνθρώπων

301 1421 485 1492 φύσιν,
530 1425 626 1475 καὶ
663 1423 979 1491 φιλονείκως
1014 1421 1091 1491 τῷ
1142 1420 1287 1491 ξίφει
1328 1418 1429 1490 τῆς
1472 1415 1687 1486 ἀπάτης
1738 1413 1872 1485 πρὸς

299 1510 581 1567 ἀπώλειαν
619 1513 788 1584 αὐτὴν
817 1511 1142 1584 ὑπεσύρετο.

1971 513 2041 568 de
2098 487 2276 568 activa
2323 487 2463 568 mala
2525 487 2857 570 tractatione
2906 487 3279 584 exstinguitur
3305 487 3344 577 ,Χ
3377 511 3543 582 plane

1972 605 2336 660 mortificatus
2368 605 2598 670 recedit,
2631 605 2771 664 adeo
2803 615 2861 660 ut
2891 619 2962 659 ne
2993 603 3290 674 vestigium
3317 599 3541 671 quidem

1972 697 2220 766 pristinae
2261 697 2680 764 dominationis,
2710 705 2771 751 ut
2815 713 2916 766 par
2964 706 3070 761 est,
3130 695 3442 764 relinquat,
3483 701 3544 748 ut

1971 787 2193 843 liberati
2225 803 2322 857 per
2357 787 2640 844 Christum
2671 788 2888 858 possint
2923 788 3008 842 vel
3057 796 3184 841 ante
3227 785 3541 856 generalem

1970 881 2440 936 resurrectionem
2479 889 2704 951 propter
2735 881 3048 934 ultroneam
3081 876 3383 931 voluntatis
3421 889 3544 944 quae

1972 965 2263 1044 ipsis'iam
2311 971 2585 1042 contingit
2611 957 3137 1048 “resurrectionem
3186 965 3493 1021 exclamare
3525 972 3566 1016 :‘

1976 1063 2071 1117 Ubi
2100 1069 2176 1117 est
2209 1069 2350 1127 tuus,
2387 1078 2416 1115 ο
2462 1077 2637 1126 mors,
2672 1059 2969 1115 stimulus?
3021 1059 3112 1112 ubi
3141 1065 3256 1121 tua,
3304 1072 3335 1108 ο
3386 1069 3539 1116 arce,

1970 1152 2191 1204 victoria
2215 1161 2233 1182 ·
2263 1151 2287 1203 ?
2320 1149 2506 1205 carnis
2549 1149 2884 1220 voluptatem
2913 1157 2969 1204 et
2990 1163 3113 1217 qua:
3147 1159 3272 1200 cum
3318 1158 3386 1198 ea
3416 1143 3545 1215 jun-

1971 1248 2060 1294 cta
2102 1247 2185 1294 est
2223 1241 2426 1295 anima:
2471 1239 2539 1296 de
2589 1239 2897 1310 ignorantia
2948 1237 3198 1292 fraudem
3242 1235 3492 1289 dicentes
3526 1273 3541 1296 ,

1969 1332 2176 1402 quibus
2204 1333 2336 1386 olim
2362 1340 2489 1386 ante
2517 1331 2798 1388 Christum
2845 1331 2902 1383 in
2946 1331 3243 1383 humanam
3284 1335 3542 1381 naturam

1971 1423 2294 1479 dominatus
2318 1423 2690 1492 nequissimus
2714 1422 2969 1476 diabolus
2994 1419 3294 1488 voluptatis
3319 1415 3544 1472 stimulo

1971 1513 2260 1569 hominum
2281 1507 2534 1568 naturam
2557 1512 2786 1568 nimium
2799 1518 3066 1580 quantum
3088 1507 3542 1568 convulnerabat,

1973 1607 2031 1654 et
2077 1600 2430 1655 contentiose
2476 1601 2658 1671 gladio
2699 1599 2912 1655 fraudis
2959 1598 3025 1654 ad
3075 1597 3377 1668 perniciem
3434 1602 3548 1648 tra-

1975 1689 2164 1746 hebat.

306 1885 421 1944 Τοῦ
453 1887 638 1943 αὐτοῦ
677 1887 746 1940 ἐκ
784 1885 891 1942 τοῦ
933 1889 1022 1952 εἷς
1061 1885 1134 1940 τὰ
1177 1883 1346 1938 Φῶτα
1394 1881 1602 1950 λόγου,
1644 1879 1731 1943 εις
1771 1871 1838 1929 τό
1856 1889 1870 1904 ·

1981 1867 2228 1939 Ejusdem
2267 1883 2328 1922 ea:
2359 1884 2600 1924 sermone
2625 1871 2680 1923 in
2714 1867 2961 1933 Lumina,
2991 1869 3044 1922 in
3074 1866 3212 1921 illud
3238 1881 3257 1920 :
3300 1883 3317 1916 ι
3357 1863 3414 1920 Si
3433 1863 3549 1934 qui-

375 1993 398 2028 s
423 1966 618 2044 Εἵπεῤ
644 1975 888 2032 ἀσεϐεῖν
930 1975 1156 2040 αὐτοὺς
1192 1974 1314 2028 ἔδει
1351 1971 1610 2036 πάντως,
1643 1966 1874 2036 καὶτῆς

368 2067 477 2123 τοῦ
532 2067 681 2122 Θεοῦ
719 2067 906 2134 δόξης
943 2049 1298 2127 ἀποπεσεῖν,
1345 2065 1433 2129 εις
1475 2061 1693 2116 εῑδωλα
1740 2075 1875 2112 κατ-

367 2159 724 2226 ενεχθέντας
768 2155 866 2210 καὶ
917 2154 1134 2224 τέχνης
1175 2153 1319 2222 ἔργα
1350 2151 1450 2207 καί
1481 2148 1697 2222 χειρῶν
1724 2149 1876 2203 πλά-

369 2259 588 2316 σματα,
624 2246 708 2316 μὴ
745 2246 900 2301 ἄλλο
933 2261 989 2299 τι
1017 2245 1145 2299 κατ’
1183 2243 1385 2300 αὐτῶν
1415 2243 1706 2308 εὔξασθαι
1735 2241 1875 2306 τοὺς

367 2337 523 2392 νοῦν
548 2337 826 2406 ἔχοντας,
853 2337 891 2406 ἣ
930 2337 1174 2394 τοιαῦτα
1201 2333 1571 2406 σεϐασθῆναι
1603 2333 1701 2389 καὶ
1724 2332 1878 2387 οὕτω

371 2426 616 2497 τιμῆσαι
644 2427 778 2498 (30).
811 2446 834 2480 ι
1781 2420 1786 2426 ’

368 2537 590 2593 Τούτων
611 2538 1076 2608 ἀναγνωσθέντων
1107 2537 1322 2604 εἴπατε,
1347 2537 1489 2601 τινὲς
1518 2535 1628 2591 τῶν
1659 2537 1876 2610 ἀκροω-

305 2629 484 2701 μένων
547 2631 867 2701 ἐπέσκηψαν
930 2629 1009 2701 τῷ
1066 2630 1390 2702 διδασκάλῳ,
1446 2629 1748 2700 φάσκοντες
1803 2628 1878 2700 μὴ

300 2719 509 2776 δίκαιον
553 2715 692 2774 εἶναι
742 2722 871 2786 τοὺς
916 2720 1045 2776 νοῦν
1089 2721 1312 2792 ἔχοντας
1362 2721 1459 2775 καὶ
1506 2719 1879 2790 εὐαΠελικῶς

303 2807 404 2881 ζῇν
449 2803 820 2882 προθεμένους
863 2814 1006 2868 κατά
1045 2831 1192 2878 τινος
1239 2813 1496 2878 εὔξασθαι
1529 2813 1753 2869 τοιαῦτα
1790 2829 1880 2865 σε·

303 2901 572 2974 σασθῆναι
621 2905 718 2958 καὶ
769 2904 913 2958 οὕτω
963 2906 1216 2976 τιμῆσαι.
1263 2906 1408 2978 Πρὸς
1454 2905 1548 2968 οὒς
1596 2904 1728 2976 ἐμὸν
1779 2905 1879 2975 μὲν

300 2991 474 3058 οὐδὲν,
515 2993 544 3046 δ
586 2994 644 3048 δὲ
693 2997 846 3066 παρά
877 3013 1022 3059 τινος
1049 2997 1305 3066 γέροντος
1330 2988 1400 3050 τὰ
1435 2996 1558 3049 θεῖα
1587 2994 1754 3065 σοφοῦ
1785 2995 1880 3049 καὶ
1916 2996 1924 3003 ’

299 3083 401 3154 τὴν
431 3084 540 3138 τῶν
569 3086 834 3157 Πατέρων
864 3087 992 3158 περὶ
1021 3087 1220 3140 πολλοῦ
1265 3089 1589 3158 ποιουμένου
1621 3087 1876 3141 διδασκα-

2043 1957 2163 2011 dem
2216 1959 2430 2012 omnino
2485 1974 2570 2010 eos
2613 1957 2881 2028 impietate
2937 1956 3226 2026 constringi
3273 1963 3430 2024 atque
3478 1952 3549 2006 ad

2043 2045 2335 2103 simulacra
2383 2056 2432 2100 et
2484 2047 2616 2101 artis
2673 2063 2836 2117 Opera
2886 2061 3243 2115 manuumque
3295 2043 3548 2113 ﬁgmenta

2043 2137 2316 2208 prolapsos
2348 2155 2380 2191 a
2407 2137 2498 2211 Dei
2530 2137 2703 2208 gloria
2729 2137 2884 2207 dejici
2912 2135 3208 2208 Oportebat,
3240 2133 3370 2188 nihil
3399 2131 3549 2188 aliud

2043 2230 2172 2300 ipsis
2199 2228 2402 2283 cordali
2437 2230 2669 2283 homines
2698 2229 2981 2299 imprecari
3011 2235 3258 2299 possent,
3304 2241 3463 2296 quam
3492 2231 3550 2278 ut
3586 2249 3592 2254 ι

2049 2319 2184 2375 talia
2233 2328 2612 2375 uenerarentur
2642 2359 2658 2384 ,
2717 2319 3013 2391 talibusque
3069 2318 3346 2374 honoribus
3385 2317 3551 2387 aﬁice-
3603 2302 3617 2310 ’

2051 2419 2189 2466 rent.
2235 2429 2256 2463 ε

2049 2545 2146 2601 His
2167 2546 2448 2616 perlectis,
2474 2528 2723 2617 quidam,
2758 2545 2988 2616 inquitis
3018 2587 3031 2611 ,
3082 2545 3398 2600 auditorum
3430 2555 3544 2596 ma-

1979 2637 2210 2709 gistrum
2269 2639 2652 2710 improbarunt
2681 2679 2696 2705 ,
2751 2638 3008 2714 homines
3065 2635 3324 2692 cordatos
3386 2641 3552 2702 atque

1979 2728 2300 2798 evangelice
2332 2729 2522 2784 vivere
2553 2730 2844 2800 cupientes
2893 2729 3023 2782 talia
3070 2725 3233 2781 alicui
3263 2720 3551 2794 imprecari

1979 2825 2042 2870 ut
2069 2825 2368 2871 veneretur
2403 2818 2716 2888 talibusque
2749 2816 3060 2875 honoribus
3089 2823 3151 2869 ut
3199 2813 3399 2868 alliciat
3431 2813 3552 2882 jus-

1980 2917 2098 2964 tum
2125 2925 2250 2966 esse
2274 2918 2561 2981 negantes.
2600 2910 2884 2965 Adversus
2911 2923 3052 2978 quos
3073 2921 3174 2978 ego
3211 2905 3438 2976 quidem
3461 2901 3553 2957 ni-

1980 2999 2097 3068 hil;
2139 3000 2288 3072 quod
2328 3016 2458 3056 vero
2497 3016 2526 3055 a
2551 3015 2684 3057 sene
2707 3000 2952 3071 quodam
3005 2997 3322 3054 divinarum
3363 3009 3552 3051 rerum

1979 3093 2228 3162 sapiente
2256 3093 2592 3163 Patrumque
2621 3091 2938 3148 doctrinam.
2955 3088 3182 3160 plurimi
3213 3087 3455 3143 faciente
3483 3085 3555 3142 de

300 3168 746 3261 λίανμὲδιδάχθην
799 3175 927 3244 περὶ
974 3175 1188 3240 τούτου,
1242 3175 1412 3246 φημί.
1465 3176 1527 3230 '0
1573 3176 1730 3244 ἅγιος
1786 3175 1877 3229 καὶ

1981 3183 2087 3238 hoc
2113 3183 2311 3239 doctus
2337 3199 2482 3248 sum,
2521 3184 2722 3239 dicam.
2775 3184 3014 3239 Sanetus
3038 3190 3096 3236 et
3135 3181 3334 3235 beatus
3361 3185 3555 3234 noster

303 3257 572 3338 μακάριος
621 3262 811 3335 Πατὴρ
856 3267 889 3336 ή
901 3265 1018 3336 μῶν
1058 3268 1152 3320 καὶ
1191 3265 1510 3328 διδάσκαλος
1556 3266 1877 3338 Γρηγόριος,

300 3345 347 3406 ὦ
377 3347 546 3422 οὗτοι,
585 3355 682 3424 (ὡς
713 3341 824 3428 is?
876 3355 1144 3426 παροῦσιν
1192 3358 1374 3420 αὐτοῖς
1407 3357 1876 3428 διαλεχθήσομαι),

303 3441 638 3514 θεασάμενος
711 3449 839 3510 τοὺς
894 3447 1166 3517 Ἕλληνας
1221 3447 1654 3519 προηγουμένως
1707 3447 1880 3512 οὕτως

299 3533 512 3603 ἀλόγως
579 3537 972 3608 πλανηθέντας,
1030 3537 1126 3591 καὶ
1179 3537 1280 3607 τῆς
1333 3537 1465 3607 περὶ
1518 3536 1613 3589 τοῦ
1673 3537 1878 3608 κυρίως

258 3624 268 3632 ”
302 3624 454 3690 θντος
479 3627 615 3680 Θεοῦ
644 3627 878 3698 πάμπαν
907 3628 1118 3690 ἑννοίας
1143 3627 1508 3698 ἀπαχθέντας,
1535 3627 1876 3698 συμπαθείας

302 3716 452 3788 νόμῳ
497 3717 672 3772 ταῦτα
715 3718 990 3783 διέξεισιν,
1033 3718 1119 3772 ἵνα
1147 3720 1213 3774 ὲκ
1251 3721 1351 3790 τῆς
1376 3719 1485 3774 τῶν
1515 3721 1873 3791 σεϐασμάτων

303 3806 524 3874 ἀλογίας
568 3825 626 3862 τε
687 3809 780 3862 καὶ
830 3808 1128 3874 εὐτελείας,
1183 3811 1382 3880 μᾶλλον
1429 3812 1487 3866 δὲ
1544 3811 1874 3883 κυριώτερον

217 3964 222 3968 α
304 3893 478 3946 εἰπεῖν
549 3893 872 3964 βδελυρίας,
947 3898 1118 3970 πολλῇ
1192 3899 1302 3954 τῶν
1369 3902 1874 3973 ὲπιχειρηματικῶν

303 3978 476 4049 λόγων
507 3985 692 4048 αὐτοῖς
743 3987 1013 4061 γενομένῃ
1056 3989 1167 4043 τῶν
1211 3990 1571 4061 σεϐασμάτων
1600 3993 1874 4064 άνασκευῇ

306 4072 476 4144 ῥᾴστη
523 4074 748 4146 γένηται
807 4078 990 4143 αὐτοῖς
1021 4081 1160 4151 πρὸς
1204 4081 1528 4154 ὁρθοτομίαν
1573 4085 1608 4154 ἠ
1669 4085 1874 4149 ἄνοδος,

303 4165 529 4233 προσέτι
555 4183 618 4235 γε
649 4169 757 4238 μὴν
790 4169 974 4240 (220
998 4171 1052 4238 b)
1092 4173 1186 4226 καὶ
1219 4174 1370 4243 μηδέ⁵
1387 4192 1508 4228 τινα
1550 4176 1754 4230 τούτων
1783 4195 1879 4232 κα-

302 4252 519 4342 κοδοξίᾳ
540 4259 934 4328 κατασυρῆναι,
959 4261 1048 4314 διὰ
1064 4261 1125 4314 τὸ
1142 4262 1241 4334 τὴν
1276 4264 1495 4342 ἀπάτην
1527 4267 1706 4320 ὲκ-τοῦ
1741 4285 1877 4339 προ-

303 4341 484 4413 χείρου
515 4347 680 4399 πᾶσιν
730 4347 951 4420 εὔδηλον
997 4345 1138 4406 εἶναι
1171 4353 1267 4408 καὶ
1303 4341 1641 4428 εὐιρὠρατον,
1680 4359 1869 4429 μηδεν)⁸

303 4433 467 4504 τιμίῳ
497 4435 740 4494 δοκοῦντι
775 4442 1260 4510 συγκαλύπτουσαν
1293 4449 1359 4502 τὸ
1390 4449 1651 4507 λανθάνον
1685 4452 1872 4509 κακόν.

1897 4576 1968 4592 ἰι-η

1983 3275 2146 3328 Pater
2165 3282 2336 3344 atque
2369 3275 2633 3345 magister
2665 3272 2986 3344 Gregorius,
3019 3289 3053 3327 o
3083 3271 3212 3335 isti,
3247 3271 3556 3340 (eolloquar

1978 3363 2125 3416 enim
2141 3378 2272 3418 cum
2287 3364 2372 3418 eis
2394 3371 2656 3432 tanquam
2675 3363 2720 3418 si
2739 3363 2922 3417 adsint
2948 3363 3171 3416 Graecos
3202 3359 3395 3414 videns
3420 3374 3558 3428 pra:-

1976 3452 2140 3521 cipue
2167 3452 2383 3508 versari
2413 3453 2638 3508 intanta
2659 3453 2873 3508 erroris
2892 3453 3148 3516 stultitia,
3175 3459 3231 3505 et
3265 3467 3295 3504 a
3324 3451 3552 3504 notione

1977 3544 2100 3614 ejus
2119 3543 2214 3612 qui
2237 3543 2460 3614 proprie
2481 3552 2566 3600 est
2599 3545 2697 3599 Dei
2719 3557 2950 3614 prorsus
2972 3543 3241 3598 abductos
3259 3542 3553 3597 commise-

1979 3633 2212 3687 rationis
2241 3633 2360 3705 lege
2390 3633 2518 3688 talia
2541 3633 2913 3703 persequitur,
2933 3642 2994 3688 ut
3022 3632 3151 3686 inde
3174 3631 3321 3702 quod
3345 3647 3408 3686 ea
3433 3645 3556 3700 quas

1980 3724 2238 3779 coluntur
2264 3724 2482 3779 ratione
2513 3733 2736 3800 carent,‘
2780 3731 2838 3800 et
2877 3739 2946 3780 ex
2991 3725 3227 3789 vilitate,
3269 3733 3360 3779 aut
3405 3722 3555 3792 quod

1979 3815 2152 3886 magis
2179 3815 2403 3885 proprie
2437 3823 2525 3868 est
2557 3792 2766 3879 dicere,
2801 3793 3142 3870 scurrilitate
3169 3829 3386 3878 eorum,
3431 3821 3557 3882 post

1981 3907 2230 3962 crebram
2273 3920 2590 3961 sermonum
2641 3905 2848 3974 quibus
2900 3906 2948 3960 is
2985 3907 3169 3960 cultus
3209 3913 3558 3976 expugnatus

1981 4006 2067 4053 est
2090 3995 2504 4060 refutationem,
2535 3993 2830 4050 facillimus
2852 3995 2934 4050 eis
2953 3995 3022 4050 ad
3045 4005 3252 4050 rectam
3283 3995 3426 4048 viam
3465 3993 3558 4046 fiat

1981 4083 2218 4147 reditus,
2253 4083 2485 4152 insuper
2514 4098 2648 4138 vero
2679 4083 2847 4138 etiam
2877 4099 2946 4139 ne
2985 4083 3112 4154 quis
3141 4084 3346 4138 horum
3391 4099 3554 4153 prava

1983 4174 2248 4246 opinione
2276 4175 2554 4240 trahatur,
2599 4182 2893 4244 propterea
2921 4175 3068 4246 quod
3101 4174 3253 4230 fraus
3297 4176 3560 4231 omnibus

1984 4269 2059 4324 sit
2093 4268 2148 4322 in
2179 4276 2436 4338 promptu
2473 4275 2532 4320 et
2556 4265 2715 4322 facile
2748 4268 2817 4321 ad
2853 4267 3402 4337 deprehendendum,
3431 4283 3556 4321 cum

1974 4361 2257 4418 nemiuem.
2286 4358 2582 4414 honestum
2605 4358 2811 4414 malum
2839 4357 2987 4429 quod
3023 4359 3314 4415 delitescat
3338 4358 3500 4413 celet.

315 4619 412 4675 Ἐκ
446 4623 552 4676 τοῦ
582 4624 770 4679 αὐτοῦ
798 4624 1007 4696 λόγου,
1046 4630 1134 4693 εἰς
1165 4629 1254 4693 τὸ,
1307 4650 1326 4684 ι
1359 4627 1442 4688 Οὔ
1473 4632 1543 4686 δὲ
1568 4635 1876 4704 κάθαρσις,

1985 4636 2072 4692 Ex
2097 4630 2276 4690 eodem
2307 4652 2568 4701 sermone,
2605 4639 2662 4690 in
2693 4635 2830 4690 illud
2858 4653 2876 4690 :
2923 4654 2940 4687 ι
2980 4635 3150 4690 Porro
3168 4634 3256 4688 ubi
3289 4636 3554 4706 purgatio.

369 4711 693 4812 ἕξλαμψις,
746 4717 1050 4787 “Jama-te
1083 4720 1152 4773 δὲ
1179 4724 1368 4776 πόθου
1394 4724 1726 4792 πλήρωσις,
1757 4727 1882 4794 τοῖς

370 4806 492 4856 τῶν
511 4806 836 4874 μεγίστων,
865 4810 903 4876 ἣ
923 4809 1032 4863 τοῦ
1049 4813 1360 4881 μεγίστου,
1389 4812 1428 4882 ἣ
1463 4815 1615 4884 ὑπὲρ
1640 4815 1706 4869 τὸ
1725 4818 1881 4889 μέγα

371 4897 726 4967 ἐφιεμένοις.
763 4903 872 4972 (51)
921 4922 941 4955 ι
1825 4900 1830 4904 ’

372 5096 542 5150 Φασὶν
583 5099 632 5151 el
672 5097 782 5152 τῶν
823 5099 981 5154 θείων
1018 5104 1382 5176 ἐπιστήμονες
1439 5111 1754 5181 μυστηρίων
1797 5113 1879 5166 ὅτι

303 5183 432 5238 ἔνθα
479 5186 748 5258 κάθαρσις
787 5188 966 5261 ψυχῆς
1005 5194 1036 5261 ἠ
1079 5193 1166 5247 διὰ
1206 5195 1315 5247 τῶν
1353 5197 1588 5268 ἀρετῶν,
1631 5201 1748 5252 ἐκεῖ
1787 5202 1881 5256 καὶ

303 5274 570 5346 ελλαμψις
630 5279 886 5346 γνώσεως
945 5281 1085 5350 μετὰ
1150 5287 1250 5355 τὴν
1297 5287 1493 5358 εὐσεϐῆ
1551 5289 1659 5344 τῶν
1711 5291 1881 5346 ὄντων

303 5363 591 5438 διάσκεψιν
619 5368 995 5439 ἀναφαίνεται,
1021 5372 1154 5442 πρὸς
1175 5376 1272 5445 τὴν
1301 5375 1395 5430 τοῦ
1433 5376 1576 5430 θείου
1607 5361 1880 5450 κᾶτανόη-

381 5509 410 5538 ι
433 5496 454 5551 1
477 5497 608 5554 Cor.
643 5515 734 5566 xv,
771 5499 858 5554 55.

517 5613 680 5696 (ξι-οε.
715 5615 848 5696 δεῖν
892 5615 984 5696 0r.
1012 5619 1117 5696 ’ἰηλ
1137 5617 1331 5696 Sancta
1375 5581 1619 5689 Lumina,
1663 5640 1783 5694 cap.
1818 5625 1870 5692 6,

311 5679 520 5774 μοεο,
552 5679 680 5739 tom.
717 5684 757 5739 l.
794 5684 929 5756 Opp.
952 5687 1047 5742 'etl.
1081 5687 1280 5746 Bened.

2056 4727 2168 4782 illic
2194 4728 2541 4794 illuminatio,
2565 4727 2889 4782 illuminatio
2923 4737 3102 4782 autem
3130 4727 3374 4782 desiderii
3408 4742 3557 4780 sum-

2057 4839 2145 4876 ma
2183 4831 2279 4888 est,
2329 4823 2400 4897 iis
2452 4823 2630 4892 utique
2675 4822 2764 4892 qui
2811 4822 3171 4875 maximarum
3221 4835 3438 4880 rerum,
3476 4815 3562 4871 uel

2053 4914 2227 4984 potius
2270 4915 2516 4968 maxima:
2555 4915 2678 4976 rei,
2739 4921 2898 4982 atque
2955 4912 3085 4965 adeo
3141 4909 3559 4980 magnitudinem

2053 5019 2264 5058 onmem
2281 5005 2604 5074 superantis,
2639 5004 2928 5074 cupiditate
2955 5005 3210 5074 ﬂagrant.
3250 5020 3269 5052 ι

2044 5113 2370 5169 Divinorum
2401 5115 2795 5185 mysteriorum
2823 5114 2992 5186 periti
3014 5113 3285 5168 allirmant
3305 5112 3399 5166 ubi
3427 5127 3559 5181 pur-

1975 5205 2124 5276 gatio
2159 5204 2356 5260 a‘nimze
2390 5204 2462 5259 sit
2485 5221 2584 5274 per
2615 5205 2854 5260 virtutes
2885 5204 3051 5269 facta,
3095 5203 3172 5258 ibi
3223 5203 3391 5257 etiam
3434 5201 3558 5255 illu-

1977 5295 2340 5351 minationcm
2362 5295 2696 5366 cognitionis
2723 5305 2851 5367 post
2869 5297 3176 5354 institutam
3199 5295 3346 5366 piam
3367 5308 3556 5348 rerum

1979 5402 2102 5456 quas
2132 5396 2262 5442 sunt
2295 5387 2798 5444 considerationem
2828 5402 3116 5458 apparere,
3160 5402 3280 5458 qua:
3313 5393 3556 5440 mentem

1979 5627 2180 5752 30%).
2206 5628 2375 5685 “‘3'”.
2405 5632 2528 5769 "fit
2558 5647 2675 5704 σειν.
2721 5634 2772 5702 8,
2806 5652 2859 5706 p.
2899 5634 3021 5703 682,
3061 5642 3192 5690 tom.
3225 5633 3266 5688 ι.
3295 5633 3432 5704 ουρ.
3463 5631 3555 5688 ed.
