4038 6146
281 281 419 344 ῒ305

1521 283 2044 346 AMB'IGUORUM
2076 287 2329 346 LIBER.
2361 309 2390 323 '-

3397 277 3542 346 1306

282 387 549 458 ποιηκότα
585 385 695 440 τῶν
741 385 910 440 ὄντων
941 387 1198 441 ἁπάντων
1242 387 1504 460 λαμπρὰν
1554 391 1859 462 διακόσμη-

1967 395 2212 451 bonitate
2234 393 2567 450 fabricatum
2595 393 2804 448 clarum
2831 404 3014 447 rerum
3038 388 3420 444 universarum
3441 403 3538 444 or-

284 497 391 546 σιν,
432 479 507 549 μὴ
549 478 776 532 αὐτόθεν
805 481 941 550 αὐτῇ
984 479 1274 550 καταφανῆ
1318 482 1572 550 γενέσθαι
1617 485 1738 539 τινὰ
1769 485 1863 539 καὶ

281 571 463 623 ὁποῖον
509 565 670 631 εἰναι,
716 569 817 639 τὴν
852 570 981 640 περὶ
1027 568 1190 623 τοῦτο
1217 569 1316 641 τὴν
1361 571 1542 625 κτίσιν
1595 573 1688 627 τοῦ
1723 573 1862 628 Θεοῦ

281 660 682 730 διακρίνουσαν-
711 659 937 727 ἄγνοιαν
985 660 1252 730 διαίρεσιν
1297 660 1574 737 λέγοντες...
1603 663 1716 734 Τὴν
1756 665 1865 736 γὰρ

283 747 529 816 φυσικῶς
621 747 878 818 (2216)
947 749 1190 818 ἀλλήλων
1262 751 1438 805 ταῦτα
1525 751 1863 820 διαιροῦσαν,

287 839 555 909 μηδέποτε
601 839 899 910 δεχομένην
927 841 1007 903 εἰς
1043 841 1174 910 μίαν
1199 841 1386 896 οὐσίαν
1419 841 1634 908 ἕνωσιν,
1669 843 1744 908 ὡς
1771 844 1864 898 τὸν

284 928 380 982 ἕνα
405 929 497 982 καὶ
528 931 618 982 τὸν
654 928 818 982 αὐτὸν
861 929 936 1000 μὴ
967 929 1280 1002 δυναμένην
1311 931 1660 997 ἐπιδέξασθαι
1707 934 1864 1002 λόγον

284 1019 476 1072 εἴασαν
511 1019 770 1090 ἄρρητον.
801 1019 1076 1090 Δευτέραν
1095 1021 1172 1084 δὲ,
1201 1021 1327 1078 καθ’
1361 1024 1430 1094 ἣν
1459 1025 1491 1093 ἠ
1517 1022 1608 1078 διὰ
1632 1023 1864 1088 κτίσεως

283 1109 343 1162 τὸ
371 1105 509 1162 εἶναι
538 1107 773 1162 λαϐοῦσα
799 1109 1062 1180 σύμπασα
1080 1111 1243 1178 φύσις
1271 1112 1379 1166 ὑπὸ
1402 1112 1539 1166 Θεοῦ
1571 1113 1864 1183 διαιρεῖται

286 1201 366 1262 εἰς
396 1201 560 1269 νοητὰ
591 1199 684 1252 καὶ
729 1201 985 1270 αἰσθητά.
1037 1202 1264 1274 Τρίτην,
1307 1203 1428 1258 καθ’
1475 1205 1542 1275 ἢν
1567 1206 1600 1274 ἡ
1626 1191 1861 1277 αἰσθητὴ

283 1287 442 1356 φύσις
455 1289 739 1358 διαιρεῖται
756 1291 834 1352 εἰς
845 1289 1074 1361 οὐρανὸν
1097 1291 1192 1344 καὶ
1208 1289 1620 1362 γῆν.Τετάρτην
1639 1291 1718 1358 δὲ,
1741 1289 1865 1344 καθ’

282 1381 348 1450 ἣν
378 1381 410 1450 ἡ
432 1379 502 1450 γῆ
532 1379 818 1451 διαιρεῖται
835 1383 915 1445 εἰς
931 1381 1260 1453 παράδεισον
1280 1383 1374 1436 καὶ
1391 1383 1739 1452 οἰκουμένην,
1763 1383 1858 1436 καὶ

284 1470 565 1541 πέμπτην,
595 1471 719 1524 καθ’
753 1472 820 1542 ἥν
847 1474 876 1526 6
908 1473 1002 1526 ἐπὶ
1047 1474 1237 1540 πᾶσιν,
1290 1474 1481 1546 ὥσπερ
1513 1493 1566 1528 τι
1589 1475 1696 1528 τῶν
1725 1475 1863 1528 ὅλων

286 1561 749 1616 συνεκτικώτατον
788 1565 1172 1635 ἐργαστήριον,
1221 1567 1316 1620 καί⁸
1359 1569 1494 1622 πᾶσι
1561 1569 1674 1630 τοῖς
1721 1565 1862 1620 κατὰ

243 1680 248 1685 -
285 1655 466 1706 πᾶσαν
489 1653 754 1724 διαίρεσιν
781 1654 973 1726 ἄκροις
997 1656 1064 1710 δι’
1083 1657 1250 1712 αὐτοῦ
1283 1657 1530 1728 φυσικῶς
1561 1657 1863 1728 μεσιτεύων

283 1743 687 1815 ἀγαθοπρεπῶς
724 1745 868 1798 κατὰ
923 1747 1137 1815 γένεσιν
1181 1751 1296 1814 τοῖς
1333 1745 1483 1804 οὖσιν
1517 1750 1864 1820 ἐπεισαχθεὶς
1897 1733 1937 1786 Β

283 1829 915 1906 ἄνθρωπος’διαιρεῖται
963 1837 1044 1898 εἰς
1093 1835 1261 1908 ἄρσεν
1313 1838 1406 1890 καὶ
1449 1830 1625 1910 θῆλυ,
1684 1839 1865 1892 πᾶσαν

284 1921 424 1992 ἔχων
452 1922 653 1994 δηλαδὴ
691 1925 938 1992 φυσικῶς
986 1928 1106 1992 ταῖς
1155 1928 1266 1982 τῶν
1297 1929 1482 2000 ἄκρων
1513 1928 1728 1983 πάντων
1767 1946 1865 1998 με-

286 2015 476 2082 σότησι
529 2013 618 2068 διὰ
678 2015 777 2085 τῆς
827 2017 964 2087 πρὸς
1009 2018 1077 2070 τὰ
1125 2017 1270 2088 ἄκρα
1329 2019 1506 2074 πάντα
1555 2018 1664 2072 τῶν
1720 2018 1865 2070 ἰδίων

288 2105 470 2174 μερῶν
499 2105 752 2176 σχετικῆς
781 2107 1038 2176 ἰδιότητος
1068 2108 1167 2178 τὴν
1201 2107 1338 2178 πρὸς
1383 2108 1576 2162 ἕνωσιν
1612 2108 1863 2178 δύναμιν,

283 2195 352 2247 δι’
381 2190 445 2268 ἧς
479 2198 506 2250 6
542 2198 681 2252 κατὰ
711 2196 808 2268 τὴν
847 2198 1026 2253 αἰτίαν
1057 2199 1159 2269 τῆς
1187 2198 1295 2252 τῶν
1338 2199 1685 2270 διῃρημένων
1710 2201 1864 2264 γενέ-

286 2305 422 2350 σεως
471 2289 960 2361 συμπληρούμενος
1030 2290 1231 2362 τρόπος
1302 2290 1495 2361 ἔμελλε
1565 2291 1659 2344 τοῦ
1720 2289 1864 2344 θείου

289 2379 494 2432 σκοποῦ
555 2381 618 2434 τὸ
683 2381 826 2452 μέγα
899 2385 1202 2453 μυστήριον
1264 2381 1486 2455 ἔκδηλόν
1545 2383 1614 2436 δι’
1671 2382 1866 2436 ἑαυτοῦ

289 2473 646 2540 καταστῆσαι,
703 2472 802 2543 τὴν
843 2473 982 2544 πρὸς
1031 2474 1234 2544 ἄλληλα
1285 2473 1393 2528 τῶν
1447 2475 1506 2526 ἐν
1552 2476 1664 2536 τοῖς
1716 2471 1867 2528 οὖσιν

289 2557 472 2628 ἄκρων
497 2561 829 2630 ὲναρμονίως
857 2561 966 2615 ἀπὸ
994 2563 1103 2616 τῶν
1125 2546 1410 2635 προσεχῶν
1440 2564 1533 2616 ἐπὶ
1560 2563 1629 2617 τὰ
1653 2564 1864 2634 πόρρω,

288 2651 386 2705 καὶ
412 2651 518 2704 τῶν
544 2653 780 2722 ἡττόνων
823 2653 916 2706 ἐπὶ
963 2655 1034 2707 τὰ
1067 2655 1350 2725 κρείττονα
1380 2655 1614 2726 καθεξῆς
1664 2657 1868 2709 ἀνατα-

291 2741 459 2802 τικῶς
514 2741 831 2812 προϊοῦσαν,
885 2746 966 2808 εἰς
1002 2743 1134 2798 Θεὸν
1171 2745 1603 2816 ἁποπερατώσας
1651 2745 1864 2802 ἕνωσιν.

181 2881 192 2889 .
293 2833 500 2886 Τούτου
539 2833 604 2902 δὴ
647 2835 810 2906 χάριν
849 2833 1078 2905 ἔσχατος
1117 2837 1468 2904 ὲπεισὰγεται
1512 2839 1623 2900 τοῖς
1652 2831 1802 2888 οὖσιν
1839 2838 1868 2888 6

289 2921 595 2993 ἄνθρωπος,
627 2925 788 2977 οἰονεί
813 2925 1108 2996 σύνδεσμός
1140 2943 1222 2988 τις
1248 2925 1476 2993 φυσικὸς
1494 2929 1604 2990 τοῖς
1637 2926 1866 2979 καθόλου

289 3013 378 3065 διὰ
402 3013 510 3066 τῶν
550 3015 766 3067 οἰκείων
799 3015 983 3086 μερῶν
1010 3016 1310 3082 μεσιτεύων
1334 3017 1545 3086 ἄκροτς.
1579 3017 1673 3070 καὶ
1701 3019 1778 3080 εἰς
1807 3015 1866 3069 ἓν
1892 3053 1936 3110 c

287 3103 438 3171 ἄγων
464 3104 521 3157 ἐν
554 3104 734 3174 ἐαυτῷ
778 3105 845 3158 τὰ
877 3105 1059 3176 πολλῷ
1101 3105 1244 3160 κατὰ
1293 3107 1388 3176 τὴν
1420 3107 1580 3176 φύσιν
1622 3106 1867 3176 ἀλλήλων

287 3195 608 3266 διεστηκότα
649 3196 726 3266 τῷ
764 3197 1114 3268 διαστήματι,
1157 3198 1246 3252 ἵνα
1275 3200 1374 3266 τῆς
1419 3199 1555 3268 πρὸς
1606 3199 1757 3261 Θεὸν,
1792 3198 1867 3260 ὡς

287 3287 480 3351 αἴτιον,
527 3286 596 3368 τὰ
657 3287 837 3341 πάντα
899 3287 1240 3359 συναγούσης
1291 3288 1473 3360 (222
1497 3286 1550 3358 a)
1623 3285 1869 3352 ὲνὼσεως

287 3377 350 3430 ἐκ
379 3377 477 3446 τῆς
526 3377 662 3440 ἰδίας
713 3378 975 3449 πρότερον
1007 3377 1312 3448 ἀρξάμενος
1333 3379 1670 3448 διαιρέσεως,
1701 3377 1861 3431 ’καθο

287 3470 410 3534 εξῆς
465 3467 554 3521 διὰ
603 3466 714 3520 τῶν
768 3468 952 3537 μέσων
1003 3469 1180 3540 εἰρμῷ
1227 3471 1321 3522 καὶ
1353 3469 1506 3534 τάξει
1557 3469 1868 3539 προϐαίνων

287 3562 366 3622 εἰς
401 3559 490 3612 τὸν
532 3558 664 3612 Θεὸν
702 3558 844 3631 λάϐῃ
887 3559 966 3631 τὸ..
999 3561 1174 3630 πέρας
1210 3561 1310 3630 τῆς
1341 3561 1430 3613 διὰ
1469 3561 1681 3614 πάντων
1725 3559 1870 3613 κατὰ

285 3651 386 3719 τὴν
417 3649 610 3702 ἕνωσιν
659 3647 951 3718 γινομένης
982 3649 1192 3720 ὑψηλῆς
1243 3649 1583 3713 ἀναϐάσεως,
1621 3651 1679 3702 ἐν
1701 3642 1745 3716 ᾧ
1770 3649 1870 3702 οὐκ

287 3739 402 3790 ἔστι
451 3738 745 3808 διαίρεσις,’
798 3737 898 3807 τὴν
964 3737 1233 3808 μηδαμῶς
1296 3739 1613 3812 ἠρτημένην
1667 3738 1870 3808 δηλαδὴ

288 3827 428 3880 κατὰ
455 3827 544 3880 τὸν
581 3825 990 3898 προηγούμενον
1022 3828 1181 3894 λόγον
1222 3828 1322 3898 τῆς
1353 3829 1482 3900 περὶ
1511 3828 1610 3902 τὴν
1655 3829 1870 3898 γένεσιν

285 3918 382 3972 τοῦ
436 3917 724 3988 ἀνθρώπου
778 3918 929 3982 Θείας
973 3919 1288 3988 προθέσεως
1325 3919 1467 3971 κατὰ
1507 3919 1570 3972 τὸ
1613 3919 1746 3990 θῆλυ
1778 3921 1870 3974 καὶ

287 4012 349 4064 τὸ
381 4008 546 4078 ἄρσεν
579 4007 815 4078 ἰδιότητα
853 4011 920 4078 τῇ
965 4001 1096 4079 περὶ
1136 4007 1236 4078 τὴν
1271 4008 1422 4062 Θείαν
1471 4009 1674 4079 ἀρετὴν
1726 4010 1871 4064 ἀπα-

290 4100 522 4170 θεστὰτῃ
572 4098 756 4168 σχέσει
794 4099 972 4169 πάντη
1015 4097 1116 4168 τῆς
1160 4097 1376 4166 φύσεως
1423 4099 1868 4170 ἐκτιναξάμενος,

288 4192 428 4243 ὥστε
480 4188 760 4258 δειχθῆναι
807 4205 866 4241 τε
917 4189 1012 4243 καὶ
1064 4189 1317 4257 γενέσθαι
1377 4191 1520 4244 κατὰ
1572 4191 1672 4261 τὴν
1721 4191 1871 4245 θείαν

289 4279 546 4347 πρόθεσιν
571 4277 858 4348 ἄνθρωπον
885 4277 932 4310 ⁴⁸
981 4277 1166 4348 μόνον,
1208 4280 1274 4350 τῇ
1304 4279 1444 4332 κατὰ
1473 4279 1534 4333 τὸ
1575 4281 1742 4350 ἄρσεν
1777 4262 1872 4334 καὶ

1964 484 2154 541 dinem
2187 493 2356 555 atque
2386 491 2669 548 ornatum,
2706 481 2838 538 inde
2865 480 3014 552 quod
3039 479 3239 550 aliquis
3271 489 3328 536 et
3357 479 3540 549 qualis

1961 585 2112 632 esset
2137 575 2238 646 ipsi
2270 575 2684 630 manifestatum
2713 589 2835 629 esse
2864 613 2878 638 ,
2919 581 3143 643 negant,
3182 581 3239 626 et
3285 573 3540 642 ignoran-

1966 667 2098 722 tiam
2136 682 2259 722 eam
2311 681 2418 736 qua
2455 667 2549 720 hic
2571 665 2818 721 conditio
2847 658 2884 722 a'
2923 665 3038 719 Deo
3068 661 3408 718 discernitur
3449 661 3539 715 di-
3592 658 3594 661 ’

1963 754 2316 814 stinctionem
2335 757 2634 828 appellant.
2657 755 2790 824 Quae
2805 755 2952 809 enim
2969 752 3298 810 naturaliter
3312 765 3377 806 ea
3395 751 3542 805 inter

1964 864 2024 904 se
2050 848 2312 912 secernit,
2347 863 2412 903 ac
2437 863 2718 918 nunquam
2750 849 2807 902 in
2846 845 3143 901 essentiam
3187 857 3355 899 unam
3389 841 3541 897 coire

1963 937 2116 1001 sinit,
2143 953 2270 992 cum
2291 953 2456 992 unam
2481 937 2846 1006 eamdemque
2871 935 3142 991 rationem
3168 933 3421 1002 recipere
3443 945 3543 985 ne-

1963 1034 2150 1096 queat,
2177 1041 2300 1082 eam
2333 1026 2598 1082 indictam
2632 1025 2932 1096 liquerunt.
2963 1025 3232 1088 Alteram,
3273 1029 3382 1093 qua
3412 1021 3542 1076 uni-

1965 1120 2123 1180 versa
2172 1132 2295 1186 quae
2347 1131 2446 1186 per
2493 1117 2875 1173 conditionem
2909 1131 2940 1170 a
2994 1115 3106 1170 Deo
3161 1111 3544 1168 exsistentiam

1964 1206 2180 1275 accepit
2209 1214 2404 1262 natura
2435 1209 2748 1280 secernitur
2781 1207 2839 1262 in
2877 1205 3244 1278 intelligibilia
3281 1213 3339 1260 et
3363 1203 3546 1260 sensi-

1965 1297 2118 1352 bilia.
2153 1297 2420 1362 Tertiam,
2447 1313 2554 1367 qua
2579 1297 2863 1353 sensibilis
2901 1307 3099 1352 natura
3136 1296 3449 1353 secernitur
3484 1295 3544 1350 in
3614 1329 3618 1333 -

1963 1387 2166 1442 coelum
2219 1401 2284 1441 ac
2328 1393 2555 1440 terram.
2596 1385 2862 1452 Quartam
2911 1385 3186 1455 denique,
3229 1400 3337 1454 qua
3395 1392 3556 1446 terra,

1964 1477 2274 1534 secernitur
2301 1477 2356 1531 in
2406 1475 2722 1547 paradisum
2755 1483 2812 1531 et
2843 1476 3037 1532 orbem
3075 1485 3347 1531 terrarum
3384 1473 3543 1529 habi-

1968 1569 2214 1632 tabilem,
2245 1577 2301 1624 et
2331 1569 2605 1639 quintam,
2651 1583 2758 1638 qua
2793 1567 2960 1622 homo
3005 1565 3062 1624 in
3115 1565 3376 1622 omnibus
3422 1572 3544 1619 tan-

1966 1677 2132 1732 quam
2163 1659 2379 1715 oﬂicina
2403 1660 2587 1730 aliqua
2615 1659 2930 1714 arctissimo
2979 1658 3064 1713 sui
3113 1657 3356 1722 vinculo,
3417 1655 3544 1710 uni-

1967 1768 2128 1808 versa
2167 1752 2482 1815 continens,
2525 1760 2582 1806 et
2613 1751 2909 1815 omnibus,
2954 1748 3264 1805 secundum
3323 1761 3545 1803 omnem

1967 1843 2384 1900 distinctionem
2435 1843 2884 1898 extremitatibus
2931 1857 3028 1912 per
3085 1856 3145 1896 se
3213 1839 3546 1894 naturaliter

1968 1937 2290 2007 interiectus
2319 1934 2718 1989 convenienter
2768 1933 3076 1988 secundum
3123 1930 3544 2002 generationem

1968 2029 2136 2084 rebus
2191 2025 2588 2082 exsistentibus
2655 2026 2852 2080 illatus
2906 2023 3217 2080 secernitur
3295 2021 3349 2075 in
3423 2035 3584 2082 τηου,

1967 2115 2248 2174 sculinuin
2277 2123 2334 2171 et
2385 2113 2917 2186 femininum,omni
2965 2112 3218 2183 proferto
3273 2107 3542 2164 extremi-

1970 2219 2144 2264 tatum
2196 2207 2444 2264 omnium
2476 2205 2868 2262 medietatibus
2917 2203 3246 2259 naturaliter
3289 2201 3359 2256 de
3411 2215 3542 2270 pro-

1967 2300 2222 2374 priarum
2265 2297 2332 2350 ad
2372 2284 2568 2352 omnes
2615 2293 2992 2351 extremitates
3026 2293 3268 2363 partium
3319 2303 3542 2353 suarum

1968 2387 2200 2444 relativa
2249 2386 2514 2442 facultate
2575 2385 2840 2454 praeditus
2904 2381 3134 2437 uniendi
3198 2377 3544 2444 coeundique

1967 2470 2276 2550 potestate,
2311 2491 2422 2546 qua
2464 2475 2665 2530 modus
2715 2471 3021 2530 secundum
3056 2485 3274 2524 causam
3316 2480 3546 2542 genera.-

1969 2566 2136 2641 tionis
2165 2579 2360 2620 eorum
2387 2579 2509 2634 quae
2543 2563 2808 2619 distincta
2834 2571 2964 2618 sunt
3007 2561 3316 2630 completus
3367 2553 3543 2610 divini

1969 2665 2226 2722 magnum
2255 2649 2470 2705 consilii
2503 2650 2829 2721 mysterium
2872 2657 2972 2720 per
3001 2663 3122 2704 sese
3167 2646 3542 2722 patefacturus

1967 2749 2110 2806 erat,
2141 2740 2238 2810 qui
2271 2749 2517 2796 mutuam
2546 2741 2603 2795 in
2630 2741 2797 2796 rebus
2825 2719 2948 2810 qua:
2979 2739 3254 2794 exsistunt
3283 2719 3543 2790 extremi-

1971 2839 2146 2886 tatum
2195 2838 2570 2913 congruenter
2611 2847 2641 2886 a
2681 2831 2952 2900 proximis
2994 2829 3060 2884 ad
3111 2827 3378 2883 ulteriora
3404 2866 3418 2888 ,
3459 2840 3544 2894 pe-

1963 2923 2259 2994 jorumque
2286 2921 2352 2974 ad
2390 2921 2618 2976 meliora
2652 2919 2916 2988 deinceps
2944 2928 3001 2974 et
3035 2933 3136 2988 per
3159 2914 3542 2971 ascensionem

1969 3013 2414 3082 progredientem
2457 3011 2514 3066 in
2573 3013 2744 3065 Deum
2799 3009 3109 3074 uniti‘onem
3181 3005 3541 3062 determinat.

1970 3104 2183 3160 Idcirco
2207 3103 2466 3158 videlicet
2496 3103 2662 3157 homo
2693 3102 2748 3156 in
2781 3110 3068 3157 creaturas
3097 3097 3328 3154 ultimus
3377 3094 3545 3148 infer-

1971 3207 2087 3260 tur,
2121 3207 2381 3266 tanquam
2430 3197 2696 3252 naturalis
2751 3195 3003 3265 quaedam
3044 3191 3399 3264 generalibus
3446 3203 3546 3256 per

1969 3298 2156 3358 partes
2191 3303 2317 3342 suas
2337 3286 2783 3341 extremitatibus
2815 3285 3032 3353 copula,
3063 3290 3231 3350 atque
3260 3279 3315 3332 in
3342 3283 3544 3331 semet-

1969 3375 2088 3444 ipso
2126 3374 2446 3430 coadunans
2471 3387 2538 3426 ea
2569 3388 2692 3440 quae
2726 3371 3058 3426 naturaliter
3111 3367 3346 3421 multum
3393 3365 3541 3417 inter

1970 3465 2278 3529 sedistant,
2307 3471 2366 3518 ut
2400 3463 2668 3518 unitionis
2705 3477 2831 3516 eum
2863 3461 2999 3521 Deo,
3048 3469 3312 3528 tanquam
3353 3470 3544 3516 causa,

1973 3555 2229 3610 universa
2276 3553 2543 3624 cogentis,
2589 3553 2656 3608 de
2711 3551 2938 3622 propria
2963 3542 3334 3605 distinctione
3384 3556 3553 3616 capto.

1972 3646 2150 3710 initio,
2205 3643 2468 3714 deinceps
2519 3643 2663 3698 serie
2708 3649 2766 3696 et
2809 3641 3004 3698 ordine
3043 3656 3144 3710 per
3195 3637 3374 3692 media
3409 3651 3544 3705 pro-

1970 3749 2194 3807 gressus
2233 3733 2396 3788 finem
2437 3731 2782 3788 ascensionis
2835 3731 2890 3784 in
2933 3729 3368 3787 sublimitatem,
3423 3740 3548 3794 qua:

1971 3824 2238 3881 unitionis
2265 3823 2439 3894 gratia
2483 3822 2546 3876 ﬁt
2571 3837 2671 3888 per
2705 3821 2984 3886 universa,
3035 3819 3279 3874 inveniat
3314 3816 3369 3870 in
3408 3816 3544 3878 Deo,

1973 3917 2028 3972 in
2053 3931 2162 3986 quo
2187 3914 2339 3968 nulla
2365 3922 2450 3968 est
2483 3911 2790 3974 distinctio,
2823 3910 2954 3965 dum
2981 3909 3259 3964 sexualem’
3291 3903 3544 3962 feminini

1971 4019 2028 4066 et
2071 4007 2363 4063 masculini
2421 4005 2851 4076 proprietatem,
2896 4017 3018 4073 quae
3051 4017 3116 4056 ex
3151 3997 3444 4070 principali
3481 4010 3548 4050 ac

1973 4097 2250 4170 primitiva
2296 4096 2509 4150 ratione
2550 4108 2898 4163 nequaquam
2938 4106 3206 4161 suspensa
3241 4097 3326 4143 est
3369 4103 3400 4141 a
3445 4085 3545 4140 Dei

1973 4189 2120 4244 circa
2185 4185 2604 4257 generationem
2662 4183 2905 4238 hominis
2964 4179 3286 4252 proposito,
3353 4175 3545 4230 habitu

1972 4279 2118 4334 circa
2150 4275 2398 4332 divinam
2425 4275 2685 4328 virtutem
2717 4273 2876 4342 plane
2911 4267 3206 4340 impatibili
3249 4265 3453 4333 ubique
3490 4269 3548 4317 et

289 4370 353 4421 τὸ
389 4367 522 4438 θῆλυ
557 4367 900 4438 προσηγορίᾳ
951 4367 1026 4438 μὴ
1075 4367 1473 4438 διαιρούμενον,
1507 4370 1630 4423 καθ’
1661 4370 1720 4423 ὃν
1772 4372 1866 4424 καί

1971 4383 2170 4426 natura
2196 4367 2428 4430 excutit,
2459 4367 2598 4421 adeo
2626 4373 2687 4420 ut
2721 4362 3026 4419 secundum
3059 4359 3310 4415 divinum
3339 4368 3546 4425 propo~

291 4459 715 4528 προηγουμένως
739 4459 1032 4528 γεγένηται
1075 4459 1234 4528 λόγον
1269 4463 1380 4522 τοῖς
1411 4461 1504 4514 νῦν
1541 4462 1669 4528 περὶ
1701 4462 1864 4516 αὐτὸν

289 4547 408 4604 οῦσι
441 4553 692 4620 τμήμασι
721 4549 794 4620 μὴ
828 4549 1206 4620 μεριζόμενον,
1242 4549 1330 4605 διὰ
1359 4551 1456 4622 τὴν
1486 4551 1698 4607 τελείαν
1727 4553 1866 4624 πρὸς

287 4641 378 4694 τὸν
409 4640 561 4704 ἴδιον,
588 4641 664 4704 ῶς
689 4639 846 4711 ἔφην,
880 4641 1036 4708 λόγον
1063 4640 1185 4694 καθ’
1210 4641 1268 4696 ὄν
1297 4643 1447 4696 ἐστιν
1476 4643 1676 4710 γνῶσιν
1696 4661 1709 4672 ·
1743 4639 1863 4697 εἶτα

287 4731 379 4785 τὸν
408 4733 739 4802 παράδεισον
769 4732 863 4785 καὶ
901 4733 1002 4802 τὴν
1039 4735 1367 4804 οἰκουμένην
1406 4735 1493 4788 διὰ
1523 4735 1624 4806 τῆς
1657 4737 1864 4800 οἰκείας

287 4822 662 4890 ἁγιοπρεποῦς
699 4823 926 4892 ἀγωγῆς
961 4822 1170 4886 ένῶσας
1202 4824 1333 4894 μίαν
1365 4828 1609 4892 ποιήσειε
1635 4827 1756 4893 γῆν,
1787 4825 1862 4894 μὴ

287 4911 673 4982 διαιρουμένην
706 4912 854 4982 αὐτῷ
883 4917 1021 4967 κατὰ
1046 4915 1144 4984 τὴν
1187 4916 1297 4968 τῶν
1331 4916 1513 4986 μερῶν
1558 4918 1724 4983 αὐτῆς
1749 4916 1862 4970 διας

292 4999 487 5068 φορὰν,
545 5000 685 5052 ἀλλὰ
742 5002 942 5072 μᾶλλον
1005 5005 1402 5076 συναγομένην,
1454 5005 1530 5069 ὡς
1595 5007 1865 5076 μηδεμίαν

291 5089 426 5158 πρὸς
480 5090 646 5160 μηδὲν
693 5091 804 5143 τῶν
850 5092 1018 5162 αὐτῆς
1052 5093 1354 5164 ὑπαγωγὴν
1378 5095 1604 5149 παθόντι
1641 5097 1825 5167 μερῶν
1849 5115 1862 5128 ’

290 5175 409 5263 εἶτα
429 5179 658 5249 οὐρανὸν
691 5181 787 5234 καὶ
817 5181 921 5250 γῆν
966 5181 1174 5246 ἐνώσας
1193 5183 1282 5237 διὰ
1307 5185 1406 5250 τὴν
1441 5186 1576 5257 πρὸς
1601 5187 1865 5254 ἀγγέλους

287 5271 388 5338 τῆς
442 5269 586 5340 ζωῆς
634 5269 799 5322 παντὶ
849 5271 1036 5342 τρόπῳ
1081 5274 1199 5326 κατ’
1245 5272 1468 5344 ἀρετὴν,
1518 5275 1594 5337 ὡς
1643 5275 1864 5342 ἐφικτὸν

289 5359 618 5432 ἀνθρώποις,
675 5361 980 5430 ταύτότητα
1045 5364 1174 5433 μίαν
1230 5365 1505 5434 ποιήσειεν
1559 5365 1864 5436 ἀδιαίρετον

1970 4467 2138 4524 situm
2173 4465 2340 4520 homo
2363 4464 2515 4519 solus
2561 4461 2890 4517 ostendatur
2925 4475 2990 4514 ac
3023 4457 3140 4523 fiat,
3197 4453 3448 4512 feminini
3490 4458 3550 4506 et

1969 4555 2262 4612 masculini
2295 4553 2666 4626 appellatione
2712 4567 2823 4606 non
2857 4550 3174 4613 distinctus,
3223 4561 3334 4600 non
3377 4541 3554 4612 magis

1966 4647 2332 4718 praesentibus
2366 4647 2512 4701 circa
2548 4659 2676 4722 eum
2705 4640 3048 4698 sectionibus
3088 4639 3144 4693 in
3175 4646 3367 4708 partes
3388 4633 3548 4688 divi-

1967 4757 2060 4796 sus
2087 4753 2251 4808 quam
2279 4753 2387 4807 qua
2411 4745 2497 4792 est
2524 4746 2684 4791 antea
2714 4735 2950 4798 ratione,
2976 4739 3202 4804 propter
3244 4728 3547 4801 perfectam

1965 4831 2032 4884 ad
2065 4829 2364 4899 propriam,
2415 4829 2495 4882 uti
2529 4828 2664 4894 dixi,
2714 4827 2986 4882 rationem
3015 4815 3342 4880 secundum
3379 4835 3545 4890 quam

1967 4929 2051 4974 est
2077 4919 2444 4988 cognitionem
2479 4936 2493 4984 ;
2529 4919 2730 4974 deinde
2757 4917 3072 4988 paradisum
3100 4930 3225 4970 cum
3253 4924 3414 4969 terra;
3449 4910 3547 4964 lia—

1969 5011 2214 5066 bitabilis
2237 5011 2371 5065 orbe
2417 5025 2517 5080 per
2551 5020 2763 5069 castam
2809 5007 3284 5065 conversationem
3328 4993 3546 5058 unitum

1971 5118 2134 5156 unam
2170 5110 2374 5157 terram
2404 5101 2626 5168 efﬁciat,
2659 5117 2781 5172 qum
2821 5101 3124 5157 secundum
3152 5098 3390 5169 partium
3425 5094 3553 5162 eius

1969 5191 2348 5246 diversitatem
2373 5191 2480 5246 sibi
2510 5207 2620 5245 non
2657 5192 2730 5247 sit
2754 5191 3034 5254 distincta,
3067 5189 3161 5244 sed
3193 5187 3376 5258 potius
3407 5198 3543 5238 con-

1969 5289 2212 5350 gregata,
2256 5280 2437 5349 utqui
2489 5280 2558 5334 ad
2592 5281 2817 5335 nullam
2866 5281 2986 5351 ejus
3035 5279 3269 5350 partium
3309 5275 3547 5346 patiatur

1971 5370 2210 5440 aliquam
2240 5370 2668 5428 subductionem
2698 5389 2728 5425 :-
2765 5371 2967 5428 deinde
3005 5371 3208 5427 cmlum
3247 5378 3302 5423 et
3337 5375 3542 5422 terram

1529 5519 1774 5577 .VABl/E
1813 5522 2228 5582 LECTIONES.
2295 5560 2304 5570 ο

382 5602 428 5634 ⁸⁸
463 5601 520 5661 In
555 5604 868 5676 apographo
893 5619 1014 5660 meo
1043 5605 1224 5660 inveni
1255 5607 1558 5678 ἀνθρώπου.
