4038 6146
519 280 654 348 1307

1678 282 1740 342 S.
1787 279 2076 341 ΜΑΧΙΜΙ
2116 277 2631 344 CONFESSORIS

3715 269 3855 338 15703

516 393 838 450 coadunans
852 409 950 463 per
977 394 1103 449 vita:
1118 408 1244 449 cum
1265 393 1475 463 angelis
1498 392 1919 447 similitudinem
1944 391 2089 446 omni

2199 392 2373 461 πάντη
2451 394 2588 465 πρὸς
2658 393 2857 466 ἑαυτὴν
2916 396 3013 467 τὴν
3101 391 3394 465 αἰσθητὴν
3464 388 3711 448 κτίσιν,
3775 382 3853 455 μή

516 484 689 539 modo
706 484 773 538 de
794 484 1020 549 virtute,
1036 499 1137 553 pro
1160 482 1696 554 hominumiviribus,
1718 491 1930 552 partam
1961 496 2090 536 sen-

512 573 735 630 sibilem
762 574 1133 629 conditionem
1189 592 1353 630 unam
1380 584 1436 630 et
1479 591 1509 629 a
1553 575 1846 643 semetipsa
1890 571 2089 626 nullihi

512 664 906 718 secernendam
934 664 1153 729 eﬁieiat,
1176 681 1297 734 qua:
1318 666 1571 720 localiter
1596 652 1755 734 plane
1772 663 1840 717 ab
1864 663 1959 717 illo
1978 678 2088 718 non

513 753 701 815 distet,
742 755 835 822 qui
866 755 1066 823 spiritu
1117 756 1254 810 levis
1300 756 1478 812 factus
1522 765 1628 821 est,
1665 756 1929 825 nullaque
1968 770 2091 809 cor-

513 844 689 910 porali
720 845 988 912 gravitate
1027 845 1092 898 ad
1126 854 1326 900 terram
1367 846 1702 909 detrahitur,
1761 854 1857 900 aut
1886 846 1956 900 ab
1998 861 2091 899 as-

513 934 776 989 censione
809 935 863 988 in
890 937 1060 991 caelos
1088 937 1415 1005 prohibetur
1451 938 1523 991 ob
1540 936 1839 1006 perfectam
1874 938 1942 991 ad
1973 937 2092 992 haec

512 1025 715 1079 mentis
764 1027 1016 1095 gnaviter
1072 1027 1140 1081 ad
1164 1028 1337 1081 Deum
1371 1028 2091 1097 properantisinvisibilita-

515 1123 645 1179 tem,
691 1123 746 1170 et
772 1116 1112 1172 extensionis
1138 1118 1205 1171 ad
1235 1134 1362 1172 eum
1396 1118 1658 1189 deinceps
1689 1120 2092 1189 sapienteriter

515 1205 856 1262 instituentis
888 1210 961 1263 ita
990 1216 1069 1273 ut,
1098 1210 1562 1279 quemadmodum
1588 1212 1643 1264 in
1668 1212 1949 1266 communi
1981 1213 2090 1277 via,

512 1297 841 1352 naturaliter
876 1299 945 1353 de
976 1315 1044 1353 eo
1082 1302 1227 1368 quod
1261 1309 1391 1354 ante
1429 1312 1513 1354 cst
1556 1302 1623 1355 ad
1667 1302 1720 1355 id
1771 1302 1917 1371 quod
1968 1312 2093 1372 post

514 1394 601 1441 est
634 1387 901 1456 procedat
937 1406 949 1441 :
986 1388 1186 1443 deinde
1212 1390 1584 1458 intelligibilia
1611 1400 1664 1444 et
1705 1392 1994 1446 sensibilia
2023 1393 2088 1447 ad

516 1478 635 1532 haec
681 1480 1005 1535 coadunans
1057 1496 1156 1549 per
1196 1481 1618 1535 similitudinem
1660 1482 1728 1536 de
1779 1483 2090 1553 cognitione

515 1582 640 1623 cum
658 1570 867 1639 angelis
891 1586 1056 1624 unam
1078 1570 1283 1625 efﬁciat
1311 1580 1479 1625 totam
1510 1573 1907 1637 conditionem,
1928 1590 2091 1643 quam

516 1657 895 1713 indistinctam
960 1661 1065 1715 sibi
1119 1661 1324 1714 habeat
1369 1661 1672 1714 secundum
1717 1662 2088 1731 cognitionem

514 1758 570 1804 et
596 1750 961 1819 ignorantiam
991 1791 1005 1814 ,
1063 1767 1189 1805 cum
1226 1752 1343 1821 pari
1390 1768 1524 1817 ,cnm
1575 1754 1786 1823 angelis
1830 1763 1885 1808 et
1934 1756 2091 1824 plene

514 1840 763 1895 imbutus
807 1842 880 1895 sit
937 1857 1121 1896 rerum
1169 1859 1289 1912 quae
1343 1852 1472 1897 sunt
1518 1829 1796 1898 rationum
1845 1846 2093 1915 gnoslica

513 1930 767 1986 doctrina
794 1974 809 1997 ,
849 1949 955 2002 qua
996 1949 1141 1989 verae
1197 1934 1486 2003 sapientiae
1541 1935 1848 2005 largissima
1897 1936 2095 1991 eﬁ‘usio

514 2021 832 2085 subsecuta,
874 2031 932 2075 ut
966 2038 1064 2091 par
1094 2028 1199 2085 est,
1245 2022 1314 2076 de
1358 2024 1576 2092 reliquo
1616 2024 1834 2079 sincere
1872 2026 1953 2080 eis
1995 2033 2091 2095 qui

512 2110 663 2181 digni
700 2120 827 2165 sunt
865 2122 920 2166 et
952 2113 1269 2167 immediate
1308 2114 1404 2167 Dei
1438 2115 1983 2184 prrcbcatnotionem
2023 2118 2089 2172 ad

512 2203 949 2270 pernoscendum
977 2204 1262 2258 difﬁcilem
1287 2205 1826 2273 atquejneﬁ‘abilem
1855 2223 1867 2259 :
1905 2216 1960 2262 et
1996 2207 2095 2262 de-

512 2293 681 2361 nique
726 2293 793 2346 ad
830 2293 947 2348 haec
975 2294 1160 2349 omnia
1187 2334 1199 2355 ,
1250 2295 1535 2349 conditam
1573 2311 1793 2366 quoque
1840 2307 2094 2353 naturam

512 2400 637 2438 cum
665 2385 944 2441 incondita
966 2402 1062 2455 per
1083 2386 1409 2442 cbaritatem
1430 2388 1817 2460 coadunans(o
1844 2406 1970 2467 rem;
1997 2407 2096 2446 no—

512 2493 637 2531 vam
662 2479 1127 2534 eLadmirandam
1153 2480 1356 2534 divinae
1392 2481 1537 2535 circa
1570 2497 1671 2536 nos
1717 2481 2026 2537 clementia:
2054 2484 2095 2553 l)

514 2583 685 2622 unum
726 2577 892 2639 atque
943 2570 1086 2624 idem
1126 2587 1226 2640 per
1275 2572 1465 2641 gratia:
1514 2571 1763 2625 habitum
1804 2573 2095 2638 ostendat,

513 2657 642 2713 dum
680 2669 851 2714 totum
888 2659 942 2713 in
970 2668 1147 2715 totum
1199 2676 1320 2716 sese
1368 2662 1537 2715 Bcum
1589 2678 1652 2717 ac
1703 2663 1863 2732 plene
1919 2672 2100 2719 trans—

512 2748 715 2813 fundit,
768 2757 823 2804 et
853 2751 1123 2820 quidquid
1173 2759 1259 2805 est
1299 2753 1445 2806 Deus
1471 2753 1581 2822 jam
1616 2753 1730 2821 ipse
1782 2752 1862 2816 ﬁt,
1898 2764 2099 2823 prmtcr

514 2855 677 2893 unam
723 2841 978 2894 essentia:
1026 2840 1370 2895 identitatem
1403 2882 1416 2905 ,
1461 2851 1517 2895 et
1565 2850 1741 2895 totum
1796 2843 1975 2913 ipsum
2000 2862 2099 2914 pro

514 2943 574 2983 se
628 2929 744 2997 ipso
796 2930 967 2982 Deum
1001 2930 1245 3000 accipit,
1297 2931 1753 3000 ascensionisque
1810 2932 1877 2985 ad
1926 2935 2097 2990 Deum

2191 485 2577 555 διαιρουμένην
2604 486 2750 557 αὐτῷ
2770 487 3012 550 τοπικῶς
3040 488 3100 540 τδ
3123 486 3413 556 παράπαν
3455 484 3591 543 τοῖς
3620 479 3846 547 διαστήσ-

2194 592 2351 644 μασι,
2407 576 2595 647 κούφῳ
2650 579 2927 649 γενομένῳ
2980 577 3059 647 τῷ
3108 577 3404 647 πνεύματι
3466 575 3581 627 καὶ
3647 572 3851 642 μηδενὶ⁸

2193 665 2348 737 βάρει
2394 668 2693 737 σωματικῷ
2739 669 3089 740 κατεχομένῳ
3146 668 3292 739 πρὸς
3362 666 3511 735 γῆν,
3574 664 3683 718 καὶ
3742 662 3841 731 τῆς

2193 760 2329 829 πρὸς
2364 760 2628 829 οὐρανοὺς
2678 761 2999 824 ἀναϐάσεως
3040 759 3363 831 εἰργομένῳ
3399 758 3505 811 διὰ
3553 754 3668 824 τὴν
3699 754 3841 823 πρὸς

2189 847 2363 902 ταῦτα
2394 849 2488 902 τοῦ
2535 848 2627 902 νοῦ
2673 849 2890 902 τελείαν
2936 850 3203 919 ἀορασίαν
3235 848 3509 915 γνησίως
3546 843 3706 913 πρὸς
3744 843 3846 893 τὸν.

2190 940 2325 993 Θεὸν
2347 942 2731 1013 ἐπειγομένου,
2788 943 2882 996 καλ¹
2928 942 3109 1012 σοφῶς
3155 943 3512 1012 ποιουμένου
3546 937 3666 1005 τῆς
3692 937 3835 1001 πρὸς

2191 1030 2354 1083 αὑτὸν
2383 1031 2702 1093 ἀνατάσεως
2729 1031 2946 1100 ἐφεξῆς,
2974 1031 3049 1094 ὡς
3082 1032 3139 1085 ὲν
3165 1032 3270 1101 ὀδῷ
3318 1031 3515 1098 κοινῇ,
3562 1023 3832 1093 φυσικῶς

2190 1121 2285 1173 τοῦ
2320 1122 2362 1152 ⁸⁷
2419 1122 2525 1193 πρὸ
2574 1122 2742 1177 αὐτοῦ
2794 1123 2855 1175 τὸ
2911 1122 3124 1191 φθάσαν
3185 1122 3495 1175 ἐπίϐασιν·
3552 1112 3695 1170 εἶτα
3759 1114 3829 1166 τὰ

2191 1212 2357 1282 νοητά
2413 1214 2509 1267 καὶ
2540 1212 2611 1266 τὰ
2644 1212 2881 1283 αἰσθητά
2912 1213 3047 1285 πρὸς
3070 1212 3284 1275 τούτοις
3314 1210 3544 1272 ὲνώσας
3572 1207 3679 1261 διὰ
3726 1205 3829 1275 τὴν

2153 1359 2159 1366 ,
2192 1303 2328 1373 πρὸς
2366 1304 2631 1371 ἀγγέλους
2664 1307 2804 1357 κατά
2846 1304 2945 1375 τὴν
2987 1303 3187 1371 γνῶσιν
3229 1303 3462 1371 ἰσότητα
3529 1298 3741 1367 (222
3769 1297 3824 1360 θ)

2195 1398 2323 1468 μίαν
2351 1401 2551 1470 ποιήσῃ
2580 1401 2757 1453 κτίσιν
2790 1400 2888 1469 τὴν
2948 1399 3165 1452 ἅπασαν
3200 1398 3402 1462 κτίσιν,
3440 1396 3525 1468 μὴ
3553 1395 3821 1463 6:31.900-

2195 1488 2367 1559 μένην
2416 1490 2563 1558 αὑτῷ
2608 1490 2751 1543 κατὰ
2804 1491 2903 1560 τὴν
2952 1490 3152 1558 γνῶσιν
3187 1488 3280 1541 καὶ
3327 1488 3429 1556 τὴν
3486 1483 3819 1552 ἀγνωσίαν,

2195 1579 2317 1649 ἴσης
2346 1579 2493 1650 αὖτῷ
2522 1580 2661 1645 πρὸς
2694 1576 2822 1643 τοὺς
2856 1580 3121 1647 ἀγγέλους
3153 1577 3456 1638 ἀνελλιπῶς
3483 1572 3823 1643 γενομένης

2194 1670 2302 1721 τῶν
2332 1670 2389 1721 ὲν
2420 1672 2532 1732 τοῖς
2560 1665 2679 1722 οὖσι
2726 1670 2901 1737 λόγων
2946 1669 3259 1738 γνωστικῆς
3286 1668 3647 1735 ἐπιστήμης,
3686 1661 3825 1716 καθ’

2197 1761 2263 1832 ἦν
2290 1763 2323 1831 ἠ
2353 1762 2453 1833 τῆς
2492 1761 2729 1832 ἀληθοῦς
2771 1762 2963 1831 σοφίας
2988 1762 3358 1830 ἀπειρόδωρος
3386 1758 3552 1829 χύσις
3610 1760 3816 1822 ἐπιτε-

2196 1853 2395 1924 νομένη
2425 1853 2565 1907 κατά
2604 1852 2664 1906 τὸ
2698 1852 2917 1921 θεμιτὸν
2948 1850 3266 1923 ἀκραιφνῶς
3308 1849 3498 1902 λοιπὸν
3525 1846 3640 1918 τὴν
3680 1846 3821 1917 περὶ

2195 1943 2329 1997 Θεοῦ
2362 1944 2454 1996 καὶ
2494 1944 2868 2014 ἀμεσιτεύτως
2903 1942 3204 2013 παρέχεται
3246 1943 3360 2005 τοῖς
3415 1939 3603 2006 ἀξίοις
3648 1937 3817 1991 ἀδιά-

2196 2050 2437 2102 γνωστον
2476 2036 2571 2088 καὶ
2605 2037 3007 2107 ἀνερμήνευτον
3057 2034 3264 2113 ἔννοιαν
3289 2048 3304 2061 ·
3336 2032 3432 2085 καὶ
3481 2030 3654 2093 τέλος
3714 2030 3816 2081 ἐπὶ

2197 2127 2332 2178 πᾶσι
2384 2126 2623 2189 τούτοις,
2679 2128 2771 2179 καὶ
2814 2127 3037 2197 κτιστὴν
3088 2125 3250 2195 φύσιν
3301 2126 3367 2194 τῇ
3416 2122 3688 2189 ἀκτίστῳ
3738 2120 3811 2173 δι’

2197 2216 2419 2286 ἀγάπης
2444 2217 2651 2280 ἑνώσας
2681 2217 2745 2289 (ὣ
2778 2218 2875 2271 τοῦ
2907 2217 3184 2289 θαύματος
3212 2219 3311 2288 τῆς
3337 2214 3466 2284 περὶ
3515 2214 3685 2281 ἡμᾶς
3708 2210 3813 2264 τοῦ

2197 2310 2335 2363 Θεοῦ
2368 2308 2805 2379 φιλανθρωπίαὲ)
2851 2309 2908 2365 ἓν
2944 2311 3039 2364 καὶ¹
3070 2308 3268 2364 ταύτὸν
3292 2305 3487 2371 δείξειε
3523 2304 3682 2358 κατὰ
3705 2303 3809 2373 τὴν

2201 2398 2308 2468 ἕξιν
2353 2403 2453 2470 τῆς
2476 2403 2720 2471 χάριτος,
2755 2403 2873 2466 ὅλος
2907 2404 3013 2474 ὅλῳ
3044 2401 3430 2473 περιχωρήσας
3471 2396 3690 2459 ὑλικῶς

2199 2493 2341 2564 Θεῷ,
2399 2495 2493 2546 καὶ
2542 2494 2835 2561 γενόμενος
2880 2495 2989 2547 πᾶν
3042 2494 3095 2546 εί
3120 2493 3170 2546 τί
3217 2491 3324 2562 πέρ
3377 2493 3533 2543 ἐστιν
3563 2489 3596 2540 ὁ
3637 2487 3815 2549 Θεὸς,

2200 2583 2368 2654 χωρὶς
2417 2584 2517 2651 τῆς
2556 2582 2676 2636 κατ’
2706 2583 2898 2637 οὐσίαν
2937 2583 3291 2652 ταύτότητος,
3323 2581 3418 2639 καὶ
3457 2579 3586 2632 ὅλον
3633 2578 3809 2631 αὖτδν

2199 2673 2501 2726 ἀντιλαϐὼν
2545 2672 2742 2726 ἑαυτοῦ
2772 2673 2864 2727 τὸν
2906 2673 3063 2736 Θεὸν,
3103 2674 3200 2726 καὶ
3238 2672 3347 2740 τῆς,
3372 2670 3460 2722 ἐπ’
3502 2668 3683 2721 ante»
3711 2668 3804 2720 τδν

2200 2762 2332 2816 Θεὸν
2400 2763 2720 2827 ἀναϐάσεως
2780 2760 2891 2818 οἷον
2960 2763 3191 2817 ἔπαθλον
3258 2762 3421 2816 αὑτὸν
3472 2762 3821 2830 μονιίνειιτον⁷

2202 2854 2546 2925 κτησάμενος
2569 2855 2660 2908 τὸν
2690 2855 2843 2919 Θεὸν,
2871 2856 2947 2919 ὡς
2979 2855 3132 2919 τέλος
3161 2854 3261 2925 τῆς
3295 2853 3404 2905 τῶν
3445 2850 3806 2920 κινουμένων

2202 2949 2489 3015 κινήσεως,
2519 2947 2614 3028 καὶ
2649 2949 2836 3000 στάσιν
2865 2947 3096 3018 βάσιμόν
3148 2964 3207 2999 τε
3246 2945 3343 2999 καὶ
3395 2941 3669 3012 ἀκίνητον
3696 2941 3807 2994 τῶν

516 3017 783 3073 instituta:
810 3027 1065 3088 tanquam
1102 3021 1385 3090 praemium
1418 3023 1597 3090 ipsum
1631 3024 1990 3094 consequitur
2035 3044 2094 3083 ac

2201 3038 2287 3090 ἐπ’
2336 3037 2498 3091 αὐτὸν
2539 3017 2882 3109 ᾦερομένων,
2930 3039 3022 3092 καὶ
3055 3037 3258 3099 παντὸς
3282 3038 3413 3103 ὅρου
3439 3035 3538 3087 καὶ
3587 3032 3803 3102 θεσμοῦ

515 3112 693 3166 solum
719 3112 913 3177 Deum,
948 3122 1008 3167 ut
1053 3129 1235 3167 rerum
1287 3121 1559 3168 motarum
1597 3116 1859 3171 motionis
1904 3117 2089 3184 ﬁnem,

515 3218 580 3258 ac
610 3204 820 3259 ﬁrmam
844 3214 899 3260 et
932 3200 1407 3261 stabilenfeorum
1436 3221 1558 3275 quae
1580 3207 1647 3260 ad
1680 3222 1807 3262 eum
1839 3209 2093 3265 feruntur

2201 3127 2295 3180 καὶ
2331 3127 2518 3197 νόμου,
2545 3128 2705 3196 λόγου
2749 3146 2807 3182 τε
2852 3129 2945 3183 καὶ
2973 3129 3091 3193 νοῦ,
3120 3128 3216 3182 καὶ
3263 3126 3485 3195 φύσεως
3527 3123 3665 3194 ὅρον
3710 3122 3807 3175 καὶ

2200 3218 2373 3290 πέρας
2406 3219 2658 3290 ἀόριστόν
2681 3238 2741 3273 τε
2765 3221 2860 3274 καὶ
2893 3221 3118 3290 ἄπειρον
3139 3220 3290 3272 ὄντα.

514 3296 829 3361 stationem,
862 3299 1153 3368 omnisque
1206 3298 1334 3354 ﬁnis
1400 3306 1457 3354 et
1500 3301 1702 3371 regulae
1731 3310 1789 3355 et
1830 3302 1964 3373 legis
1991 3343 2009 3370 ,
2053 3312 2331 3367 sermonis
2372 3323 2540 3383 atque
2571 3314 2775 3369 mentis
2837 3321 2893 3368 et
2922 3323 3133 3371 natura:
3192 3313 3381 3375 ﬁnem,
3422 3318 3482 3365 et
3525 3306 3813 3364 infinitam»

513 3387 1031 3460 interminatamque
1062 3400 1282 3447 metam.

582 3478 720 3534 Cum
740 3479 905 3549 igitur
926 3478 1250 3535 naturaliter
1271 3480 1460 3546 homo,
1480 3490 1769 3551 postquam
1803 3483 2100 3539 fabricatus

512 3578 615 3630 est,
644 3570 788 3623 circa
818 3568 1096 3624 immobile
1126 3577 1187 3623 ut
1214 3569 1299 3623 sui
1330 3570 1546 3624 initium
1582 3570 1795 3640 (Deum,
1824 3573 2095 3645 inquam),

512 3674 623 3713 non
655 3668 837 3712 motus
861 3667 1008 3713 esset
1032 3666 1223 3714 contra
1251 3661 1399 3715 circa
1424 3662 1670 3733 subjecta
1699 3664 1825 3728 sibi,
1859 3681 2095 3734 quorum

516 3749 809 3817 imperium
857 3765 888 3804 a
922 3750 1035 3804 Deo
1067 3751 1117 3804 ei
1166 3752 1482 3807 mandatum
1533 3764 1675 3815 erat.
1711 3755 2099 3815 innaturaliter

515 3847 709 3910 sponte
741 3855 839 3895 sua
867 3849 923 3895 et
961 3841 1286 3911 insipienter
1332 3852 1513 3898 motus
1555 3845 1645 3910 sit,
1690 3861 1813 3899 cum
1861 3847 2098 3903 naturali

514 3930 790 3995 facultate,
822 3946 945 4001 quae
988 3932 1039 3987 ci
1074 3934 1376 3989 secundum
1424 3936 1763 3990 nativitatem
1810 3937 1933 3991 data
1982 3949 2100 3993 erat

513 4020 581 4075 ad
612 4021 976 4076 discretorum
1012 4025 1319 4079 unitioncm
1355 4025 1408 4078 in
1443 4026 1726 4079 unitorum
1769 4028 1952 4096 potius
1984 4028 2097 4083 dis-

515 4113 817 4168 cretionem
865 4115 1212 4181 abuteretur,
1246 4124 1303 4170 et
1338 4117 1393 4170 in
1431 4116 1536 4171 hoc
1574 4119 1796 4188 negotio
1823 4135 1961 4187 pene
1988 4122 2095 4175 mi-

515 4219 635 4259 sere
662 4215 807 4259 esset
837 4206 890 4259 in
919 4207 1436 4261 non-exsistentiam
1466 4208 1731 4277 relapsus,
1767 4210 1975 4265 idcirco
2010 4212 2092 4266 in~

514 4304 789 4351 novantur
817 4305 1048 4362 naturis,
1074 4306 1130 4353 et
1161 4298 1474 4353 incredibili
1503 4299 1665 4353 modo
1697 4315 1761 4354 ac
1788 4316 1953 4370 supra
1998 4318 2089 4356 na-

2284 3489 2501 3561 Ἒπειδὴ
2532 3492 2712 3545 τοίνυν
2744 3490 3005 3560 φυσικῶς,
3047 3490 3123 3551 ὼς
3165 3488 3636 3559 δεδημιούργητο,
3669 3494 3797 3560 περὶ

2204 3580 2301 3649 μὲν
2330 3581 2389 3632 τὸ
2414 3579 2691 3649 ἀκίνητον,
2722 3580 2797 3642 ὡς
2820 3579 2995 3650 ἀρχὴν
3032 3578 3170 3631 ίδίαν
3221 3578 3387 3648 (φημὶ
3428 3578 3489 3631 δὲ
3515 3579 3613 3631 τὸν
3643 3579 3804 3650 Θεὸν)

2198 3669 2227 3721 ὁ
2255 3668 2538 3739 ἄνθρωπος
2566 3670 2626 3722 οὐ
2667 3668 2940 3737 κεκίνητο,
2987 3670 3117 3737 περὶ
3154 3667 3209 3719 δὲ
3247 3668 3316 3721 τά
3361 3668 3455 3721 ὐπ’
3489 3669 3685 3733 αὐτὸν,
3730 3664 3805 3723 ὧν

2205 3759 2368 3822 αὐτὸς
2421 3760 2606 3813 θεόθεν
2663 3760 2855 3831 ἄρχειν
2906 3759 3175 3828 ἐπετάγη,
3227 3759 3380 3828 παρά
3437 3759 3607 3826 φύσιν
3662 3762 3803 3814 ἑκὼν

2204 3851 2445 3919 ἀνοήτως
2476 3850 2780 3920 κεκίνηται,
2812 3852 2877 3921 τῇ
2902 3848 3037 3916 πρὸς
3067 3849 3264 3901 ἕνωσιν
3300 3848 3411 3901 τῶν
3444 3836 3805 3921 διῃρημένων

2204 3939 2421 4012 δοθείσῃ
2461 3940 2609 4011 αὐτῷ
2643 3943 2846 4011 φυσικῇ
2874 3941 3104 4011 δυνάμει
3134 3940 3281 3994 κατᾶ
3318 3940 3417 4011 τὴν
3465 3940 3694 4008 γένεσιν
3728 3943 3803 4001 εἰς

2206 4028 2444 4099 τὴντῶν
2489 4031 2791 4100 ἡνωμένων
2856 4030 3055 4100 μᾶλλον
3103 4028 3374 4099 διαίρεσιν
3424 4030 3801 4100 παραχρησά-

2206 4137 2389 4190 μενος,
2422 4120 2713 4192 καὶταύτῃ
2755 4118 2956 4190 μικροῦ
2997 4118 3111 4172 δεῖν
3143 4118 3399 4181 ἐλεεινῶς
3432 4120 3514 4181 είς
3542 4119 3610 4171 τὸ
3642 4121 3720 4189 μὴ
3746 4120 3801 4170 δν

2205 4212 2368 4265 πάλιν
2400 4210 2754 4272 κινδυνεύσας
2805 4208 3220 4279 μεταχωρῆσαι,
3261 4208 3350 4263 διά
3374 4207 3537 4261 τοῦτο
3559 4226 3800 4261 καινοτο-

2208 4302 2436 4373 μοῦνται
2474 4301 2687 4371 φύσεις,
2720 4300 2815 4352 καὶ
2850 4297 3175 4368 παραδόξως
3218 4299 3361 4368 ὑπὲρ
3395 4298 3559 4367 φύσιν
3585 4299 3718 4369 περὶ
3746 4297 3798 4348 τὸ

518 4394 691 4445 turam
714 4389 859 4446 circa
883 4391 938 4445 id
963 4390 1111 4461 quod
1139 4400 1333 4445 natura
1355 4399 1608 4446 movetur
1634 4390 2009 4460 immobiliter,
2039 4402 2094 4449 ut

2206 4394 2365 4464 φύσει
2397 4392 2717 4462 κινούμενον
2746 4393 3039 4461 ἀκινήτως,
3071 4388 3343 4453 ῖνόὖτως
3375 4391 3538 4449 εἴπω,
3570 4393 3796 4442 κινεῖται

518 4480 587 4536 ita
636 4482 837 4546 dicam,
887 4490 1140 4539 movetur
1188 4483 1242 4536 id
1291 4482 1439 4552 quod
1485 4484 1790 4537 secundum
1839 4493 2098 4541 naturam

514 4586 669 4627 suam
701 4573 857 4642 plane
893 4574 1172 4633 immobile
1204 4582 1308 4639 est,
1337 4582 1393 4627 et
1425 4575 1570 4629 Deus
1597 4575 1763 4629 homo
1793 4561 1873 4638 fit,
1902 4584 1963 4630 ut
1995 4578 2096 4632 l.o-

514 4662 718 4717 minem
748 4663 1025 4733 perditum
1058 4665 1268 4719 salvum
1296 4664 1482 4728 faciat,
1510 4672 1564 4719 et
1587 4666 1861 4736 generalis
1894 4666 1950 4720 in
1978 4667 2102 4721 uni-

512 4753 775 4809 versitate
810 4765 1019 4811 natura:
1049 4771 1148 4825 per
1171 4757 1526 4824 semetipsum
1558 4757 1837 4812 naturales
1863 4758 2100 4828 iungens

516 4852 796 4913 rupturas,
846 4853 900 4900 et
948 4847 1231 4916 generales
1269 4847 1685 4915 particularinm
1733 4849 1976 4918 prolatas
2010 4865 2099 4902 ra-

520 4937 719 5000 tiones,
752 4936 955 5006 quibus
984 4937 1349 4992 discretorum
1382 4940 1557 5017 unitio
1589 4940 1924 5017 instituenda
1958 4951 2098 5005 erat,

510 5027 878 5083 manifestans
911 5043 1166 5099 magnum
1197 5031 1293 5083 Dei
1342 5046 1405 5085 ac
1450 5012 1628 5085 Patris
1673 5032 1962 5085 consilium
1996 5032 2103 5085 im-

520 5118 716 5187 pleret,
772 5118 824 5170 in
878 5134 998 5171 sese
1051 5121 1237 5173 omnia
1290 5121 1637 5190 recolligens,
1693 5130 1800 5175 tam
1860 5123 2104 5177 cmlestia

518 5222 682 5272 quam
736 5216 977 5271 terrena,
1020 5208 1075 5261 in
1109 5226 1219 5278 quo
1268 5210 1435 5264 etiam
1475 5211 1696 5266 condita
1741 5219 1920 5265 erant.
1971 5213 2104 5267 Pro-

520 5293 664 5350 fecto
714 5298 882 5368 igitur
928 5301 1196 5371 generalis
1241 5318 1348 5372 qua
1392 5312 1590 5358 cuncta
1636 5304 1690 5357 in
1744 5303 2101 5373 semetipsum

523 5400 818 5461 ccngreget
872 5393 1136 5449 unitionis
1189 5411 1254 5449 ex
1314 5403 1503 5449 nostra
1571 5396 1905 5451 discretione
1959 5396 2102 5451 facto

2199 4485 2261 4543 τὸ
2296 4485 2473 4554 πάντη
2501 4483 2645 4536 κατά
2674 4482 2835 4551 φύσιν
2865 4480 3140 4549 ἀκίνητον,
3176 4480 3275 4533 καὶ
3304 4479 3439 4543 Θεδς
3507 4479 3794 4549 ἄνθρωπος

2202 4578 2436 4647 γίνεται,
2474 4573 2560 4626 ἵνα
2597 4570 2745 4642 σώσῃ
2774 4571 2864 4625 τὸν
2891 4570 3235 4640 ἀπολόμενον
3265 4568 3312 4600 ⁸⁸
3361 4569 3678 4641 ἄνθρωπον,
3712 4568 3792 4619 καὶ

2204 4667 2306 4735 τῆς
2372 4662 2513 4717 κατά
2562 4662 2621 4715 τὸ
2671 4662 2778 4714 πᾶν
2828 4659 3009 4731 (223
3046 4660 3099 4729 α)
3157 4659 3392 4712 καθόλου
3456 4659 3676 4726 φύσεως
3722 4658 3791 4708 δι’

2203 4755 2399 4811 ἑαυτοῦ
2442 4754 2510 4808 τὰ
2556 4754 2704 4807 κατὲί
2755 4751 2914 4822 φύσιν
2970 4750 3181 4813 ὲνώσας
3219 4752 3504 4825 ῥήγματα,
3550 4749 3646 4802 καὶ
3679 4749 3790 4808 rei);

2204 4847 2436 4903 καθόλου
2465 4843 2573 4897 τῶν
2601 4844 2696 4897 ἐπὶ
2736 4843 2936 4914 μέρους
2982 4844 3447 4912 προφερομένους
3481 4841 3692 4908 λόγους,
3720 4834 3789 4898 οἷς

2204 4944 2237 5007 ἠ
2268 4941 2377 4994 τῶν
2408 4939 2754 5010 διῃρημένων
2797 4934 3044 5005 γίνεσθαι
3092 4934 3347 5003 πέφυκεν
3373 4934 3594 4997 ἕνωσις,
3627 4932 3789 4993 εεέξπς

2203 5030 2303 5100 τὴν
2341 5028 2584 5100 μεγάλην
2646 5026 2844 5097 βουλὴν
2886 5022 3152 5096 πληρώσῃ
3215 5023 3313 5077 τοῦ
3368 5024 3509 5077 Θεοῦ
3539 5024 3634 5076 καὶ
3692 5022 3789 5072 Πα-

2207 5121 2464 5191 τρδ;,εἰ;
2518 5121 2710 5172 ἑαυτὸν
2776 5113 3280 5183 ἂνακεφαλαιὼσας
3347 5117 3418 5168 τὰ
3477 5115 3673 5168 πάντα,
3731 5109 3788 5159 τὶ

2211 5214 2267 5264 ἐν
2333 5209 2410 5281 τῷ
2470 5209 2684 5279 οὐρανῷ
2763 5207 2856 5261 καὶ
2917 5206 2985 5258 τὰ
3047 5206 3145 5284 ἐπι
3221 5206 3543 5283 τῆςὶγῆς,
3620 5205 3675 5253 ἐν
3750 5192 3788 5261 ᾧ

2212 5304 2306 5356 καὶ
2355 5301 2707 5373 ἐκτίσθησαν.
2777 5297 2992 5368 Ἀμέλει
3066 5314 3152 5349 τοι
3229 5297 3337 5367 τῆς
3390 5296 3621 5351 καθόλου
3695 5292 3788 5342 τῶν

2214 5396 2431 5447 πάντων
2466 5392 2601 5460 πρὸς
2648 5391 2839 5444 ἑαυτὸν
2892 5386 3140 5450 ὲνώσεως
3184 5388 3250 5439 ἐκ
3304 5388 3405 5459 τῆς
3441 5387 3597 5457 ἡμῶν
3639 5381 3788 5452 ﬁgo-33‘

1801 5530 2032 5584 VARle
2074 5527 2478 5583 LECTIONICS.

599 5636 643 5672 ‘7
678 5637 777 5694 llic
810 5642 1066 5697 mendum
1100 5644 1319 5715 aliquod
1346 5646 1499 5699 latet.
1578 5647 1623 5679 ⁵⁸⁸
1655 5647 2017 5717 ἀπολλύμενον
2051 5663 2094 5697 f‘t

2208 5643 2372 5708 Gud.,
2411 5660 2511 5698 nec
2543 5646 2709 5699 semel
2746 5645 2836 5697 ita.
