4038 6146
540 264 673 330 1311
1612 336 1615 337 ν
1702 268 1761 326 S.
1805 267 2090 326 MAXIMI
2129 264 2636 326 CONFESSORIS
3730 254 3860 320 1312

535 371 607 426 ad
646 370 731 425 sui
779 371 952 425 instar
989 370 1059 424 ab
1102 370 1253 424 omni
1300 379 1456 439 parte
1499 369 1765 440 ﬁguratos
1804 373 2119 441 salvamque

2241 369 2351 434 tog,
2377 371 2700 440 ἀνθρώπους
2750 369 2910 438 μόνον
2941 368 3147 440 κυρίως
3174 385 3238 421 τε
3276 365 3386 420 καὶ
3419 362 3680 434 ἀληθῶς
3726 361 3861 415 dno-

536 462 658 531 cjus
696 476 761 515 ac
802 475 1030 530 prorsus
1076 460 1347 514 sinceram
1397 458 1689 529 imaginem
1720 460 1991 526 ferentes,
2026 461 2116 516 cui

2241 460 2396 525 ῖείξις
2438 461 2507 525 ⁸⁸,
2543 463 2664 514 κατ’
2694 460 2859 514 αὑτὸν
2901 459 2970 513 δι’
3007 459 3129 513 ὅλου
3181 453 3730 529 μεμορφωμένους
3779 454 3865 505 καὶ

536 551 856 607 nullatenus
880 550 989 604 ulla
1014 550 1276 605 interitus
1298 558 1429 605 nota
1457 549 1726 611 adhzerct,
1752 534 1989 620 cumque
2021 567 2119 605 no-

2241 550 2365 604 ςὼαν
2403 550 2567 604 αὐτοῦ
2613 552 2705 605 καὶ
2745 550 3025 612 autem};
3071 548 3379 619 ἀκίϐδηλον
3423 548 3542 615 τὴν
3586 541 3866 643 (2251³)

537 642 623 696 bis
647 650 987 711 propterque
1016 658 1119 696 nos
1141 658 1361 697 omnem
1384 642 1757 698 conditionem
1785 658 1887 711 per
1911 643 2118 699 medias

2241 641 2404 694 ,ἰκόνα
2433 640 2720 711 φέροντας.
2760 638 2828 714 ἧς
2862 640 2984 694 κατ’
3025 639 3217 694 οὐδένα
3256 638 3487 708 τρόπον
3528 634 3713 688 οὐδὲν
3763 634 3869 684 τῶν

536 742 727 803 partes
771 742 837 788 ut.
877 734 1227 802 propriarum
1274 734 1514 803 partium
1561 735 1941 790 extremitates
1972 750 2121 790 com-

2241 734 2426 807 Ρθορᾶς
2468 736 2865 807 γνωρισμάτων
2893 735 3152 796 ἅπτεται,
3183 733 3285 785 καί⁵
3321 732 3431 784 σὺν
3468 729 3627 797 ἡμῖν
3658 727 3767 779 καὶ
3805 723 3867 827 δι’

540 829 738 896 plexus
781 828 992 882 circum
1023 842 1143 882 sese
1189 827 1648 883 indissolubiliter
1689 828 1836 882 inter
1873 844 1932 883 se
1965 828 2122 882 inne-

2241 830 2368 898 γμᾶς
2403 827 2501 898 τὴν
2536 829 2754 882 ἃπασαν
2783 827 2960 879 κτίσιν
3000 826 3089 878 mi
3118 823 3232 878 τῶν
3262 824 3466 892 μέσων
3522 820 3615 880 ὡς

541 925 698 972 ctens
733 917 1047 986 paradisum
1070 926 1125 972 et
1156 918 1343 973 orbem
1375 929 1665 984 terrarum,
1696 920 1897 975 caelum
1930 936 1993 975 ac
2017 930 2127 975 ter-

2242 919 2370 972 δίων
2417 920 2488 970 τὰ
2531 919 2675 988 ἄκρα
2716 916 3028 988 περιλαϐὼν
3059 917 3153 969 καὶ
3198 914 3334 984 περὶ
3375 910 3602 965 ἑαυτὸν
3641 908 3864 1014 diuus;

544 1023 682 1069 ram.
707 1008 992 1065 sensibilia
1019 1017 1075 1063 et
1097 1008 1487 1079 intelligibilia,
1513 1018 1574 1065 ut
1597 1024 1799 1080 corpus
1819 1019 1875 1065 et
1899 1026 2123 1065 sensum

2241 1008 2471 1079 ιλλήλοις
2500 1007 2825 1077 διασφίγξας
2855 1008 3184 1079 παράδεισον
3213 1008 3311 1059 καὶ
3337 1003 3741 1072 οἰκουμένην,
3772 1003 3863 1052 οὐ·

464 1160 471 1167 .
545 1107 602 1154 et
630 1099 867 1155 animam
918 1109 974 1156 et
1024 1109 1269 1157 mentem
1297 1117 1409 1157 non
1459 1101 1622 1157 aliter
1674 1115 1837 1171 quam
1881 1117 1984 1157 nos
2021 1102 2125 1172 ipsi

2241 1101 2389 1155 aavbv
2429 1101 2522 1154 καὶ
2569 1101 2699 1169 γῆν,
2745 1100 2980 1171 αἰσθητὰ
3030 1099 3126 1152 καὶ
3166 1098 3361 1167 νοητὰ.
3420 1095 3510 1158 ὡς
3548 1092 3739 1162 σῶμα
3771 1094 3861 1144 καὶ

543 1186 776 1253 habens,
824 1189 1030 1259 quibus
1077 1198 1137 1245 ut
1178 1191 1433 1261 partibus
1476 1192 1856 1246 extremitates
1899 1192 2128 1261 singulis

2241 1192 2486 1262 ιῐσθησιν
2511 1192 2607 1245 καὶ
2629 1192 2808 1261 ψυχὴν
2844 1191 2967 1244 καθ’
2990 1192 3139 1260 ἡμᾶς
3169 1190 3310 1259 ἔχων
3334 1188 3438 1241 καὶ
3470 1185 3643 1247 νοῦν,
3668 1180 3760 1246 οἷς
3789 1184 3861 1244 ὡς

545 1279 854 1350 quibusque
883 1296 1012 1338 suas
1053 1283 1387 1352 generaliter
1419 1290 1678 1353 cognatas
1706 1283 2128 1357 accommodans

2241 1284 2422 1353 μέρεσι
2466 1282 2589 1336 καθ’
2617 1281 2852 1335 ἕκαστον
2898 1281 2959 1334 τὸ
3008 1282 3225 1349 ἑκάστῳ
3267 1278 3527 1332 καθόλου
3573 1274 3877 1355 συγγενὲς

544 1367 710 1423 modo
751 1385 919 1439 supra
966 1371 1207 1426 indicato
1243 1381 1440 1429 cuncta
1487 1373 1602 1428 Deo
1633 1374 2024 1430 convenienter
2069 1376 2128 1430 in

2241 1374 2654 1444 ιὶκειωσάμενος
2683 1374 2852 1444 ἄκρον
2894 1371 3038 1425 κατὰ
3071 1369 3163 1423 τὸν
3204 1367 3700 1466 προαποδοθὲντα.
3731 1364 3857 1466 τρό-

546 1458 906 1528 semetipsum
942 1461 1248 1532 recollegit,
1302 1478 1468 1519 unam
1515 1478 1637 1519 esse
1684 1479 1903 1521 omnem
1937 1474 2127 1521 osten-

2241 1480 2331 1517 πον
2359 1463 2683 1534 θεοπρεπῶς
2714 1463 2781 1516 τὰ
2828 1463 3004 1516 πάντα
3046 1462 3126 1522 εἰς
3173 1459 3370 1513 ἑαυτὸν
3398 1456 3856 1524 ἁνεκεφαλαιὼ-

547 1549 686 1603 deus
712 1552 1110 1616 conditionem,
1134 1553 1598 1625 quemadmodum
1622 1556 1792 1610 alium
1822 1556 2126 1624 hominem,

2241 1572 2382 1621 τατο,
2421 1555 2553 1625 μίαν
2593 1555 2945 1624 ὑπάρχουσαν
2985 1552 3084 1623 τὴν
3136 1551 3355 1605 ἃπασαν
3383 1548 3588 1601 κτίσιν
3636 1547 3853 1645 δείξας,

548 1645 788 1718 partium
820 1646 1159 1717 singularum
1196 1658 1387 1703 mutuo
1420 1651 1563 1703 inter
1596 1664 1656 1705 se
1685 1664 1832 1706 nexu
1873 1665 2131 1705 consum-

2241 1646 2485 1714 καθάπερ
2531 1644 2817 1717 ἄνθρωπον
2872 1644 3055 1704 ἄλλον,
3108 1640 3331 1713 τῇ·τῶν
3366 1639 3569 1710 μερῶν
3634 1639 3853 1703 ἑαυτῆς

549 1714 774 1801 malam,
811 1751 876 1792 ac
909 1714 1284 1794 subsistentia:
1316 1740 1631 1810 integritate
1678 1749 1844 1811 atque
1886 1742 2129 1811 plenitu-

2241 1735 2367 1806 πρὸς
2395 1733 2601 1801 ἄλληλα
2629 1714 2833 1802 συνόδῳ
2862 1729 3364 1802 συμπληρουμένην
3396 1728 3500 1782 καὶ
3528 1727 3691 1796 πρὸς
3721 1727 3852 1779 ὲαυ·

550 1825 681 1880 dine
713 1826 766 1881 in
793 1840 850 1883 se
882 1828 1054 1897 ipsam
1086 1836 1403 1899 vergentem
1443 1839 1609 1900 atque
1634 1831 2013 1900 inclinantem,
2044 1849 2133 1889 se-

2241 1826 2329 1897 ιὴν
2365 1825 2623 1881 νεύουσαν
2674 1827 2741 1896 τῇ
2782 1820 3006 1894 ’ὁλότητι
3055 1823 3158 1892 τῆς
3195 1817 3727 1918 ὑπάρξεως,.κατὲ

552 1914 793 1969 cundum
825 1932 988 1970 unam
1026 1924 1190 1987 atque
1237 1918 1541 1988 simplicem
1576 1929 1742 1989 atque
1790 1921 2131 1979 indeﬂnitam

2241 1919 2366 1987 μίαν
2405 1918 2501 1971 καὶ
2530 1916 2829 1987 ἁπλῆνκαὶ
2859 1914 3329 1982 άπροσδιόριστον,
3359 1910 3466 1979 τῆς
3513 1910 3586 1962 ὲκ
3620 1909 3729 1961 τοῦ
3773 1909 3851 1977 μὴ

552 2014 609 2059 et
658 2005 1067 2063 indiderentem
1117 2008 1187 2063 de
1240 2009 1701 2065 non-exsistentia
1751 2012 2134 2081 productionis

552 2099 960 2168 cogitationem,
992 2115 1101 2170 qua
1132 2116 1295 2155 unam
1327 2089 1688 2173 eamdemque
1730 2112 1911 2173 potest
1954 2107 2136 2161 omnis

554 2188 801 2243 conditio
860 2191 1107 2261 recipere
1166 2193 1431 2249 rationem
1503 2193 1664 2263 plane
1722 2195 2131 2265 indistinctam,

555 2278 704 2347 quod
736 2299 754 2329 ι
779 2279 899 2335 Non
919 2280 1092 2337 fuisse
1123 2301 1142 2334 ›
1174 2283 1334 2353 prius
1362 2299 1525 2353 quam
1558 2303 1578 2335 ι
1608 2285 1742 2341 Esse
1775 2304 1794 2337 ι
1831 2286 2062 2343 habens.

627 2370 837 2426 Revera
868 2372 1074 2428 ctenim
1119 2374 1225 2429 sibi
1266 2375 1502 2429 invicem
1536 2375 1839 2431 secundum
1870 2366 2136 2448 quidquid

555 2461 802 2526 omnino,
835 2461 1001 2516 etiam
1033 2461 1083 2517 si
1123 2477 1236 2517 non
1268 2463 1494 2532 ubique,
1522 2465 1842 2521 coincidunt
1872 2481 2136 2536 quaecun-

556 2562 663 2616 que
690 2558 814 2617 post
838 2549 1010 2605 Deum
1047 2560 1176 2607 sunt
1198 2552 1658 2623 exsistcntiasque
1688 2570 1818 2610 suas
1848 2570 1950 2624 per
1973 2570 2138 2626 gene-

556 2638 828 2693 rationem
864 2654 896 2693 a
924 2639 1037 2698 Deo
1078 2640 1304 2704 habent,
1334 2656 1460 2697 eum
1495 2658 1683 2697 rerum
1717 2660 1841 2714 qua:
1865 2646 2137 2701 exsistunt

557 2728 708 2782 nulla
739 2730 987 2795 omnino,
1016 2745 1087 2785 ne
1118 2730 1186 2787 iis
1213 2731 1437 2801 quidem
1479 2734 1724 2804 exceptis
1752 2751 1875 2805 quae
1913 2737 2136 2806 plurimi

555 2819 890 2875 aestimandae
918 2829 1068 2883 sunt,
1120 2837 1350 2891 quaeque
1384 2833 1670 2892 superant,
1704 2839 1736 2877 a
1778 2826 2021 2895 generali
2067 2827 2136 2881 ad

558 2926 832 2965 summum
858 2911 1091 2981 gradum
1120 2913 1215 2981 qui
1256 2913 1449 2968 habitu
1485 2924 1641 2968 caret
1682 2915 1951 2972 relatione
1976 2925 2137 2972 natu-

2232 2009 2384 2072 δντος
2439 2007 2780 2079 παραγωγῆς
2830 2008 2925 2060 καὶ
2957 2006 3250 2075 ἀδιάφορον
3301 2003 3545 2065 ἔννοιαν,
3604 2000 3749 2054 καθ’
3781 2002 3847 2069 ἢν

2233 2101 2329 2155 ἕνα
2358 2100 2456 2154 καὶ
2474 2100 2567 2153 τὸν
2599 2100 2762 2154 αὑτὸν
2788 2101 2938 2153 πᾶσα
2987 2101 3023 2169 ἠ
3063 2098 3240 2161 κτίσις
3268 2093 3647 2157 ἐπιδέξασθαι
3679 2095 3847 2146 δύνα-

2234 2209 2324 2247 ται
2355 2192 2514 2260 λόγον
2555 2190 2837 2254 παντελῶς
2882 2189 3214 2259 ἀδιάκριτον,
3262 2186 3322 2240 τὸ
3357 2205 3381 2238 ι
3412 2185 3539 2239 Οὐκ
3568 2180 3653 2255 ἦν
3688 2203 3710 2237 ι
3748 2181 3846 2237 τοῦ

2240 2303 2260 2336 ι
2293 2280 2433 2337 εῖναι
2476 2302 2496 2334 ι
2537 2281 2911 2353 πρεσδύτερον
2955 2280 3173 2351 ἔχουσα.

2258 2402 2262 2404 ~
2304 2375 2495 2428 Πάντα
2513 2372 2622 2443 γὰρ
2652 2374 2794 2427 κατὰ
2822 2372 2913 2426 τὸν
2936 2370 3111 2443 άληθῆ
3141 2371 3298 2438 λόγον
3328 2368 3589 2439 ἀλλήλοις
3624 2385 3841 2439 συνεμ-

2236 2466 2429 2519 πίπτει
2483 2464 2608 2519 καθ’
2640 2464 2820 2518 ὁτιοῦν
2857 2464 3095 2527 πάντως,
3136 2465 3186 2516 εἰ
3228 2462 3326 2516 καὶ
3358 2461 3434 2531 μὴ
3489 2460 3692 2530 πάντη
3718 2502 3737 2525 ,
3772 2460 3843 2513 τὰ»

2238 2556 2378 2627 μετὰ
2405 2556 2538 2610 Θεὸν
2565 2555 2696 2610 ὄντα
2720 2555 2814 2609 καὶ
2850 2556 2915 2607 ὲκ
2956 2552 3093 2607 Θεοῦ
3142 2554 3203 2607 τὸ
3246 2549 3385 2607 εἶναι
3432 2551 3529 2604 διὰ
3552 2550 3837 2618 γενέσεως

2237 2645 2448 2717 ἔχοντα,
2481 2647 2708 2717 μηδενὸς
2737 2643 2967 2699 καθόλου
2997 2644 3110 2698 ’τῶν
3138 2644 3329 2707 ὄντων,
3370 2641 3509 2712 μηδὲ
3543 2640 3665 2694 τῶν
3697 2641 3834 2708 ἄγαν

2234 2737 2432 2807 τιμίων
2487 2735 2584 2790 καὶ
2613 2774 2619 2801 ι
2649 2735 3108 2807 ὑπερϐεϐηκότων
3168 2735 3270 2804 τῆς
3339 2732 3478 2803 πρὸς
3549 2733 3617 2785 τὸ
3693 2733 3832 2800 άγαν

2237 2828 2464 2898 ἄσχετον
2494 2828 2719 2896 γενικῆς
2755 2826 3014 2897 σχέσεως,
3039 2824 3357 2878 παντάπασι
3391 2820 3649 2891 φυσικῶς
3696 2821 3829 2875 ἀπο-

2236 2916 2550 2985 λελυμένον,
2588 2917 2727 2986 μήτε
2759 2915 2867 2986 μὴν
2894 2914 2990 2968 τοῦ
3024 2914 3083 2967 ὲν
3123 2914 3238 2975 τοῖς
3273 2910 3428 2965 οὖσιν
3492 2910 3833 2980 ἀτιμοτάτου

558 3000 749 3054 raliter
789 3001 966 3055 libera
998 3001 1100 3065 sit,
1146 3017 1251 3057 nec
1284 3018 1469 3057 rerum
1507 3004 1698 3074 utique
1744 3007 2131 3065 exsistentium

2241 3008 2333 3078 τῆς
2364 3007 2503 3079 πρὸς
2528 3007 2595 3061 τά
2624 3006 2967 3076 άτιμιώτατα
2996 3004 3139 3058 κατὰ
3175 3002 3338 3073 φύσιν
3368 3001 3599 3070 γενικῆς
3629 3017 3832 3054 m1:-

558 3105 629 3145 ne
657 3089 922 3145 vilissima
944 3091 1166 3161 quidem
1199 3092 1269 3147 ab
1296 3093 1534 3163 generali
1569 3101 1627 3149 et
1662 3103 1875 3151 natura:
1898 3109 2134 3155 consen-

560 3187 719 3232 tanea
749 3179 815 3234 ad
858 3194 923 3235 ea
950 3195 1073 3249 quae
1112 3181 1375 3238 vilissima
1402 3192 1532 3238 sunt
1566 3184 1835 3241 relatione
1865 3186 2135 3243 destitua-
2162 3207 2166 3210 ’

557 3278 651 3325 tur
676 3271 900 3326 omnino
926 3283 1021 3337 aut
1050 3289 1248 3343 expers
1278 3275 1391 3330 liat.
1420 3274 1774 3348 Quaecunque
1814 3279 1965 3334 enim
2005 3295 2135 3351 pro-

557 3362 697 3433 priis
729 3363 1084 3432 peculiariter
1116 3374 1245 3421 sunt
1285 3367 1699 3425 discriminibus
1749 3370 1895 3427 inter
1942 3387 2003 3427 se
2049 3374 2137 3428 di-

559 3456 780 3521 stincta,
808 3472 873 3513 ea
903 3459 1252 3527 generalibus
1292 3471 1475 3531 atque-
1494 3462 1882 3519 communibus
1912 3480 2140 3535 genera—

557 3548 686 3605 liter
726 3550 1108 3609 identitatibus
1138 3563 1270 3610 sunt
1317 3555 1493 3620 unita,
1542 3555 1723 3626 adque
1772 3558 2041 3613 unitatem
2083 3566 2140 3612 et

559 3648 807 3695 mutuam
849 3641 994 3697 inter
1038 3655 1212 3699 semet
1254 3644 1600 3702 identitatem
1634 3648 1876 3718 generali
1904 3649 2141 3719 quadam

560 3730 772 3784 ratione
800 3740 1011 3788 natura:
1051 3735 1495 3804 compeﬂuntur;
1531 3738 1613 3792 sic
1642 3739 1844 3808 genera
1873 3740 2142 3795 essentia-

560 3819 689 3875 liter
718 3821 823 3876 sibi
852 3822 1090 3878 invicem
1118 3828 1273 3881 unita
1314 3828 1584 3883 unitatem
1611 3829 1819 3885 habent
1855 3836 1912 3885 et
1938 3829 2140 3884 identi-

565 3920 729 3966 tatem
777 3922 835 3968 et
878 3914 1344 3973 individuitatem.
1390 3916 1542 3972 Nihil
1588 3916 1737 3972 enim
1786 3931 1980 3972 eorum
2021 3933 2143 3988 quae

562 4004 893 4081 universalia
925 4017 1056 4063 sunt
1097 4017 1155 4063 et
1187 4008 1716 4078 comprehendentia
1763 4017 1821 4065 et
1866 4009 2144 4083 generalia

563 4096 677 4149 ullo
719 4097 881 4150 simul
911 4112 1038 4152 cum
1068 4098 1149 4154 eis
1181 4099 1347 4153 modo
1382 4099 1719 4156 discernitur
1741 4116 1865 4171 qua;
1893 4103 2143 4172 particu-

565 4185 702 4241 laria
736 4197 865 4242 sunt
901 4191 1390 4260 et~comprehcnsa
1434 4201 1491 4246 et
1518 4192 1800 4261 Specialia.
1834 4194 1958 4249 Non
1994 4196 2143 4251 enim

565 4280 797 4349 amplius
821 4281 875 4335 id
902 4290 1080 4350 potest
1113 4282 1369 4352 generale
1399 4299 1521 4339 esse
1549 4284 1697 4353 quod
1724 4299 1790 4339 ea
1817 4301 1940 4356 quae
1963 4302 2146 4343 secer-

2236 3098 2344 3161 λῶς
2411 3098 2924 3169 ἀπολιμπανομένου
2979 3097 3073 3150 καὶ
3140 3093 3503 3165 ἀμοιροῦντος
3563 3092 3827 3162 σχέσεως.

2238 3190 2425 3244 Πάντα
2467 3190 2576 3260 γὰρ
2627 3188 2697 3242 τὰ
2731 3190 2849 3251 ταῖς
2884 3187 3112 3248 οἰκείαις
3161 3185 3307 3246 ἰδίως
3343 3183 3636 3252 διαφοραῖς
3675 3182 3833 3252 ἀλλή-

2237 3280 2345 3333 λων
2374 3279 2813 3351 διακεκριμμένα
2855 3280 2974 3342 ταῖς
3006 3276 3238 3330 καθόλου
3284 3273 3382 3327 καὶ
3418 3276 3632 3337 κοιναῖς
3682 3290 3830 3340 γενι-

2239 3372 2352 3435 κῶς
2383 3371 2707 3441 ταὺτότησιν
2735 3370 2994 3439 ἥνωνται.
3030 3365 3126 3420 καὶ
3158 3366 3295 3436 πρὸς
3318 3366 3380 3419 τὸ
3414 3364 3475 3417 ἒν
3500 3365 3603 3418 καὶ⁵
3631 3361 3827 3418 ταύτὸν

2238 3463 2492 3533 ἀλλήλοις
2529 3459 2735 3531 γενικῷ
2787 3475 2895 3512 τινι
2948 3457 3096 3527 λόγῳ
3153 3455 3376 3524 φύσεως
3430 3454 3824 3515 συνωθοῦνται,

2237 3545 2351 3604 οἷον
2375 3550 2445 3602 τὰ
2469 3550 2566 3619 μὲν
2587 3549 2720 3617 γένη
2752 3548 2894 3600 κατά
2926 3546 3025 3615 τὴν
3061 3544 3246 3597 οὐσίαν
3278 3541 3535 3611 ἀλλήλοις
3557 3540 3825 3611 mam

2239 3639 2300 3694 τὸ
2330 3638 2515 3710 (224
2541 3638 2592 3706 b)
2624 3638 2682 3693 ἓν
2719 3636 2833 3707 ἔχει
2869 3636 2961 3690 καὶ
2987 3634 3184 3689 ταύτὸν
3214 3634 3309 3687 καὶ
3341 3632 3679 3702 ἀδιαίρετον.
3715 3633 3819 3685 Οὖ-

2240 3731 2328 3785 δὲν
2361 3731 2473 3801 γὰρ
2501 3729 2611 3782 τῶν
2636 3729 2864 3782 καθόλου
2914 3727 3008 3781 καὶ
3047 3724 3420 3797 περιεχόντων
3463 3723 3564 3776 καὶ
3595 3721 3823 3790 γενικῶν

2240 3822 2352 3883 τοῖς
2391 3819 2485 3873 ἐπὶ
2510 3818 2709 3890 μέρους
2744 3817 2839 3870 καὶ
2881 3817 3296 3888 περιεχομένοις
3327 3814 3422 3867 καὶ
3456 3813 3653 3876 ἰδικοῖς
3692 3828 3819 3895 πανο

2240 3908 2410 3973 τέλῶς
2450 3908 2860 3979 συνδιαιρεῐται.
2893 3905 2977 3959 Οὐ
2998 3905 3108 3975 γὰρ
3137 3903 3219 3976 ἔτι
3245 3903 3466 3972 γενικὸν
3495 3898 3641 3957 εἶναι
3668 3901 3818 3955 δύνα-

2241 4018 2331 4054 ται
2374 3999 2438 4055 τὸ
2493 3998 2567 4069 μὴ
2610 3999 2845 4066 συνάγον
2886 3996 2957 4049 τὰ
3006 3995 3314 4068 διῃρημένα
3360 3992 3637 4063 φυσικῶς,
3692 3991 3823 4045 ἀλλὰ

2245 4087 2722 4159 συνδιαιρούμενον
2773 4087 2977 4152 αὐτοῖς,
3016 4086 3111 4139 καὶ
3136 4084 3240 4153 τῆς
3269 4084 3481 4147 οἰκείας
3529 4083 3822 4153 μοναδικῆς

2244 4181 2497 4250 ἑνότητος
2550 4178 2924 4247 ἐξιστάμενον.
2968 4178 3083 4231 Πᾶν
3134 4175 3248 4247 γὰρ
3292 4173 3519 4245 γενικὸν
3558 4173 3708 4228 κατὰ
3736 4173 3821 4225 τὸν

2244 4273 2442 4325 οἰκεῖον
2476 4268 2635 4337 λόγον
2687 4269 2807 4322 ὅλον
2846 4267 3000 4331 ,ὅλοις
3036 4265 3364 4337 άδιαιρέτως
3398 4267 3516 4328 τοῖς
3563 4265 3664 4318 ὑπ’
3701 4264 3821 4317 αὐτὸ

564 4382 772 4428 nuntur
806 4374 1132 4429 naturaliter
1175 4390 1369 4446 cogere
1418 4380 1677 4446 nequeat,
1721 4377 1821 4432 sed
1858 4395 1970 4433 una
2015 4394 2141 4436 cum

2246 4360 2442 4423 ἑνικῶς
2486 4359 2815 4429 ἐνυπάρχει,
2849 4358 2947 4412 καὶ
2986 4358 3047 4412 τὸ
3073 4359 3118 4390 ⁸⁸
3158 4357 3283 4411 καθ’
3309 4356 3544 4409 ἕκαστον
3588 4355 3711 4408 ὅλον
3742 4356 3820 4446 ὲν-

562 4460 698 4532 ipsis
729 4467 1058 4533 secernitur,
1082 4475 1138 4521 et
1179 4467 1247 4522 de
1286 4468 1663 4539 singularitate
1696 4485 1794 4526 sua
1833 4480 1889 4526 et
1930 4472 2141 4529 unitate

566 4557 812 4612 decedat.
845 4557 1019 4613 Omne
1055 4558 1202 4613 enim
1246 4560 1499 4630 generale
1531 4562 1838 4617 secundum
1871 4579 2026 4618 suam
2053 4581 2142 4619 ra-

569 4650 773 4701 tionem
821 4656 995 4703 totum
1048 4650 1457 4707 indivisibiliter
1486 4652 1542 4707 in
1571 4652 1701 4708 totis
1743 4654 1847 4710 sibi
1878 4655 1980 4725 ipsi
2010 4655 2141 4710 sub-

563 4738 723 4810 jectis
766 4739 1117 4810 singulariter
1150 4741 1317 4808 inest,
1365 4753 1421 4798 et
1468 4744 1617 4813 quod
1666 4746 1896 4817 singulis
1926 4747 2147 4817 privum

572 4837 657 4883 est
683 4837 857 4884 totum
887 4840 1162 4899 spectatur
1190 4835 1542 4904 generaliter.
1572 4835 1797 4906 Species
1844 4847 2026 4893 autem
2063 4854 2149 4895 se-

570 4919 810 4973 cundum
840 4937 1014 4991 genus
1044 4924 1253 4993 pariter
1297 4923 1625 4981 diﬂ'erentire
1656 4928 1924 4983 varietate
1953 4929 2149 4986 solutae

570 5016 816 5062 mutuam
854 5010 1080 5080 capiunt
1128 5012 1494 5068 identitatem.
1545 5015 1835 5070 Individua
1880 5033 2015 5072 vero
2061 5034 2147 5072 se-

571 5099 812 5154 cundum
841 5102 1079 5170 speciem
1113 5111 1359 5157 mutuam
1394 5119 1581 5160 secum
1615 5106 1751 5176 ipsis
1780 5109 2155 5178 congregatio-

573 5204 696 5244 nem
727 5191 997 5261 capientia
1029 5208 1198 5247 unum
1232 5194 1487 5265 idemque
1517 5212 1642 5252 cum
1688 5197 1820 5267 ipsis
1854 5198 2001 5254 inter
2032 5187 2153 5256 sese

577 5275 779 5350 ubique
804 5290 1078 5351 constant,
1114 5293 1323 5341 naturae
1351 5288 1745 5344 communitate
1787 5290 2149 5353 immutabili—

2248 4454 2537 4526 θεωρεῖται
2570 4450 2825 4516 γενικῶς.
2854 4449 2936 4503 Τὰ
2957 4448 3017 4502 δὲ
3044 4449 3156 4519 είδη
3187 4449 3335 4502 κατά
3364 4447 3622 4515 τὸγένος
3649 4444 3820 4498 ὡσαύ-

2246 4561 2353 4608 τως
2378 4543 2482 4614 τῆς
2521 4543 2580 4595 ὲν
2623 4544 2689 4612 τῇ
2736 4541 2972 4612 διαφορᾷ
3022 4539 3301 4602 ποικιλίας
3342 4537 3688 4592 ἀπολυθέντα
3730 4534 3819 4602 τὴν

2247 4635 2384 4708 πρὸς
2415 4634 2621 4704 ἄλληλα
2649 4633 2956 4702 ταύτότητα
2991 4632 3227 4702 δέχεται.
3255 4629 3342 4683 Τὰ
3380 4629 3565 4700 ἄτομα
3592 4628 3651 4680 δὲ
3689 4626 3819 4680 κατὰ

2249 4726 2314 4781 τό
2352 4722 2492 4789 εἶδος
2519 4726 2619 4797 τὴν
2648 4724 2786 4797 πρὸς
2817 4722 3021 4794 ἄλληλα
3053 4723 3319 4792 δεχόμενα
3346 4721 3629 4791 σύμϐασιν
3654 4719 3713 4772 ἓν
3737 4716 3819 4772 καὶ

2250 4818 2445 4871 ταύτὸν
2486 4816 2737 4887 ἀλλήλοις
2785 4815 2964 4884 πάντη
3010 4813 3342 4883 καθέστηκε,
3373 4815 3439 4883 τῇ
3481 4813 3727 4882 ὁμοφυῖᾳ
3767 4807 3820 4860 τ)

2253 4907 2681 4977 ἀπαράλλακτον
2735 4905 2928 4976 ἔχοντα
2962 4904 3056 4959 καὶ
3096 4904 3361 4974 διαφορᾶς
3399 4904 3589 4973 πάσης
3618 4901 3821 4956 ἐλεύθε-

2253 5016 2368 5072 ρον.
2390 4999 2471 5053 Τὰ
2496 4998 2553 5052 δὲ
2589 5015 2651 5051 συ
2660 4996 2975 5069 μόεόηκότα
3017 4993 3156 5048 κατὰ
3178 4994 3237 5047 τὸ
3261 4993 3638 5064 ὑποκείμενον
3672 4992 3821 5059 ἀλλή-

2250 5091 2362 5155 λοις
2404 5089 2770 5159 συγκριθέντα
2809 5088 2872 5142 τὸ
2912 5089 3113 5141 ἑνιαῖον
3160 5084 3276 5155 ἔχει
3302 5123 3318 5148 ,
3361 5083 3444 5154 τῷ
3487 5081 3824 5152 ὑποκειμένῳ

2250 5179 2529 5242 παντελῶς
2569 5179 2646 5249 μὴ
2690 5176 3143 5246 σκεδαννύμενον.
3187 5174 3302 5227 Καὶ
3363 5174 3581 5244 μάρτυς
3629 5170 3823 5227 τούτων

2246 5270 2483 5342 ἀψευδὴς
2508 5270 2763 5342 όάληθὴς
2799 5268 3086 5341 θεηγόρος,
3116 5268 3147 5320 ὁ
3193 5266 3372 5336 μέγας
3403 5266 3503 5319 καὶ
3531 5264 3686 5332 ἆγιος
3717 5265 3823 5312 Διο-

1841 5447 2076 5503 νΑΒΙᾹΞ
2119 5449 2523 5506 LECTIONES.

654 5546 1026 5637 _Gud.
1059 5569 1088 5606 a
1114 5570 1186 5608 m.
1222 5557 1475 5637 prhabet
1504 5560 1769 5637 ἀπέδειξε.
1866 5562 1912 5593 ⁸⁸
1947 5562 2158 5637 ln_cod.
2199 5563 2341 5618 Gud.
2382 5573 2560 5621 exstat
2606 5530 2896 5637 ἐνυπάρχεί
2928 5553 3427 5629 πραγματειωδῶς,
3471 5554 3679 5619 acutae,
3703 5555 3827 5607 cett.

582 5607 767 5670 Dclcvi
796 5633 915 5673 voc.
959 5607 1441 5696 πραγματέιωδῶς,
1473 5607 1618 5700 quod
1652 5607 1920 5701 glossema
1949 5632 2167 5689 videtur
2189 5649 2330 5690 csse.
