4038 6146
320 298 455 369 1313

1560 304 2078 367 AMBIGUORUM
2116 306 2370 369 LIBER.

3441 313 3582 382 13H

317 416 499 477 νύσιος
526 414 555 467 ὁ
585 402 1000 484 ’Άρεοπαγίτης,
1032 414 1093 468 έν
1120 403 1195 481 τῷ
1244 415 1373 487 περὶ
1407 416 1618 471 τελείου
1657 419 1752 472 καὶ
1778 419 1898 483 ὲνδς

2002 429 2166 475 tatem
2199 422 2392 476 sortita
2433 427 2490 474 et
2511 420 2664 475 'omni
2700 437 2729 476 a
2758 420 3077 480 diversitate
3120 410 3448 484 libertatem.
3478 433 3586 487 Ac-

318 504 600 576 κεφαλαίῳ
610 508 710 576 τῆς
722 505 860 574 Περὶ
876 507 1050 560 θείων
1062 505 1367 575 ὀνομάτων
1387 512 1770 579 πραγματείας
1789 508 1903 582 (55)

316 596 517 648 obtinui.
546 597 794 664 φάσκωψ
823 614 841 647 ι
870 594 1003 649 Οὐδὲ
1030 596 1137 669 γάρ
1165 597 1281 673 ἐστι
1312 597 1513 668 πλῆθος
1536 599 1798 669 ἀμέτοχόν
1827 619 1902 672 πη

316 684 410 738 τοῦ
435 684 575 749 ἑνὸς,
597 684 733 738 ἀλλὰ
777 685 838 738 τὸ
875 685 973 756 μὲν
993 685 1163 739 πολλὰ
1190 689 1301 751 τοῖς
1329 687 1551 759 μέρεσιν
1578 688 1637 743 ἓν
1670 691 1748 761 τῷ
1777 690 1904 761 ὅλῳ,

316 773 412 828 καὶ
461 774 524 828 τδ
560 774 732 829 πολλὰ
764 777 877 838 τοῖς
909 776 1317 847 συμϐεϐηκόσιν
1343 778 1401 830 ἒν
1431 779 1507 850 τῷ
1533 781 1901 853 ὑποκειμένῳ,

316 866 413 920 καὶ
441 867 500 919 τὸ
531 867 701 921 πολλὰ
722 866 802 937 τῷ
818 867 1035 938 ἀριθμῷ
1055 866 1086 939 ἢ
1104 870 1224 931 ταῖς
1238 869 1528 940 δυνάμεσιν
1561 872 1618 923 ἓν
1643 872 1721 942 τῷ
1748 873 1900 937 εἴδει,

313 958 408 1010 καὶ
437 957 496 1009 τὺ
523 957 690 1011 πολλᾶ
713 959 822 1019 τοῖς
866 958 1061 1010 εἴδεσιν
1108 956 1166 1009 ἓν
1221 958 1298 1028 τῷ
1331 960 1597 1027 γένει,καὶ
1643 963 1705 1016 τὸ
1735 963 1906 1016 πολλὰ

316 1047 438 1108 ταῖς
467 1045 711 1113 προόδοις
753 1045 810 1098 ἓν
835 1047 901 1115 τῇ
933 1045 1096 1114 ἀρχῇ,
1120 1047 1217 1100 καὶ
1242 1048 1393 1101 οὐδέν
1425 1050 1544 1102 ἐστι
1574 1051 1680 1103 τῶν
1732 1052 1903 1106 ὄντων

313 1135 344 1190 ὃ
390 1136 465 1206 μὴ
509 1136 724 1205 μετέχει
770 1152 847 1205 πη
895 1134 991 1188 τοῦ
1025 1136 1161 1198 ἑνός.
1202 1155 1221 1187 ι
1258 1139 1368 1190 Καὶ
1397 1138 1616 1206 ἁπλῶς,
1650 1141 1739 1195 ἵνα
1770 1159 1900 1195 συν-

312 1223 452 1279 ελὼν
496 1224 658 1288 είπω,
716 1226 937 1279 πάντων
978 1224 1090 1279 τῶν
1140 1225 1489 1297 διῃρημένων
1519 1228 1615 1282 καὶ
1661 1231 1904 1300 μερικῶν

312 1319 362 1371 oi
405 1316 556 1385 λόγοι
601 1318 714 1378 τοῖς
747 1316 856 1369 τῶν
882 1315 1114 1369 καθόλου
1168 1318 1262 1370 καὶ⁵
1314 1318 1567 1386 γενικῶν,
1620 1318 1697 1383 ῶς
1744 1337 1900 1390 φασι,

314 1408 664 1479 περιέχονται
718 1406 919 1476 λόγοις,
945 1407 1041 1460 καὶ
1079 1408 1206 1472 τοὺς
1247 1408 1348 1478 μὲν
1386 1409 1495 1463 τῶν
1526 1413 1902 1483 γενικωτέρων

312 1501 407 1553 καὶ
431 1498 876 1568 καθολικωτέρων
895 1497 1085 1566 λόγους
1102 1498 1206 1551 ὑπὸ
1223 1501 1322 1571 τῆς
1347 1501 1540 1570 σοφίας
1559 1501 1913 1572 συνέχεσθαι,.

311 1592 437 1652 τοὺς
455 1589 514 1642 δὲ
536 1590 644 1644 τῶν
671 1588 912 1660 μερικῶν
942 1588 1127 1659 (225
1145 1589 1199 1660 a)
1225 1591 1483 1653 ποικίλως
1508 1595 1618 1655 τοῖς
1630 1593 1737 1644 τῶν
1763 1609 1904 1661 γενι-

314 1681 428 1735 κῶν
455 1681 845 1752 ὲνισχημένους
890 1680 996 1733 ὑπὸ
1042 1679 1143 1750 τῆς
1184 1682 1503 1751 φρονήσεως
1526 1683 1899 1753 περιέχεσθαι,

314 1770 437 1825 καθ’
461 1771 527 1841 ἢν
552 1769 883 1840 ἁπλούμενοι
911 1769 1200 1840 πρότερον,
1233 1770 1326 1823 καὶ
1358 1771 1456 1841 τὴν
1478 1772 1537 1824 ὲν
1564 1774 1676 1836 τοῖς
1711 1773 1894 1843 πράγ-
1932 1757 1973 1811 Β

316 1877 451 1932 μασι
467 1863 580 1924 τοῖς
607 1860 986 1930 ὑποκειμένοις
1010 1860 1338 1925 ἀπολύοντες
1358 1861 1692 1932 συμϐολικὴν
1717 1879 1899 1916 ποικι-

308 1950 452 2015 λίαν,
479 1952 695 2023 ὑπὸτῆς
712 1951 904 2021 σοφίας
926 1952 1213 2019 ἑνίζενται,
1237 1952 1338 2023 τὴν
1360 1953 1444 2015 είς
1463 1954 1770 2023 ταύτότητα
1786 1955 1900 2016 τοῖς

309 2040 696 2111 γενικωτέροις
725 2043 1004 2113 συμφυΐαν
1028 2043 1331 2113 δεξάμενοι.
1353 2043 1522 2113 Σοφία
1549 2043 1605 2097 δὲ
1637 2045 1731 2097 τοῦ
1760 2044 1897 2098 Θεοῦ
1924 2049 1927 2051 “

309 2136 404 2189 καὶ
436 2136 649 2206 Πατρός
672 2136 774 2189 καὶ
796 2136 1059 2208 φρόνησίς
1082 2139 1230 2192 ἐστιν
1254 2141 1281 2192 ό
1303 2138 1506 2210 Κύριος
1540 2140 1891 2210 ἸησοῦςΧρι-

312 2223 457 2287 στὺς,
491 2224 520 2276 ό
559 2226 653 2277 καὶ
687 2226 755 2278 τὰ
786 2225 1019 2280 καθόλου
1060 2228 1168 2281 τῶν
1197 2226 1371 2282 ὄντων
1423 2230 1669 2299 συνέχων
1695 2233 1762 2302 τῇ
1805 2231 1897 2284 δυ-

308 2314 474 2384 νάμει
524 2315 624 2385 τῆς
686 2317 900 2386 σοφίας,
959 2317 1051 2372 καὶ
1098 2318 1167 2372 τὰ
1221 2320 1657 2392 συμπληρωτικὰ
1688 2323 1894 2379 τούτων

314 2405 455 2476 μέρη
486 2406 756 2477 περιέχων
783 2410 848 2480 τῇ
881 2410 1143 2480 φρονήσει
1163 2409 1263 2480 τῆς
1286 2411 1555 2476 συνέσεως
1582 2412 1658 2478 ὡς
1677 2414 1897 2468 πάντων

313 2494 475 2564 φύσει
528 2497 863 2570 δημιουργὸς
892 2499 986 2577 καὶ
1028 2500 1355 2572 προνοητὴς,
1380 2503 1475 2556 καὶ
1509 2503 1588 2567 είς
1635 2503 1695 2557 ἓν
1746 2505 1895 2571 ἄγων

310 2583 380 2637 τὰ
401 2583 665 2640 διεστῶτα
691 2587 758 2641 δι’
786 2586 1002 2655 ἑαυτοῦ,
1022 2589 1119 2642 καὶ
1135 2588 1225 2641 τὸν
1255 2592 1313 2643 ἐν
1330 2592 1441 2654 τοῖς
1458 2585 1578 2645 οὖσι
1608 2590 1894 2644 καταλύων

315 2676 573 2747 πόλεμον,
604 2679 699 2733 καὶ
729 2679 865 2751 πρὸς
887 2681 1173 2752 εἰρηνικὴν
1228 2681 1412 2750 φιλίαν
1455 2682 1526 2736 τὰ
1576 2683 1758 2736 πάντα
1798 2684 1894 2737 καὶ

316 2766 624 2840 ἀδιαίρετον
654 2771 889 2826 συνδέων
919 2772 1190 2843 ὁμόνοιαν,
1211 2772 1281 2827 τὰ
1312 2774 1498 2837 ἐντοῖς
1528 2774 1775 2844 οὐρανοῖς
1798 2775 1893 2827 καὶ

274 2894 277 2899 -
312 2860 381 2959 τδι
436 2861 531 2913 ἐπὶ
561 2863 663 2932 τῆς
704 2862 828 2935 γῆς,
859 2863 1041 2929 καθώς
1081 2882 1244 2935 φησιν
1284 2867 1312 2919 ό
1369 2866 1510 2930 θεῖος
1548 2867 1891 2929 Ἀπόστολος.

2007 511 2247 567 cidentia
2299 527 2431 567 vero
2486 512 2792 568 secundum
2841 514 3149 585 subjectum
3192 518 3426 574 invicem
3477 519 3587 576 sibi

2005 609 2262 658 concreta
2293 602 2570 672 singulare
2598 603 2877 673 quoddam
2910 600 3118 660 habent
3146 607 3292 676 quod
3337 610 3589 681 subjecto

2006 694 2233 749 minime
2280 693 2600 763 dissipetur.
2654 694 2833 765 Atque
2881 697 3039 752 testis
3089 699 3286 755 horum
3340 702 3591 772 locuples

2003 798 2173 838 verax
2211 800 2275 840 ac
2300 784 2523 840 divinus
2542 793 2698 840 vates
2738 802 2969 857 magnus
2998 787 3090 845 ille
3117 797 3173 845 et
3198 800 3420 847 sanctus
3460 794 3587 847 Dio-

2003 876 2196 946 nysius
2227 876 2383 930 adest
2415 874 2763 947 Areopagita,
2811 878 2866 932 in
2901 880 3079 949 capite
3124 880 3191 936 de
3237 882 3489 951 perfecto
3530 894 3586 940 et

2004 981 2118 1021 uno
2157 968 2342 1037 operis
2372 964 2448 1021 De
2471 969 2661 1022 divinis
2694 968 2989 1023 nominibus
3013 972 3307 1041 conscripti
3343 974 3423 1027 sic
3466 974 3582 1029 dis-

2003 1064 2246 1127 putans:
2283 1076 2302 1109 ‹
2337 1058 2526 1128 Neque
2566 1059 2713 1113 enim
2747 1059 3046 1115 multitudo
3086 1061 3315 1118 unitatis
3360 1063 3582 1133 quidem

2002 1163 2202 1216 expers
2233 1157 2338 1213 est,
2370 1147 2480 1203 imo
2513 1145 2661 1218 quod
2692 1151 2861 1204 multa
2894 1158 2979 1206 est
3018 1150 3270 1220 partibus
3297 1168 3467 1206 unum
3498 1166 3581 1209 est

2004 1236 2059 1290 in
2094 1244 2231 1300 toto,
2262 1237 2521 1307 quodque
2549 1239 2718 1293 multa
2759 1246 2843 1293 est
2871 1240 3273 1305 accidentibus,
3298 1258 3467 1296 unum
3499 1251 3593 1298 est

2003 1325 2060 1378 in
2094 1326 2366 1396 subjecto,
2413 1328 2673 1397 quodque
2715 1321 2887 1383 multa
2930 1346 3163 1385 numero
3192 1331 3308 1386 sive
3345 1315 3586 1402 potesta-

2001 1412 2172 1479 tibus,
2200 1428 2369 1468 unum
2395 1422 2479 1469 est
2511 1414 2569 1473 in
2614 1415 2820 1483 specie,
2862 1415 3119 1485 quodque
3146 1412 3315 1470 multa
3342 1426 3426 1471 est
3458 1433 3584 1486 spe-

2002 1503 2194 1557 ciebus
2226 1519 2394 1556 unum
2425 1511 2509 1557 est
2538 1502 2593 1556 in
2624 1514 2848 1573 genere,
2882 1504 3141 1573 quodque
3187 1507 3359 1559 multa
3384 1516 3471 1560 est
3504 1508 3586 1561 in-

1970 1595 2318 1658 crementis,
2351 1608 2521 1647 unum
2552 1602 2639 1648 est
2680 1595 2737 1648 in
2778 1594 3072 1664 principio,
3120 1596 3445 1665 nullumque
3490 1612 3586 1651 eo-

2003 1694 2124 1736 rum
2160 1698 2281 1751 quze
2315 1683 2587 1762 exsistunt
2636 1699 2869 1753 usquam
2919 1692 3015 1738 aut
3064 1701 3306 1755 unquam
3361 1685 3585 1741 unitatis

2001 1779 2088 1835 est
2117 1788 2333 1842 expers.
2366 1792 2384 1825 ι
2418 1773 2596 1843 Atque
2632 1774 2980 1842 simpliciter,
3014 1784 3075 1831 ut
3109 1776 3352 1830 breviter
3377 1777 3580 1840 dicam,

1999 1864 2248 1917 omnium
2300 1864 2686 1919 distinetarum
2743 1873 2801 1918 et
2860 1861 3276 1933 particularium
3342 1868 3583 1921 rationes

1999 1955 2398 2010 univcrsalium
2426 1962 2484 2009 et
2525 1954 2883 2025 generalium,
2920 1962 2979 2009 ut
3015 1956 3224 2020 dicunt,
3273 1956 3583 2021 rationibus

1999 2044 2584 2115 comprehenduntur,
2640 2045 2735 2099 ita.
2768 2044 2989 2114 quidem
3047 2053 3107 2098 ut
3173 2046 3583 2115 generaliorum

1993 2137 2277 2208 magisque
2307 2136 2699 2191 universalium
2730 2137 2971 2190 rationes
3010 2152 3041 2190 a
3077 2136 3369 2204 sapientia,
3405 2135 3579 2204 parti-ﬁ

1995 2228 2260 2284 cularium
2288 2237 2477 2283 contra
2508 2227 2817 2283 rationibus
2844 2226 3181 2297 generalium
3214 2226 3364 2279 varie
3403 2226 3581 2280 iuliae-

1996 2319 2236 2374 renlium
2288 2319 2529 2384 rationes
2576 2335 2609 2373 a
2653 2318 2944 2389 prudentia
2998 2316 3581 2387 comprehendantur,

1996 2424 2105 2483 qua
2159 2410 2433 2482 explicitas
2494 2410 2648 2480 prius
2696 2409 3108 2481 symbolicaque
3158 2409 3215 2463 in
3266 2407 3583 2463 actionibus

1995 2503 2259 2574 subjectis
2287 2504 2555 2558 varietate
2586 2504 2765 2557 soluta
2796 2517 2826 2556 a
2869 2501 3138 2571 sapientia
3173 2502 3228 2555 in
3274 2515 3443 2555 unum
3479 2514 3601 2578 εο-⁵

1994 2602 2220 2663 guntur,
2256 2594 2311 2648 in
2345 2594 2689 2648 identitatem
2721 2608 2845 2648 cum
2895 2592 3333 2663 generalioribus
3376 2605 3578 2660 cogna-

1996 2683 2204 2738 tionem
2248 2679 2479 2754 ade'ptaa.
2510 2683 2791 2754 Sapientia
2825 2691 3008 2737 autem
3041 2683 3134 2736 Dei
3187 2697 3251 2736 ac
3297 2680 3476 2736 Patris
3520 2687 3580 2734 et

1997 2774 2291 2843 prudentia
2330 2783 2418 2830 est
2460 2775 2724 2830 Dominus
2765 2775 2926 2831 Jesus
2972 2773 3248 2837 Christus,
3277 2772 3371 2842 qui
3410 2770 3577 2825 etiam

1997 2865 2331 2921 universalia
2377 2882 2570 2922 eorum
2615 2883 2738 2937 qua:
2797 2874 2926 2922 sunt
2972 2866 3255 2936 sapientia:
3305 2871 3578 2934 potestate

313 2952 580 3033 éontinet,
610 2965 667 3010 et
691 2955 1048 3025 completivas
1077 2956 1272 3011 borum
1299 2965 1487 3027 partes
1514 2957 1889 3028 intelligentiae
1925 2952 2215 3026 prudentia
2284 2957 2722 3028 comprehendit,
2757 2969 2820 3013 ut
2885 2968 3209 3013 cunctorum
3252 2957 3581 3012 naturaliter

315 3051 511 3106 artifex
550 3057 714 3120 atque
743 3049 1016 3119 provisor,
1042 3049 1209 3119 inque
1240 3065 1410 3104 unum
1469 3064 1805 3121 congregans
1858 3063 1964 3119 per
1999 3046 2355 3118 semetipsum
2382 3064 2446 3103 ea
2477 3065 2601 3119 quae
2642 3049 2868 3111 distant,
2901 3064 2967 3104 ac
2998 3049 3203 3103 bellum
3250 3048 3426 3103 in'eis
3448 3064 3581 3119 quae

314 3143 586 3199 exsistunt
618 3140 941 3213 proﬂigans,
977 3149 1034 3196 et
1099 3140 1169 3196 ad
1229 3142 1527 3211 paciﬁcum
1594 3157 1839 3197 amorem
1873 3140 2407 3211 inseparabilemque
2453 3141 2805 3226 concordiam
2839 3148 3037 3197 cuncta
3077 3148 3434 3207 connectens,
3465 3149 3579 3196 tam

317 3250 440 3308 quae
484 3236 538 3290 in
582 3234 742 3290 cmlis
785 3249 949 3304 quam
990 3248 1113 3304 quae
1154 3234 1211 3311 in
1244 3241 1392 3290 terra
1429 3235 1479 3301 ε,
1506 3241 1569 3289 ut
1614 3233 1692 3290 ait
1723 3233 1945 3290 divinus
1982 3232 2313 3303 Apostolus;

548 3403 746 3479 ’Ἄλλη
771 3412 861 3478 είς
886 3411 955 3466 τὸ
983 3409 1130 3465 αὐτὸ
1153 3409 1384 3480 ἄπορον
1414 3411 1649 3479 θεωρία.
1916 3420 1961 3480 c

390 3521 860 3594 Καινοτομοῦνται
887 3522 1050 3577 πάλιν
1075 3522 1131 3576 αί
1161 3520 1376 3591 φύσεις,
1404 3520 1504 3591 τῆς
1536 3522 1635 3591 μὲν
1658 3521 1811 3586 θείας
1828 3523 1895 3577 δι’

320 3614 634 3687 ἁγαθότητα
661 3615 758 3667 καὶ
784 3614 1199 3685 φιλανθρωπίαν
1217 3613 1458 3683 ἄμετρον
1484 3613 1585 3681 τῆς
1603 3613 1728 3667 καθ’
1751 3616 1898 3685 ἡμᾶς

321 3704 460 3759 κατὰ
487 3705 706 3776 θέλησιν
731 3705 976 3759 ἑκούσιον
1002 3705 1276 3774 σαρκικῆς
1301 3702 1595 3773 ὑπερφυῶς
1623 3706 1894 3776 ἀνεχομέα

322 3811 419 3864 νης
436 3795 484 3827 ’³
512 3797 842 3867 γεννήσεως,
865 3799 966 3865 τῆς
995 3796 1272 3867 ἡμετέρας
1292 3796 1349 3849 δὲ
1375 3796 1694 3866 παραδόξοις
1725 3798 1895 3852 ἄσπο-

322 3900 415 3957 ρον
434 3885 512 3954 τῷ
538 3884 879 3957 σαρκωθέντι
901 3884 1022 3956 Θεῷ
1049 3884 1185 3955 ξένῳ
1204 3884 1357 3956 παρὰ
1387 3884 1487 3956 τὴν
1517 3885 1680 3955 φύσιν
1706 3885 1894 3958 θεσμῷ

286 3983 293 3991 ‘
320 3977 420 4043 τὴν
464 3976 698 4045 λογικῶς
738 3975 1103 4049 ὲψυχωμένην
1134 3975 1491 4048 γεωργούσης
1524 3977 1725 4046 σάρκα,
1756 3978 1896 4031 κατὰ

320 4068 499 4120 πάντα
525 4067 625 4139 τὴν
659 4066 826 4137 αὐτὴν
853 4067 984 4137 ἡμῖν
1004 4063 1168 4121 οὖσαν
1190 4066 1284 4118 καὶ
1298 4065 1716 4137 ἀπαράλλακτον
1727 4067 1895 4136 χωρὶς

319 4159 618 4228 ἁμαρτίας,
648 4158 742 4212 καὶ
758 4158 819 4211 τὸ
837 4158 901 4228 δὴ
927 4157 1380 4230 παραδοξότερον,
1411 4157 1576 4229 μηδὲν
1601 4156 1696 4210 τοῦ
1719 4157 1891 4222 νόμου

318 4247 419 4317 τῆς
451 4248 749 4318 παρθενίας
769 4248 868 4318 τῆς
899 4246 1197 4318 γενομένης
1234 4247 1443 4317 μητρὸς
1470 4246 1557 4301 διὰ
1576 4249 1672 4316 τῆς
1700 4247 1894 4317 γεννή-

261 4386 268 4415 ζ
322 4355 460 4401 σεως
477 4339 536 4391 τὸ
574 4337 791 4392 σύνολον
814 4339 1159 4410 μειωθέντος.
1185 4338 1594 4408 Καινοτομίαδὲ
1611 4338 1813 4408 κυρίως
1833 4339 1893 4391 οὐ

324 4431 484 4499 μόνον
501 4434 563 4483 τὸ
585 4431 913 4502 γεννηθῆναι
946 4430 1212 4502 χρονικῶς
1237 4430 1377 4484 κατὰ
1404 4431 1583 4501 σάρκα
1618 4431 1710 4483 τὸν
1729 4432 1896 4503 ἀνάρι-

222 4568 225 4571 .
322 4540 432 4595 χως
458 4523 559 4592 ἤδη
573 4523 969 4592 γεγεννημένον
984 4521 1276 4591 ἀφράστως
1294 4522 1359 4573 ὲκ
1374 4521 1468 4574 τοῦ
1500 4518 1636 4574 Θεοῦ
1659 4520 1753 4574 καὶ
1780 4523 1893 4574 Πα-

321 4611 449 4682 τρὸς
467 4612 599 4665 Θεὸν
627 4610 823 4679 Λόγον,
846 4610 981 4666 ἀλλὰ
1006 4612 1101 4665 καὶ
1131 4610 1191 4664 τὸ
1226 4611 1406 4664 δοῦναι
1440 4612 1617 4682 σάρκα
1644 4612 1742 4681 τὴν
1762 4614 1896 4681 ἠμε-

318 4702 486 4772 τέραν
512 4701 674 4770 φύσιν
699 4701 826 4756 ἄνευ
851 4702 1080 4771 σπορᾶς.
1098 4702 1189 4755 καὶ
1205 4701 1267 4754 τὸ
1283 4703 1457 4754 τεκεῖν
1483 4700 1749 4771 παρθένον
1767 4702 1892 4755 ἄνευ

321 4792 546 4864 φθορᾶς.
603 4792 823 4846 Τούτων
876 4792 982 4863 γὰρ
1035 4791 1263 4845 ἕκαστον
1321 4792 1562 4861 φανερὰν
1618 4791 1739 4861 ἕχον
1793 4791 1890 4862 τὴν
1922 4773 1967 4825 D

320 4883 671 4953 καινοτομίαν
710 4885 800 4937 τὸν
832 4883 951 4937 καθ’
980 4882 1038 4934 ὃν
1081 4884 1306 4951 γέγονεν
1338 4882 1518 4952 (225
1555 4883 1605 4952 b)
1654 4884 1890 4955 ἄρρητόν

320 4990 379 5025 τε
394 4975 489 5026 καὶ
514 4974 794 5041 ἄγνωστον
828 4973 985 5039 λόγον
1012 4972 1292 5034 παντελῶς
1310 4973 1719 5042 ἀποκρύπτεται
1749 4973 1889 5027 κατὰ

322 5064 519 5116 ταύτὸν
547 5065 642 5118 καὶ
685 5062 1059 5125 ἀποδείκνυσι,
1100 5062 1163 5115 τὸ
1196 5062 1294 5131 μὲν
1323 5062 1400 5134 τῷ
1427 5062 1569 5132 ὑπὲρ
1605 5061 1767 5131 φύσιν
1794 5065 1888 5117 καὶ

321 5153 523 5222 γνῶσιν
553 5154 759 5225 τρόταρ,
797 5155 857 5205 τὸ
894 5152 948 5205 δὲ
973 5153 1208 5223 τῷλόγῳ
1232 5152 1333 5221 τῆς
1362 5154 1617 5216 πίστεως,
1651 5144 1888 5221 ᾧπάντα

321 5246 389 5299 τὰ
435 5247 576 5317 ὑπὲρ
608 5246 768 5315 φύσιν
831 5244 927 5299 καὶ
991 5245 1192 5311 γνῶσιν
1245 5246 1565 5299 ἁλίσκεσθαι
1624 5245 1889 5313 πέφυκεν.

397 5359 423 5397 ⁸
454 5354 661 5412 Coloss.
703 5373 740 5421 ι,
774 5355 865 5409 20.
956 5402 957 5405 η

2117 3411 2301 3467 Altera
2325 3412 2382 3465 in
2408 3409 2646 3464 eamdem
2678 3408 3019 3479 quaestionem
3055 3403 3450 3475 contemplatio.

2016 3570 2024 3579 .
2066 3519 2405 3576 lnnovantur
2436 3532 2629 3573 rursus
2655 3523 2890 3579 naturae,
2924 3513 3130 3579 divina,
3163 3528 3288 3567 cum
3321 3512 3389 3567 de
3418 3512 3578 3593 boni-

1995 3619 2106 3666 tate
2155 3619 2211 3666 et
2265 3610 2531 3666 charitate
2581 3609 2847 3663 immensa
2899 3606 3116 3678 legibus
3168 3615 3380 3660 natura:
3429 3604 3579 3659 solu‘

1996 3700 2066 3755 tis
2100 3709 2297 3771 sponte
2343 3717 2443 3770 per
2485 3715 2707 3755 carnem
2755 3699 3050 3753 humanam
3090 3696 3338 3767 generari
3378 3695 3578 3762 voluit,

1995 3788 2206 3859 nostra,
2242 3808 2368 3849 cum
2414 3791 2795 3847 admirandum
2844 3790 2897 3844 in
2942 3786 3164 3845 modum
3207 3805 3426 3844 carnem
3461 3804 3575 3842 non

1994 3894 2189 3950 satam,
2237 3899 2358 3954 qua:
2397 3898 2625 3954 prorsus
2666 3897 2791 3937 cum
2826 3889 3012 3939 nostra
3047 3880 3304 3936 convenit
3334 3896 3435 3934 nec
3464 3878 3573 3933 nisi

1994 3975 2101 4031 hoc
2131 3991 2258 4035 .uno
2290 3974 2358 4030 ab
2394 3990 2460 4029 ea
2503 3974 2690 4029 differt
2724 3973 2870 4043 quod
2900 3981 3185 4042 peccatum
3225 3987 3333 4025 non
3370 3970 3575 4040 capiat,

1996 4067 2340 4122 rationaliter
2377 4066 2674 4122 animatum
2721 4064 2901 4120 alieno
2940 4071 3138 4133 pnnter
3171 4053 3423 4116 naturam
3452 4062 3575 4116 vin-

1995 4157 2121 4212 culo
2147 4152 2262 4211 Deo
2287 4155 2379 4226 qui
2405 4169 2535 4210 caro
2561 4157 2737 4210 iactus
2765 4161 2849 4210 est
2870 4153 3150 4217 conciliet,
3175 4151 3431 4222 quodque
3460 4167 3575 4204 ma-

1995 4249 2077 4319 gis
2108 4247 2491 4303 admirandum
2540 4256 2643 4310 est,
2694 4246 2768 4300 ita
2811 4243 3090 4309 conciliet,
3138 4251 3199 4297 ut
3241 4242 3583 4313 virginitatis

1995 4340 2116 4410 ejus
2143 4354 2263 4409 quae
2288 4347 2464 4393 mater
2489 4354 2589 4408 per
2611 4338 3021 4408 generationem
3057 4335 3195 4390 facta
3242 4343 3326 4388 est
3366 4348 3583 4403 nequa:

1995 4444 2158 4498 quam
2189 4427 2509 4482 violaretur.
2546 4425 2829 4480 lnnovatio
2861 4424 3041 4479 autem
3076 4411 3298 4494 proprie
3336 4432 3419 4478 est
3460 4438 3577 4478 non

1997 4508 2174 4573 Solum
2206 4518 2353 4589 quod
2391 4518 2437 4573 is
2467 4517 2563 4587 qui
2592 4516 2709 4572 sine
2732 4516 3005 4587 principio
3030 4514 3291 4570 ineﬁ‘abili
3321 4513 3483 4568 modo
3505 4528 3576 4568 ex

1995 4610 2109 4664 Deo
2137 4625 2202 4664 ac
2228 4611 2390 4676 Patre
2423 4610 2569 4665 Deus
2595 4608 2792 4664 Sermo
2826 4609 2936 4679 jam
2967 4615 3261 4679 generatus
3284 4614 3403 4661 erat
3439 4615 3579 4661 teme

1997 4704 2261 4773 poraliter
2291 4703 2345 4757 in
2391 4718 2554 4757 carne
2595 4710 2885 4773 generatus
2914 4709 3020 4763 est,
3064 4700 3155 4753 sed
3204 4699 3310 4753 hoc
3351 4694 3591 4769 quoque

1996 4793 2145 4863 quod
2170 4803 2356 4848 nostra
2382 4803 2579 4848 natura
2609 4809 2827 4849 carnem
2857 4792 2975 4847 sine
3000 4791 3206 4846 semine
3241 4790 3490 4861 prmbuit,
3517 4798 3579 4846 εὖ

1997 4885 2144 4955 quod
2175 4886 2329 4957 virgo
2354 4886 2612 4940 inviolata
2636 4885 2870 4955 peperit.
2898 4883 3103 4938 Horum
3136 4883 3282 4937 enim
3314 4881 3580 4952 quodque

1996 4976 2338 5032 manifestam
2372 4977 2670 5047 praeferens
2701 4968 3106 5030 innovationem
3144 4991 3251 5044 qua
3295 4983 3456 5027 natus
3502 4972 3574 5027 sit

1997 5068 2269 5122 rationem
2300 5083 2553 5123 arcanam
2596 5077 2759 5137 atque
2800 5065 3131 5136 incognitam
3178 5065 3401 5119 omnino
3432 5062 3574 5118 celat

1997 5158 2207 5229 pariter
2241 5168 2404 5227 atque
2441 5158 2801 5223 demonstrat,
2834 5158 3067 5212 alterum
3116 5155 3279 5210 modo
3321 5162 3578 5207 naturam

2001 5261 2165 5321 atque
2199 5250 2563 5322 cognitionem
2589 5258 2904 5320 superante,
2932 5249 3162 5304 alterum
3204 5245 3327 5301 tidei
3362 5243 3581 5299 ratione

1591 5453 1820 5509 νΑιιιλΕ
1865 5454 2267 5513 ΙΑΕΟΤιΟΝΕΒ.

393 5541 443 5575 ⁵³
471 5543 529 5597 In
560 5544 872 5615 apograpbo
901 5552 1078 5599 exstat
1110 5544 1452 5616 aversam.

396 5657 508 5729 ('55)
541 5646 762 5732 Dionis.
796 5662 999 5732 Areop.
1040 5662 1115 5718 De
1160 5667 1323 5722 divin.
1373 5672 1598 5735 nontitt.,
1655 5671 1885 5740 cap.15,

1998 5672 2027 5738 Β,
2060 5686 2116 5742 p.
2145 5667 2276 5737 εει,
2316 5679 2449 5724 tem.
2477 5667 2665 5738 LOpp.
2698 5667 2786 5724 ed.
2820 5667 2960 5722 Ven.
