4038 6146
506 270 644 338 1Ἠ5

1670 275 1733 336 S.
1775 275 2061 335 MAXIMI
2100 276 2607 344 CONFESSORIS

3712 269 3850 335 1316

504 397 614 450 qua
645 381 988 451 quaecunque
1032 388 1285 436 naturam
1321 388 1485 451 atque
1516 382 1891 453 cognitionem
1927 399 2076 454 supe-

2200 385 2351 440 Οὖτω
2405 387 2501 457 μὲν
2556 385 2691 451 οὖν,
2744 386 2862 439 κατ’
2904 384 3004 454 ἐμὲ
3066 370 3279 454 φάναι,
3349 383 3423 437 τὸ
3482 383 3727 451 ἄπορον
3774 379 3851 442 ὡς

510 483 631 529 rant
691 473 1040 527 evincuntur.
1107 473 1201 528 Sic
1253 475 1422 545 igitur
1479 475 1840 544 quaestionem
1894 473 2077 545 quoad

510 566 628 620 ﬁeri
696 564 875 635 potuit
957 564 1188 619 solvisse
1245 565 1382 619 mihi
1438 565 1652 632 videor,
1707 574 1765 620 et
1814 581 1923 637 qua
1981 564 2086 618 alia

508 657 721 710 ratione
764 672 885 710 eam
951 671 1204 710 enarrem
1273 658 1484 726 ignoro.
1545 656 1614 713 At
1687 666 1795 711 tua:
1856 656 2086 710 fortasse

507 748 869 818 philosophiae
910 747 1020 801 erit
1055 755 1148 801 aut
1192 762 1482 802 censuram
1528 763 1688 818 agerc
1733 764 1926 802 eorum
1966 762 2089 817 quae

507 840 806 909 disputavi,
831 847 925 894 aut
945 840 1176 894 meliora
1205 839 1273 893 de
1297 848 1392 892 tuo
1419 839 1593 908 ipsius
1620 856 1764 909 penu
1788 840 2090 909 sapientius

509 931 756 985 invenire
778 939 834 984 et
853 946 1152 1000 exponere,
1173 937 1229 984 et
1250 929 1582 999 cognitionis
1614 930 1866 984 sublimis
1886 929 2091 984 omnis-

470 1088 487 1105 ]
508 1038 617 1091 que
642 1022 846 1077 terreni
871 1038 1030 1093 pura:
1059 1022 1304 1076 fructum
1344 1035 1563 1076 mecum
1590 1021 2019 1078 communicare.

509 1199 781 1272 Ejusdem,
844 1215 908 1253 ea:
962 1202 1186 1253 secunda
1232 1202 1288 1253 in
1336 1202 1652 1270 baptismum
1703 1217 1969 1263 sermone,
2026 1202 2082 1254 in

577 1290 750 1344 illud:
791 1310 808 1340 ι
838 1289 1049 1360 Triplex
1091 1291 1387 1343 nativitatis
1432 1307 1598 1361 genus
1655 1293 1888 1360 agnoscit
1941 1288 2085 1345 Scri-

579 1390 761 1452 ptura,
793 1382 1022 1449 primum
1053 1396 1117 1433 ea:
1150 1381 1478 1450 corporibus,
1529 1380 1761 1449 alteram
1793 1397 1857 1433 ea:
1912 1381 2084 1451 bapti-

577 1488 712 1535 smo,
767 1473 979 1524 tertiam
1014 1488 1079 1524 ea:
1115 1473 1514 1524 resurrectione.
1552 1492 1568 1522 ι
1608 1470 1807 1536 Quibus
1838 1473 2080 1541 deinceps

579 1559 778 1611 addens
797 1559 1078 1623 nonnulla,
1100 1569 1148 1613 et
1171 1561 1471 1613 nativitates
1495 1561 1852 1630 interpretans
1869 1563 2036 1631 pergit
2065 1578 2084 1614 :

587 1667 606 1701 ι
633 1650 743 1704 Has
765 1666 924 1719 porro
946 1659 1162 1703 cunctas
1216 1651 1519 1703 nativitates
1572 1652 1768 1703 honore
1795 1668 1827 1703 a
1879 1650 2085 1705 Christo

578 1758 692 1795 meo
717 1744 929 1812 affectas
969 1742 1130 1811 fuisse
1182 1752 1387 1794 constat
1448 1742 1678 1810 primum
1733 1742 1942 1812 quidem
1993 1758 2087 1812 per

578 1831 811 1899 primam
840 1828 994 1882 illam
1016 1828 1303 1881 etvitalem
1336 1830 1770 1900 insulﬂationem,
1789 1818 2087 1883 secundam

578 1934 699 1972 vero
732 1934 826 1988 per
857 1919 1284 1971 incarnationem
1310 1927 1359 1969 et
1393 1919 1735 1988 baptismum,
1764 1920 1979 1971 tertiam
1999 1919 2087 1971 de-

576 2010 732 2078 nique
754 2023 846 2077 per
864 1994 1305 2061 resurrectionem
1325 2024 1485 2077 quam
1510 2009 1622 2078 ipse
1651 2010 1954 2078 auspicatus
1977 2017 2084 2073 est;

586 2101 864 2164 nimirum,
910 2101 1042 2152 sicut
1097 2100 1476 2170 primogenitus
1521 2102 1575 2153 in
1612 2099 1793 2153 multis
1834 2099 2085 2169 fratribus

576 2189 797 2253 exstitit,
840 2191 916 2241 ita
953 2190 1331 2259 primogenitus
1356 2204 1559 2260 quoque
1602 2205 1665 2243 ea:
1710 2190 1933 2243 mortuis
1967 2188 2088 2258 ﬁeri

577 2296 681 2334 non
702 2280 1038 2350 dedignatus.
1063 2301 1082 2332 ι
1488 2260 1499 2272 ’
1728 2333 1731 2336 .

579 2371 873 2438 Quomodo
913 2371 968 2424 in
1001 2372 1126 2427 istis
1166 2372 1390 2429 divinus
1425 2373 1516 2427 hic
1544 2373 1819 2444 'magister
1866 2374 2088 2429 uberio-

507 2476 625 2515 rem
654 2458 874 2515 videtur
901 2476 1093 2514 eorum
1125 2477 1247 2531 qua:
1277 2471 1437 2516 antea
1458 2461 1676 2516 dixerat
1700 2463 2087 2532 repetitionem

507 2553 852 2608 instituisse?
912 2553 1154 2622 Triplice
1204 2554 1412 2609 etenim
1473 2555 1764 2609 nativitate
1816 2554 2083 2619 indicata,

505 2641 683 2713 prima
716 2640 937 2710 quidem
975 2658 1043 2694 ex
1083 2642 1431 2711 corporibus,
1460 2643 1634 2697 altera
1652 2659 1719 2697 ex
1735 2644 2084 2712 baptismate,

506 2733 668 2787 tertia
703 2747 771 2786 ex
793 2731 1221 2797 resurrectione,
1259 2742 1519 2801 tanquam
1543 2734 1770 2798 oblitus,
1796 2749 1894 2802 per
1920 2733 2086 2787 verba

2192 476 2418 530 δυνατὸν
2466 475 2804 541 ἐπιλέλυται,
2836 475 2935 528 καὶ
2968 476 3069 528 οὐκ
3096 469 3198 527 οἶδ’
3225 475 3391 536 ὅπως
3432 473 3680 541 ἑτέρως
3712 469 3850 521 αὐτο

2192 568 2296 638 χρὴ
2318 567 2625 631 διεξελθεῖν.
2649 566 2760 635 Τῆς
2790 565 2889 635 σῆς
2903 564 2947 618 δ’
2978 565 3043 618 ἂν
3066 565 3153 633 εἴη
3188 564 3555 633 φιλοσοφίας·
3580 568 3617 637 ἤ
3654 561 3851 628 ἐγκᾷ-

2191 677 2281 712 ναι
2309 662 2377 714 τὰ
2411 661 2715 732 εἰρημένα,
2748 658 2782 729 ἢ
2814 660 2882 711 τὰ
2902 659 3137 729 κρείττω
3164 659 3299 729 παρ’
3355 657 3599 722 εαυτῆς
3654 651 3844 720 σοφώ-

2192 766 2351 820 τερον
2387 750 2630 820 ἐξευρεῖν
2678 765 2739 800 τε
2772 747 2867 800 καὶ
2904 748 3135 816 φράσαι,
3174 747 3275 799 καὶ
3319 740 3702 815 μεταδοῦναί
3749 754 3844 807 μοι

2194 839 2406 910 καρπὸν
2435 838 2687 908 γνώσεως
2706 835 2916 912 ὑψηλῆς
2938 835 3032 888 καὶ
3064 835 3233 904 μηδὲν
3251 833 3517 904 ἐχούσης
3544 829 3837 897 ἐπίγειον.

2121 1136 2189 1150 ﬁ

2192 1193 2303 1252 Τοῦ
2331 1190 2538 1256 αὑτοῦ,
2586 1192 2655 1245 ἐκ
2701 1186 2810 1242 τοῦ
2857 1193 2941 1255 εις
2998 1189 3066 1242 τὸ
3106 1184 3447 1257 βάπτισμα
3476 1186 3551 1250 ,ϐ’
3596 1183 3827 1252 λόγου,

2256 1288 2345 1349 εἰς
2381 1284 2469 1347 τὸ,
2523 1301 2543 1333 ι
2602 1281 2867 1349 Τρισσὴν
2895 1279 3186 1347 γέννησιν
3215 1278 3369 1345 ἡμῖν
3402 1274 3599 1332 οἶδεν
3633 1279 3672 1328 ὁ
3710 1277 3826 1328 Λό-

2260 1391 2387 1444 γος,
2422 1371 2535 1438 τὴν
2572 1372 2641 1425 ἐκ
2688 1368 3001 1437 σωμάτων,
3053 1366 3169 1435 τὴν
3223 1368 3292 1420 ἐκ
3327 1367 3820 1434 βαπτίσματος,

2262 1464 2378 1529 τὴν
2414 1462 2481 1525 ἐξ
2507 1460 2920 1524 ἀναστάσεως·
2961 1477 2979 1510 ι
3008 1454 3134 1511 εἶτα
3158 1458 3537 1520 ἐπειπόντος
3563 1457 3826 1517 τούτοις

2256 1557 2411 1617 τινὰ,
2443 1554 2539 1607 καὶ
2568 1554 2677 1618 τὰς
2704 1551 3022 1620 γεννήσεις
3050 1552 3523 1621 ἐρμηνεύοντος,
3576 1548 3816 1618 φῆσαι,

2262 1665 2280 1697 ι
2327 1645 2554 1709 Ταύτας
2591 1641 2661 1695 δὲ
2688 1641 2795 1707 τὰς
2832 1641 3152 1711 γεννήσεις
3178 1639 3424 1705 ἁπάσας
3470 1639 3634 1706 παρ’
3672 1640 3821 1692 ἐαυ-

2256 1733 2363 1787 τοῦ
2395 1731 2654 1801 τιμήσας
2686 1729 2718 1782 ὁ
2745 1730 2887 1799 ἐμὸς
2917 1729 3170 1797 Χριστὸς
3189 1728 3495 1797 φαίνεται,
3522 1728 3666 1795 ἲὴν
3691 1726 3821 1796 μὲν

2256 1825 2335 1891 τῷ
2362 1822 2753 1894 ἐμφυσήματι
2804 1821 2886 1889 τῷ
2925 1822 3132 1891 πρώτῳ
3162 1823 3260 1875 καὶ
3286 1820 3536 1886 ζωτικῷ,
3578 1820 3717 1888 τὴν
3744 1821 3819 1873 δὲ
3890 1860 3893 1861 ν

2255 1916 2332 1984 τῇ
2374 1915 2679 1984 σαρκώσει
2722 1915 2821 1968 καὶ
2869 1912 2951 1978 τῷ
2990 1913 3365 1982 βαπτίσματι
3410 1912 3576 1981 ὅπερ
3611 1912 3816 1976 αὐτὸς

2256 2006 2639 2070 ἐϐαπτίσατο,
2686 2004 2803 2073 τὴν
2839 2003 2908 2057 δὲ
2958 2002 3034 2072 τῇ
3079 2003 3414 2058 ἀναστάσει
3462 1998 3545 2072 ἧς
3606 2002 3813 2068 αὐτὸς

2256 2090 2589 2159 (ἐπήρξατο,
2616 2093 2697 2157 ὡς
2730 2090 2967 2161 ἐγένετο
2992 2094 3366 2160 πρωτότοκος
3410 2092 3489 2144 ἐν
3522 2093 3811 2157 πολλοῖς

2257 2181 2565 2250 ἀδελφοῖς,
2602 2181 2765 2235 οὕτω
2817 2182 2917 2235 καὶ
2984 2183 3371 2250 ⁸πφωτότοκος
3424 2182 3503 2235 ἐκ
3550 2182 3808 2249 νεκρῶν

2258 2274 2537 2345 γενέσθαι
2564 2274 2943 2339 καταξιώσας
2976 2273 3109 2345 (56).
3150 2292 3170 2326 ι

2258 2382 2385 2447 Πῶς
2418 2384 2477 2437 ἐν
2511 2381 2722 2447 τούτοις
2758 2385 2788 2435 ὀ
2827 2382 3074 2452 θεόφρων
3118 2376 3273 2447 οὗτος
3323 2382 3676 2448 διδάσκαλος
3704 2386 3801 2439 60-

2188 2479 2276 2531 κεῖ
2324 2474 2717 2547 περιττοτέραν
2763 2476 2866 2545 τὴν
2897 2474 3237 2544 ἐπανάληψιν
3270 2474 3380 2528 τῶν
3420 2478 3798 2547 προρρηθέν-

2187 2586 2295 2622 των
2322 2567 2687 2637 πεποιηκέναι
2713 2585 2728 2633 ;
2755 2567 2997 2638 Τρισσὴν
3021 2567 3130 2638 γὰρ
3160 2568 3333 2622 εἰπὼν
3362 2569 3664 2640 γέννησιν,
3692 2570 3797 2642 τὴν

2189 2661 2254 2713 ἐκ
2287 2659 2580 2729 σωμάτων,
2626 2658 2726 2729 τὴν
2768 2661 2831 2710 ἐκ
2861 2657 3261 2729 βαπτίσματος,
3294 2659 3391 2728 τήν
3424 2659 3488 2723 ἐξ
3529 2661 3792 2714 ἀναστά-

2190 2767 2349 2815 σεως,
2383 2751 2662 2819 ἐπήγαγεν
2698 2748 2888 2819 ὥσπερ
2916 2749 3310 2819 ἐπιλαθόμενος
3338 2750 3431 2803 διὰ
3458 2751 3568 2821 τῆς
3594 2752 3794 2806 δοκού-

505 2837 629 2892 quze
661 2822 1114 2891 superabundare
1153 2822 1448 2875 videantur
1466 2832 1523 2877 et
1548 2832 1798 2893 quartam
1846 2823 2076 2891 addidit,

2200 2855 2289 2908 της
2322 2841 2584 2909 περιττῆς
2614 2833 2755 2892 εἶναι
2783 2838 3037 2907 φράσεως
3067 2838 3176 2890 ’καὶ
3211 2837 3505 2908 τετάρτην,
3540 2838 3639 2891 διὰ
3687 2840 3789 2893 τοῦ

505 2909 725 2965 dicens:
765 2910 1046 2962 «Primam
1093 2908 1315 2977 quidem
1378 2926 1477 2979 per
1528 2911 1758 2980 primam
1810 2911 1958 2965 illam
2020 2927 2084 2966 ac

505 2999 728 3052 vitalem
768 2998 1217 3051 insnlllationem.
1246 3018 1263 3049 ι
1309 2998 1479 3069 Cujus
1533 3001 1683 3053 enim
1727 3015 1852 3055 cum
1906 3001 2084 3056 tribus

504 3089 736 3158 reliquis
764 3103 873 3142 non
898 3089 1223 3141 meminerat
1264 3089 1670 3154 nativitatibus,
1715 3090 1783 3145 de
1805 3105 1890 3156 ea,
1927 3092 2080 3160 quasi

503 3196 671 3250 supra
699 3179 1083 3250 signiﬁcasset,
1112 3180 1325 3234 addidit
1350 3181 1541 3235 dicens
1572 3199 1584 3233 :
1629 3182 1912 3245 «Primam
1946 3184 2072 3253 qui—

512 3270 637 3325 dem
660 3287 759 3340 per
792 3269 1027 3339 primam
1050 3270 1197 3323 illam
1226 3285 1291 3324 ac
1310 3270 1534 3325 vitalem
1573 3271 2020 3328 insulllationem.
2056 3295 2074 3326 ι

502 3364 623 3431 Quo
660 3363 828 3433 igitur
854 3362 1018 3416 modo
1051 3363 1310 3431 magister
1360 3362 1414 3416 id
1473 3379 1664 3419 revera
1713 3366 1920 3422 dixerit
1947 3368 2083 3422 sciet

504 3457 666 3523 plane
693 3452 1020 3522 quivirtute
1084 3452 1242 3505 illum
1265 3454 1595 3522 aequaverit,
1648 3471 1751 3510 nec
1806 3459 1997 3527 procul
2051 3474 2080 3513 a

510 3544 761 3614 sapiente
792 3544 912 3614 ejus
940 3560 1126 3599 rerum
1176 3545 1489 3599 divinarum
1526 3549 1725 3616 peritia
1779 3550 2077 3605 abstiterit.

503 3635 610 3690 Sed
636 3646 911 3705 quatenus
952 3652 1052 3705 ego
1090 3636 1335 3708 intelligo
1374 3654 1476 3709 pro
1514 3640 1718 3694 infirmi
1769 3641 2081 3698 intellectus

423 3791 430 3797 _
503 3728 612 3780 mei
634 3727 943 3793 debilitate,
967 3744 1079 3781 non
1103 3728 1277 3783 otiosa
1313 3730 1536 3784 videtur
1560 3747 1683 3786 esse
1742 3744 1939 3802 quarta
1988 3735 2079 3788 illa

501 3834 624 3888 qua
646 3817 997 3886 superaddita
1025 3820 1399 3885 estnativilas,
1442 3822 1553 3876 imo
1584 3823 1767 3892 potius
1803 3825 2078 3894 complere

502 3924 668 3977 supra
694 3908 894 3961 dictam
923 3908 1068 3961 illam
1119 3924 1187 3962 ex
1218 3912 1546 3979 corporibus
1583 3912 1950 3975 nativitatem,
1992 3913 2076 3965 in-

502 3996 904 4065 terpretarique
932 3995 1149 4050 divinas
1180 3997 1234 4051 in
1280 4015 1345 4052 ea
1382 4000 1627 4054 rationes
1649 4016 1711 4053 ac
1740 4001 1951 4055 modos.
1972 4001 2076 4067 Qui

500 4084 647 4137 enim
684 4091 910 4152 propter
964 4082 1167 4136 factum
1220 4085 1458 4153 primum
1507 4086 1679 4139 Adam
1736 4087 1901 4141 homo
1959 4089 2075 4142 lieri

2186 2928 2373 2996 φάναι,
2406 2945 2425 2979 ι
2470 2928 2581 2996 Τὴν
2612 2926 2712 2997 μὲν
2739 2926 2817 2996 τῷ
2858 2919 3216 2996 ἐμφυσήματί
3271 2927 3353 2995 τῷ
3405 2927 3623 2999 πρώτῳ
3689 2930 3789 2984 καὶ

2186 3013 2420 3086 ζωτικῷ.
2454 3034 2474 3067 ι
2513 3010 2621 3078 Ἦς
2648 3014 2756 3086 γὰρ
2783 3016 2923 3085 μετὰ
2948 3015 3055 3069 τῶν
3074 3015 3241 3086 τριῶν
3259 3017 3361 3069 οὐκ
3384 3017 3784 3088 ἐμνημόνευσε

2184 3108 2493 3178 γεννήσεων
2530 3106 2605 3169 ὡς
2654 3107 2783 3177 περὶ
2813 3106 3204 3178 προλεχθείσης
3250 3107 3543 3178 ἐπήγαγεν
3572 3108 3779 3177 εἰπὼν,

2191 3218 2209 3250 ι
2251 3198 2365 3266 Τὴν
2399 3197 2500 3266 μὲν
2528 3194 2603 3266 τῷ
2639 3196 2996 3266 ἐμφυσήματι
3025 3195 3105 3265 τῷ
3128 3195 3333 3267 πρώτῳ
3362 3199 3457 3250 καὶ
3486 3199 3687 3271 (226
3717 3205 3777 3272 α)

2184 3285 2422 3355 ζωτικῷ.
2461 3304 2479 3336 ι
2524 3286 2649 3347 Πῶς
2688 3284 2782 3337 οὖν
2812 3284 2970 3338 τοῦτο
3010 3285 3134 3338 κατ’
3174 3286 3442 3357 ἀλήθειαν
3479 3291 3721 3361 εἴρηκεν
3748 3293 3780 3345 6

2181 3378 2524 3440 διδάσκαλος,
2556 3374 2663 3431 οἶδε
2712 3378 2929 3441 πάντως
2958 3378 2987 3429 δ
3017 3378 3139 3430 κατ’
3170 3379 3377 3450 ἀρετὴν
3426 3381 3584 3451 αὐτῷ
3608 3400 3780 3451 γεγο.

2183 3468 2287 3531 νὼς
2313 3469 2720 3539 παραπλήσιος,
2759 3469 2853 3521 καὶ
2881 3466 2954 3538 μὴ
2994 3468 3187 3539 πόρρω
3208 3472 3309 3540 τῆς
3342 3471 3513 3524 αὐτοῦ
3542 3474 3684 3545 περὶ
3710 3473 3780 3527 τὰ

2183 3561 2299 3613 θεῖα
2334 3561 2504 3630 σοφῆς
2550 3561 2864 3629 ἐπιστήμης
2901 3560 3227 3631 διεστηκώς.
3262 3562 3428 3615 Ὅσον
3465 3562 3511 3616 δ’
3545 3561 3644 3618 οὖν
3675 3567 3778 3634 ἐμὲ

2181 3652 2477 3720 γινώσκειν
2512 3652 2654 3705 κατὰ
2678 3654 2739 3704 τὸ
2758 3652 2860 3721 τῆς
2883 3653 3023 3722 ἐμῆς
3049 3653 3312 3719 ἀσθενοῦς
3338 3656 3588 3721 διανοίας
3607 3658 3778 3730 (1611;-

2181 3747 2333 3817 χρὸν,
2370 3745 2471 3798 οὐκ
2516 3740 2669 3815 οἶμαι
2700 3745 2958 3816 περιττὴν
2998 3741 3140 3800 εἶναι
3184 3747 3285 3818 τὴν
3314 3749 3656 3818 ἐπαχθεῖσαν
3686 3768 3774 3804 τε-

2179 3841 2386 3909 τάρτην
2426 3837 2703 3907 γέννησιν,
2752 3836 2890 3889 ἀλλὰ
2921 3837 3126 3907 μᾶλλον
3161 3841 3639 3913 συμπληρωτικὴν
3671 3843 3773 3912 τῆς

2179 3929 2243 3978 ἐκ
2278 3926 2552 3996 σωμάτων
2581 3925 2937 3997 προτεθείσης
2969 3928 3301 3997 γεννήσεως,
3325 3930 3418 3981 καὶ
3444 3930 3775 4001 ἑρμηνευτι-

2179 4017 2281 4086 κὴν
2309 4017 2418 4069 τῶν
2448 4015 2537 4069 ἐπ’
2581 4016 2720 4087 αὐτῇ
2774 4015 2935 4068 θείων
2964 4015 3142 4083 λόγων
3184 4035 3245 4070 τε
3291 4019 3386 4072 καὶ
3424 4021 3669 4089 τρόπων.
3715 4023 3771 4074 ’0

2179 4109 2288 4177 γὰρ
2338 4108 2434 4177 τῆς
2475 4108 2744 4175 γενέσεως
2800 4108 2986 4160 ἕνεκεν
3036 4107 3137 4162 τοῦ
3194 4109 3416 4181 πρώτου
3457 4112 3637 4182 Ἀδὰμ
3681 4114 3773 4166 ἇν-

501 4172 781 4241 dignatus,
810 4172 1040 4240 ejusque
1083 4176 1294 4240 peccati
1342 4176 1514 4243 gratia
1551 4178 1802 4245 generari
1836 4194 1945 4232 non
1981 4179 2048 4233 de

2200 4206 2207 4249 l
2218 4216 2398 4270 ρωπος
2425 4198 2680 4266 γενέσθαι
2711 4200 3174 4269 καταδεξάμενος,
3200 4205 3298 4255 καὶ
3318 4204 3654 4273 γεννηθῆναι
3670 4208 3768 4277 τῆς

502 4264 760 4334 dignatus
776 4273 880 4329 est,
913 4280 1011 4332 per
1036 4264 1435 4319 faetitationeni
1470 4267 1515 4322 is
1555 4285 1709 4322 suam
1734 4272 1799 4324 ad
1837 4272 2074 4341 cumqui

500 4357 702 4412 cecidit
745 4357 1296 4434 cqndescensionem,
1352 4376 1450 4427 per
1484 4364 1894 4429 generationem
1942 4380 2075 4419 vero

499 4450 866 4505 voluntariam
892 4465 1047 4503 suam
1080 4450 1514 4504 exinanitionem
1555 4454 1608 4506 in
1652 4454 1773 4523 ejus
1809 4456 1903 4523 qui
1938 4472 2073 4509 con—

499 4543 790 4596 demnatus
820 4550 904 4595 est
932 4542 1160 4610 gratiam
1197 4542 1537 4611 designavit:
1577 4545 1923 4601 factitationc
1946 4549 2071 4615 qni-

499 4636 624 4689 dem
662 4633 992 4688 naturaliter
1035 4634 1088 4685 in
1134 4633 1279 4687 idem
1333 4650 1456 4688 cum
1505 4637 1727 4691 homine
1764 4640 2070 4693 secundum

496 4726 719 4781 vitalem
750 4724 1172 4779 insulllationem
1206 4725 1497 4790 deductus,
1556 4728 1701 4783 unde
1738 4730 1834 4784 Dei
1874 4731 2071 4800 imagi-

499 4836 625 4874 nem
655 4828 871 4882 nactus,
913 4826 971 4872 ut
1002 4819 1188 4883 homo,
1218 4821 1529 4875 invenalem
1559 4823 1803 4877 servavit
1847 4839 2068 4894 semper

496 4913 806 4967 libertatem
827 4922 882 4964 et
901 4911 1318 4979 impeceantiam
1344 4912 1663 4967 inviolatam
1683 4932 1696 4980 ;
1714 4917 2073 4984 generatione

495 5014 680 5058 autem
717 5004 1020 5057 secundum
1074 5003 1513 5059 incarnationem
1545 5007 1788 5061 hominis
1816 5008 2070 5064 interitui

409 5087 419 5095 ”
495 5096 722 5149 obnoxii
769 5094 1188 5150 similitudinem
1237 5107 1434 5165 sponte
1484 5099 1537 5152 in
1592 5101 1795 5168 servili,
1825 5102 2070 5171 suscepit

498 5189 671 5240 {arma
695 5187 1337 5254 eisdemquecumnobis
1380 5188 1674 5245 alIcclibus
1718 5181 2067 5248 naturalibus

499 5274 784 5341 subjacere
817 5283 1019 5342 praeter
1041 5283 1330 5341 peccatum
1360 5284 1619 5346 tanquam
1653 5279 1952 5345 obnoxius,
1975 5283 2068 5351 qui

500 5364 619 5417 sine
644 5373 873 5432 peccato
896 5372 1039 5429 erat,
1073 5365 1219 5419 ultro
1249 5381 1441 5434 passus
1464 5378 1566 5422 est.
1592 5369 1866 5438 Bipartito
1920 5376 2069 5427 enim

404 5455 410 5461 ’
502 5460 809 5513 secundum
860 5465 1154 5529 utrumque
1188 5476 1255 5516 ex
1300 5462 1553 5530 partibus
1579 5474 1663 5518 cst
1708 5469 2068 5539 compositus,

572 5612 686 5684 (56)
708 5611 898 5682 Cteg.,
918 5614 1047 5672 Naz.
1077 5614 1198 5669 0r..l
1227 5619 1280 5671 in
1301 5594 1543 5674 sanctum
1563 5622 1859 5695 Baptisma,
1884 5645 2003 5700 cap.
2029 5634 2081 5699 2,

2182 4288 2347 4342 αὑτοῦ
2378 4287 2745 4358 παραϐάσεως
2784 4289 2944 4360 χάριν
2983 4292 3085 4342 οὐκ
3138 4293 3487 4358 ἀπαξιώσας,
3533 4295 3627 4347 διὰ
3670 4298 3768 4366 μὲν

2181 4380 2280 4449 τῆς
2306 4380 2574 4446 γενέσεως
2605 4378 2704 4450 τὴν
2740 4380 2875 4449 πρὸς
2904 4382 2993 4434 τὸν
3039 4384 3285 4437 πεσόντα
3334 4387 3763 4452 συγκατὰεασιν,

2179 4471 2267 4524 διὰ
2299 4471 2353 4522 δὲ
2384 4470 2483 4538 τῆς
2517 4472 2826 4541 γεννήσεως
2858 4471 2958 4541 τὴν
3008 4473 3149 4542 πρὸς
3183 4477 3277 4528 τὸν
3308 4478 3766 4549 καταδεδικασμέο
3814 4493 3820 4499 ’

2177 4576 2266 4611 νον
2288 4558 2538 4611 ἑκούσιον
2564 4559 2796 4613 κένωσιν
2826 4560 3143 4624 ἐπεδείξατο
3165 4582 3178 4594 ·
3213 4569 3280 4635 τῇ
3309 4566 3406 4635 μὲν
3428 4568 3643 4633 γενέσει
3670 4586 3765 4637 φυ-

2180 4649 2348 4710 σικῶς
2399 4652 2479 4712 εἰς
2525 4650 2733 4731 ταύτὸν
2762 4651 2839 4721 τῷ
2879 4651 3157 4723 ἀνθρώπῳ
3210 4658 3354 4709 κατὰ
3386 4658 3483 4727 τὴν
3531 4658 3762 4730 ζωτικὴν

2177 4741 2443 4810 ἀγόμενος
2476 4740 2792 4811 ἔμπνευσιν,
2826 4742 2885 4806 ἐξ
2910 4738 2977 4813 ἧς
3013 4744 3074 4797 τὸ
3112 4749 3241 4799 κατ’
3271 4749 3453 4803 εἰκόνα.
3481 4748 3663 4802 λαὸἒυν
3692 4752 3764 4814 ὡς

2180 4830 2461 4900 ἄνθρωπος
2496 4831 2741 4903 ἄπρατον
2781 4833 3049 4903 διέμεινεν
3093 4835 3241 4905 ἔχων
3287 4840 3387 4909 τῇς
3430 4842 3762 4915 ἐλευθερίας,

2178 4924 2277 4992 τῆς
2320 4924 2738 4994 ἀναμαρτησίας
2794 4926 2887 4978 καὶ
2944 4927 3260 4997 ἄχραντον·
3297 4937 3362 5004 τῇ
3411 4934 3467 4986 δὲ
3520 4940 3764 5007 γεννήσει

2179 5014 2320 5067 κατὰ
2372 5015 2472 5084 τὴν
2526 5015 2805 5085 σάρκωσιν
2861 5017 2960 5085 τὴν
3010 5022 3151 5089 πρὸς
3195 5024 3295 5077 τὸν
3325 5027 3611 5098 ἄνθρωπον
3670 5030 3762 5097 τῆς

2180 5105 2387 5176 φθορᾶς
2406 5107 2666 5177 ὁμοίωσιν
2705 5109 2967 5173 ἑκουσίως
2998 5110 3089 5163 διὰ
3124 5114 3233 5184 τῆς
3268 5116 3523 5183 δονλεκῆς
3557 5122 3763 5192 μορσῆς

2177 5196 2375 5261 ὑποδὺς
2402 5200 2516 5261 τοῖς
2552 5199 2736 5262 αὐτοῖς
2772 5202 3178 5272 παραπλησίως
3205 5210 3349 5277 ἡμῖν
3382 5214 3524 5265 κατὰ
3554 5212 3763 5283 θέλησιν

2176 5290 2503 5345 ὑποκεῖσθαι
2540 5295 2791 5361 φυσικοῖς
2823 5294 3114 5365 παθήμασι
3153 5304 3336 5373 χωρὶς
3372 5306 3667 5376 ἁμαρτίας,
3692 5306 3762 5367 ὡς

2173 5384 2470 5447 ὑπεύθυνος
2497 5386 2525 5437 ὀ
2554 5386 2956 5457 ἀναμάρτητος,
2986 5390 3280 5461 ἠνέσχετο.
3317 5398 3454 5452 Κατ’
3483 5400 3764 5469 ἄμφω-γὰρ

2172 5476 2342 5530 ταῦτα
2388 5477 2531 5549 μέρη
2575 5480 2758 5548 τεμὼν
2792 5479 2857 5532 ἐκ
2900 5480 3082 5551 μερῶν
3121 5489 3424 5562 συνετέθη,
3465 5492 3765 5562 καὶγέγονι

2124 5650 2178 5703 p.
2212 5635 2333 5695 692.
2372 5646 2505 5690 tom.
2541 5638 2581 5693 l.
2612 5637 2750 5705 Opp.
2783 5637 2916 5694 edit.
2946 5640 3157 5700 Bened.
