4038 6146
508 290 681 359 1319
1654 285 1716 344 s.
1754 282 2041 343 MAXIMI
2081 274 2589 347 CONFESSORIS
3709 270 3838 345 ἴτω

536 404 714 461 factus
738 401 831 466 sit,
863 398 933 454 ad
957 412 1085 454 eum
1106 411 1271 467 quem
1304 395 1547 451 habebat
1580 410 1778 450 revera
1830 395 2104 449 cenditio-
2134 396 2160 451 Α

2257 398 2339 465 pb;
2362 397 2437 450 ’ὃν
2462 392 2606 467 εἶχεν
2639 394 2851 464 ἀληθῶς
2901 394 2999 464 τῆς
3035 396 3305 462 γενέσεως
3351 396 3537 463 λόγον
3574 393 3682 446 τὸν
3723 382 3841 446 κατ’

541 494 634 549 nis
658 491 926 546 rationem
947 486 1118 542 divini
1136 485 1352 541 consilii
1382 485 1606 540 modum
1635 486 1918 555 sapienter
1940 483 2109 539 redu-

2257 484 2524 557 ἱκονομίαν
2576 486 2753 555 σοφῶς
2806 486 3092 553 ἐπανάγων
3140 487 3371 554 τρόπον,
3408 486 3525 539 καὶ
3561 484 3708 536 τότε
3762 483 3841 535 δι-

544 598 675 639 cens
697 587 754 636 et
786 580 1037 650 tumjure
1069 576 1432 632 admiraberis
1459 576 1528 631 de
1558 575 1805 644 magistri
1831 574 2108 639 acumine,

2257 578 2389 642 αίως
2416 578 2719 647 θαυμάσεις
2747 579 2845 647 τῆς
2885 578 3149 640 συνέσεως
3181 579 3275 630 τὸν
3297 575 3696 637 διδάσκαλον,
3728 572 3841 636 πῶς

544 670 694 743 quod
724 685 787 724 ea
828 683 951 738 qua:
994 666 1322 721 naturaliter
1355 665 1636 719 cohaarent
1660 663 1996 733 cogitatione
2022 677 2111 718 se-

2257 667 2287 720 ὰ
2318 668 2458 721 κατὰ
2487 666 2586 739 τὴν
2620 666 2780 735 φύσιν
2826 667 3149 736 συνημμένα
3181 666 3307 720 κατ’
3340 666 3622 719 ἐπίνοιαν
3650 661 3842 717 διελὼν

545 779 776 837 gregans
802 770 972 816 totam
990 758 1239 830 mysterii
1271 758 1317 812 si
1349 756 1496 827 quod
1527 755 1678 810 aliud
1723 753 1897 808 divini
1924 753 1981 807 in
2010 766 2115 805 no-

2257 757 2311 813 δν
2344 758 2462 811 ὅλον
2491 757 2584 810 τοῦ
2619 759 2704 827 ἐφ’
2733 759 2863 828 ἡμῖν
2892 757 3169 811 θειοτάτου
3209 757 3543 828 μυστηρίου
3579 754 3844 825 κρυφίως

544 853 634 909 bis
656 858 839 907 oculte
873 847 1243 905 manilestavit
1266 846 1558 900 rationem.
1582 842 1939 911 Corporalem
1967 838 2116 893 enim

2257 851 2548 920 ιετρὰνωσε
2588 848 2765 917 λόγον.
2801 848 2914 918 Τὴν
2965 849 3073 919 γὰρ
3105 850 3169 902 ὲκ
3217 848 3514 918 σωμάτων
3573 846 3844 913 γέννησιν

547 942 959 1017 generationem
983 939 1139 994 vitali
1173 936 1541 991 insuﬂlatione
1565 944 1623 988 et
1651 931 2031 987 incarnatione
2062 929 2118 982 in

2257 939 2301 1009 ᾧ
2333 938 2549 1009 ζωτικῷ
2580 938 2934 1008 ὲμιρυσήματι
2969 938 3062 991 καὶ
3110 939 3177 1007 τῇ
3211 935 3513 1005 σαρκώσει
3549 933 3693 987 κατ’
3726 932 3843 985 ἐπί-

547 1043 733 1090 mente
773 1032 1114 1101 distinguens
1139 1026 1471 1100 generatorii
1504 1024 1653 1079 modi
1703 1038 1735 1077 a
1782 1019 2148 1078 conditionis

2257 1046 2377 1081 οιαν
2407 1028 2733 1099 ὲπιμερίσας
2765 1029 2864 1097 τὴν
2910 1026 3043 1097 πρὸς
3062 1026 3152 1080 τὸν
3177 1026 3319 1079 κατὰ
3340 1024 3448 1095 τὴν
3478 1024 3732 1091 γένεσιν
3758 1022 3843 1074 λό-

550 1126 767 1182 ratione
790 1122 1159 1179 differentiam
1187 1120 1421 1175 obscure
1451 1115 1799 1188 signiﬁcavit.
1832 1113 1980 1179 Quas
2022 1124 2124 1164 no-

2257 1138 2322 1175 ’ον
2355 1121 2447 1174 τοῦ
2487 1120 2628 1174 κατὰ
2672 1121 2771 1190 τὴν
2803 1119 3055 1190 γέννησιν
3113 1116 3317 1187 τρόπου
3363 1115 3671 1185 διαφορὰν
3707 1130 3843 1181 mp-

551 1227 668 1274 stra
695 1230 861 1270 causa
887 1216 1032 1268 Deus
1058 1221 1269 1267 naturae
1301 1218 1619 1272 renovatur,
1665 1206 1852 1262 verius
1889 1203 2125 1257 dixerim

2257 1213 2471 1283 ινίξατο.
2499 1206 2598 1265 Ὧν
2640 1210 3028 1280 ἐπιλαϐόμενος
3081 1209 3147 1262 δι’
3197 1210 3347 1278 ἡμᾶς
3407 1211 3437 1261 ό
3494 1207 3611 1276 τὴν
3681 1204 3843 1272 φύσιν

552 1304 1306 1375 novator,assumpsit,adque
1326 1301 1622 1371 pristinum
1638 1299 1906 1352 honorem
1928 1295 2118 1349 incor-

2257 1302 2582 1363 ινακαινίσας
2611 1300 2765 1364 Θεὸς,
2800 1299 2999 1369 μᾶλλον
3029 1297 3085 1351 δὲ
3114 1297 3369 1359 καινίσας
3405 1296 3607 1348 εἰπεῖν
3641 1293 3845 1371 ἀληθέτ

553 1367 940 1470 ruptibilitatis
963 1367 1115 1451 illam
1146 1367 1375 1449 adduxit
1398 1407 1497 1463 per
1538 1398 1780 1445 sanctam
1816 1402 1971 1442 suam
2008 1398 2129 1453 quae

2257 1406 2447 1461 πτερόν,
2477 1392 2572 1443 καὶ
2605 1389 2740 1458 πρὸς
2770 1367 2832 1439 τὸ
2861 1380 3083 1456 ἀρχαῖον
3124 1384 3319 1446 κάλλος
3354 1381 3541 1451 αὐτὴν
3590 1381 3705 1449 τῆς
3738 1367 3843 1447 dep?

554 1467 645 1546 de
670 1490 831 1545 nobis
888 1495 1107 1557 sumpta
1169 1495 1225 1541 et
1264 1481 1671 1539 rationabiliter
1717 1479 1956 1533 animata
2009 1483 2131 1530 erat

2257 1478 2464 1550 Ιαρσίας
2487 1475 2781 1545 ἐπαγαγὼν
2801 1476 2889 1529 διὰ
2915 1474 3013 1544 τῆς
3040 1475 3056 1540 (
3073 1473 3233 1542 227
3267 1472 3331 1542 b)
3363 1470 3427 1536 ἐξ
3458 1471 3496 1541 ἡ
3507 1467 3643 1538 μῶν
3679 1467 3840 1533 ἁγίας,

556 1596 805 1645 carnem,
847 1553 1079 1647 eamque
1126 1574 1432 1630 liberaliter
1493 1573 1720 1640 insuper
1781 1567 2129 1623 deificatione

2257 1568 2401 1622 ιύτοῦ
2450 1566 2541 1620 καὶ
2570 1564 2802 1633 λογικῶς
2838 1561 3193 1631 ἔψυχωμένης
3243 1557 3470 1627 σαρκὸς,
3513 1556 3624 1608 καὶ
3677 1553 3842 1605 πλέον

561 1672 801 1736 ornavit,
825 1670 908 1735 de_
950 1683 1060 1738 qua
1089 1666 1157 1721 ad
1188 1666 1387 1720 animae
1419 1665 1592 1719 instar
1616 1663 1669 1716 in
1713 1673 1943 1731 corpore
1971 1656 2131 1710 inha-

2257 1656 2649 1729 ταρασχόμενος
2680 1655 2815 1723 αὐτῇ
2845 1649 3151 1721 φιλοδώρως
3196 1648 3296 1717 τὴν
3347 1646 3578 1707 θέωσιν,
3618 1638 3700 1711 ἧς
3745 1657 3840 1711 με·

560 1731 908 1829 Μιαιιιοίρει
939 1731 1031 1827 (ιύἰ
1063 1755 1381 1810 incarnatus
1405 1761 1491 1807 est
1540 1752 1653 1807 Deo
1697 1749 1952 1804 excidere
1986 1743 2133 1800 haud

2257 1751 2490 1801 ταπεσεῖν
2531 1742 2810 1805 παντελῶς
2864 1741 3144 1810 ἀμήχανον
3182 1735 3329 1805 αύτῷ
3357 1734 3436 1803 τῷ
3471 1731 3839 1803 σαρκωθέντι

564 1851 779 1916 liceret,
805 1864 926 1918 qua:
945 1856 1120 1901 totum
1146 1844 1436 1899 inconfuse
1476 1841 1782 1898 secundum
1827 1837 2134 1893 nnitionem

564 1941 903 2005 circumiret,
940 1952 1149 2008 proque
1173 1936 1350 2006 ipsius
1374 1950 1476 2005 per
1514 1949 1636 1988 eam
1699 1928 2137 1989 manifestatione

566 2032 626 2088 in
655 2041 866 2087 tantum
898 2028 1164 2084 occultari
1193 2026 1466 2096 reciperet
1501 2025 1561 2078 in
1587 2030 1854 2093 quantum
1892 2018 2008 2088 ipse
2039 2031 2140 2085 per

561 2136 690 2177 eam
712 2120 1097 2175 manilestatus
1128 2124 1186 2172 et
1212 2114 1644 2170 occultationem
1698 2124 1855 2164 suam
1888 2117 2141 2176 egressus

567 2226 690 2268 esse
713 2220 939 2282 putatus
973 2217 1092 2265 est:
1125 2216 1184 2262 et
1233 2206 1366 2277 quid
1391 2198 1956 2275 quodadmirabilius?
1995 2192 2142 2265 quod

570 2304 899 2361 naturaliter
927 2302 1074 2355 Deus
1097 2299 1393 2362 exsistens,
1412 2305 1469 2350 et
1511 2294 1677 2348 homo
1700 2303 1887 2348 tamen
1917 2297 2146 2343 natura-

571 2395 702 2450 liter
727 2394 847 2449 ﬁeri
878 2394 1154 2462 dignatus,
1180 2388 1433 2444 neutrius
1452 2394 1665 2440 naturas
1713 2380 1995 2436 naturales
2030 2393 2147 2432 om-

573 2488 708 2542 nino
764 2485 902 2540 ﬁnes
931 2499 1030 2553 per
1075 2482 1304 2537 alteram
1355 2477 1633 2548 migravit,
1675 2473 1771 2529 sed
1821 2480 1971 2527 totus
1998 2471 2147 2525 Deus

574 2576 847 2631 exsistens
875 2580 1023 2627 totus
1052 2572 1216 2625 homo
1236 2569 1417 2625 {factus
1441 2561 1855 2636 perseveravit?
1892 2573 1959 2614 eo
1999 2556 2146 2629 quod

577 2666 724 2723 Deus
772 2672 857 2719 est
904 2663 1204 2733 quominus
1247 2660 1414 2714 homo
1458 2658 1615 2712 ﬁeret
1656 2670 1768 2709 non
1811 2650 2145 2723 prohibitus,

577 2768 758 2825 neque
785 2751 1031 2823 profecto
1050 2765 1118 2804 eo
1138 2747 1287 2819 quod
1310 2748 1475 2801 homo
1502 2745 1679 2800 factus
1705 2750 1790 2797 est
1820 2742 2025 2796 deitate
2052 2739 2150 2793 de-

578 2847 850 2907 minutus,
877 2858 1023 2897 unus
1050 2850 1106 2896 et
1133 2840 1281 2894 idem
1321 2845 1471 2892 totus
1504 2851 1607 2906 per
1660 2843 1955 2901 utrumque
2004 2844 2151 2885 sem~

581 2953 684 3009 per
704 2936 1032 2996 consistens,
1075 2938 1131 2986 et
1150 2938 1334 2984 tamen
1358 2942 1550 2981 revera
1581 2933 1877 2992 utrumque
1899 2930 1955 2976 et
1984 2921 2153 2974 homo

583 3037 644 3084 et
666 3028 831 3089 Deus,
858 3021 1183 3078 naturaliter
1206 3018 1498 3081 exsistens,
1518 3029 1701 3085 neque
1723 3010 2005 3068 essentiali
2029 3027 2156 3081 par-

586 3117 728 3176 tium
777 3112 1049 3169 naturalis
1091 3108 1419 3166 diﬁcrentia:
1453 3105 1769 3176 integritate
1801 3102 2032 3167 divisus,
2058 3115 2156 3155 ne-

584 3218 696 3281 que
720 3205 1103 3278 singularitate
1123 3200 1448 3257 substantia:
1472 3197 1756 3261 confusus,
1775 3210 1885 3249 non
1916 3201 2157 3246 mutatus

590 3276 649 3357 in
697 3276 1023 3354 inferiorem
1052 3301 1310 3349 naturam
1355 3299 1452 3345 aut
1500 3289 1554 3343 in
1588 3287 1643 3341 id
1666 3285 1828 3356 ‘quod
1875 3298 1987 3338 non
2011 3276 2159 3337 οεεοί

587 3392 868 3461 delapsus.
911 3386 1107 3442 Carnis
1146 3382 1335 3454 specie
1384 3390 1440 3437 et
1490 3380 1666 3435 forma
1712 3376 1986 3440 divinum,
2013 3371 2160 3428 haud

588 3460 787 3555 praise
816 3479 1006 3533 ferens
1027 3475 1343 3538 consilium,
1370 3482 1424 3527 et
1447 3487 1569 3543 quae
1598 3469 1707 3524 alia
1734 3468 1803 3523 ad
1851 3460 2161 3538 subjectum

590 3554 887 3640 recipiens,
916 3563 1322 3621 consummavit
1382 3561 1541 3626 illud,
1576 3559 1672 3614 sed
1717 3558 1893 3628 ipsam
1938 3554 2162 3625 proprie

591 3671 650 3717 et
684 3673 878 3714 revera
925 3665 1258 3727 assumptam
1287 3655 1586 3709 humanam
1621 3664 1810 3707 secum
1833 3649 1975 3719 ipso‘
2004 3656 2165 3700 natu-

510 3756 515 3759 '
592 3765 715 3805 ram
750 3748 1187 3825 substantialiter
1238 3744 1571 3801 coadunavit
1605 3740 1879 3797 stabiliter
1922 3745 1981 3793 et
2028 3751 2163 3791 con-

594 3851 808 3897 stanter
828 3849 884 3897 et
919 3841 1131 3912 integre
1155 3848 1212 3894 et
1259 3832 1723 3907 inseparabiliter,
1767 3840 1935 3902 atque
1974 3842 2164 3883 essen-

596 3931 713 3987 tiali
739 3933 858 4002 ejus
884 3931 1098 3985 ratione
1129 3945 1192 3984 ac
1239 3929 1347 3983 line
1388 3942 1458 3981 ne
1489 3925 1832 3980 dilaberetur
1864 3917 2162 3977 continuit.

596 4022 716 4089 Qua
745 4022 910 4075 etiam
941 4021 1288 4093 corporalem,
1306 4016 1614 4073 secundum
1661 4022 1910 4070 sanetum
1938 4010 2088 4064 hunc
2112 4014 2168 4062 et

597 4126 850 4184 magnum
890 4112 1234 4181 magistrum,
1263 4115 1510 4161 nostram
1541 4103 1955 4176 generationem
1989 4099 2167 4153 hono—

598 4206 763 4269 ravit,
787 4215 844 4258 et
871 4204 1038 4257 homo
1063 4216 1195 4256 vere
1248 4198 1425 4253 factus
1449 4204 1506 4250 et
1525 4196 1833 4248 humanum
1861 4188 1918 4241 in
1944 4185 2171 4240 modum

594 4304 914 4368 generatus,
943 4303 1005 4348 ut
1033 4307 1135 4346 nos
1152 4291 1218 4345 de
1246 4286 1625 4360 generationis
1648 4282 1886 4339 vinculis
1909 4282 2168 4343 solveret,

2237 1840 2355 1909 Θεῷ
2383 1840 2562 1909 ψυχῆς
2593 1836 2792 1907 τρόπον
2843 1832 3069 1901 ὲνούσης
3118 1828 3350 1898 σώματι,
3384 1825 3451 1878 δι’
3480 1824 3621 1877 ὅλου
3681 1839 3839 1891 περιρ

2199 1928 2567 2000 Δχωρήσασαν
2624 1923 2944 1993 ἁσυγχύτως
2993 1922 3134 1973 κατὰ
3160 1917 3259 1989 τὴν
3295 1918 3519 1981 ἕνωσιν,
3573 1916 3684 1968 καὶ
3741 1913 3840 1981 τῆς

2239 2018 2405 2072 αὐτοῦ
2431 2016 2551 2070 κατ’
2576 2015 2743 2085 αὐτὴν
2772 2012 3089 2082 ὲκφάνσεως
3118 2006 3369 2062 τοσοῦτον
3412 2002 3839 2058 ἀντιλαϐοὗσαν

2241 2108 2302 2162 τὸ
2327 2106 2666 2179 κρύπτεσθαι
2713 2106 2837 2159 ὅσον
2867 2102 3030 2165 αὐτὸς
3058 2102 3126 2155 δι’
3148 2097 3315 2168 αὐτὴν
3341 2096 3543 2166 γέγονε
3585 2093 3839 2165 φανερὸς

2243 2197 2336 2250 καὶ
2384 2197 2483 2266 τῆς
2526 2195 2732 2257 οἰκείας
2782 2192 3016 2261 φυσικῆς
3076 2187 3433 2258 κρυφιότητος
3494 2181 3838 2250 ἐκϐεϐηκὼς

2246 2287 2534 2358 ὲνομίσθη’
2574 2286 2670 2340 καὶ
2713 2284 2767 2337 τί
2820 2283 3009 2337 τούτου
3057 2266 3509 2357 παραδοξότερον,
3544 2276 3636 2326 ὅτι
3675 2273 3837 2341 φύσει

2246 2353 2379 2441 Θεδς
2408 2353 2690 2446 ὑπάρχων,
2719 2374 2815 2428 καὶ
2854 2373 3141 2443 ἄνθρωπος
3171 2368 3329 2439 φύσει
3369 2353 3639 2434 γενέσθαι
3702 2382 3836 2418 κατ-

2247 2468 2504 2536 αξιώσας,
2531 2466 2816 2537 οὐδετέρας
2861 2464 3073 2532 φύσεως
3099 2464 3222 2523 τοὺς
3254 2459 3519 2529 φυσικοὺς
3547 2459 3723 2528 ὅρους
3752 2458 3838 2510 διὶ

2247 2564 2346 2631 τῆς
2378 2559 2571 2624 ἑτέρας
2610 2553 2885 2616 παντελῶς
2911 2551 3059 2622 παρή
3069 2551 3277 2621 μειψεν,
3302 2548 3417 2602 ἀλλ’
3441 2548 3568 2610 ὅλος
3593 2547 3740 2611 Θεὸς
3764 2548 3839 2601 ὧν

2249 2651 2369 2713 ὅλος
2408 2648 2699 2716 γενόμενος
2748 2644 3017 2713 διέμεινεν
3065 2640 3378 2710 ἄνθρωπος;
3426 2638 3487 2690 ού
3549 2636 3633 2707 τῷ
3700 2634 3838 2691 εἶναι

2250 2738 2383 2803 Θεὸς
2412 2737 2696 2808 ἄνθρωπος
2749 2731 2999 2802 γενέσθαι
3056 2729 3421 2799 κωλυόμενος,
3455 2726 3585 2781 οὔτε
3621 2729 3740 2798 μὴν
3766 2729 3840 2797 τῷ

2251 2831 2501 2904 γενέσθαι
2528 2829 2814 2900 ἄνθρωπος
2840 2823 2935 2879 τοῦ
2969 2819 3109 2877 είναι
3140 2820 3272 2885 Θεὸς
3300 2819 3733 2891 ἐλαττούμενος,
3764 2814 3841 2881 εἷς

2255 2925 2346 2999 καὶ
2372 2925 2401 2977 ὁ
2431 2923 2592 2985 αὐτὸς
2624 2921 2747 2983 ὅλος
2793 2914 2861 2970 δι’
2915 2917 3117 2986 ἀμφοῖν
3167 2913 3632 2984 συντηρούμενος,
3672 2912 3844 2982 ἄμφω

2179 3049 2229 3114 c
2258 3000 2503 3087 φύσικῶς
2541 3012 2684 3067 κατὰ
2725 3008 2984 3078 ἀλήθειαν
3027 3005 3311 3075 ὑπάρχων,
3341 3005 3482 3075 μήτε
3515 3003 3602 3073 τῷ
3641 3004 3848 3075 ἀκραι.

2258 3110 2378 3178 φνεῖ
2409 3106 2509 3175 τῆς
2536 3101 2659 3157 κατ’
2687 3100 2877 3154 οὐσίαν
2921 3097 3029 3151 τῶν
3077 3095 3260 3167 μερῶν
3296 3093 3539 3164 φυσικῆς
3574 3094 3849 3165 διαφορᾶς

2255 3198 2652 3271 διαιρούμενος,
2690 3194 2826 3265 μήτε
2891 3190 2996 3262 μὴν
3034 3188 3110 3259 τῷ
3159 3187 3346 3258 ἄκρως
3406 3185 3699 3257 μοναδικῷ
3754 3187 3851 3257 τῆς

2245 3289 2610 3350 ’ὑποστάσεως
2655 3283 3040 3354 συγχεόμενος,
3070 3280 3132 3332 ού
3159 3278 3392 3350 τραπεὶς
3421 3279 3509 3342 είς
3542 3278 3651 3349 τὴν
3700 3279 3853 3333 κάτω

2260 3383 2421 3454 φύσιν
2439 3380 2486 3412 ⁵⁸
2514 3378 2610 3433 καὶ
2644 3379 2724 3440 είς
2752 3376 2889 3444 ὅπερ
2918 3373 3017 3426 οὐκ
3044 3366 3112 3442 ἦν
3147 3368 3499 3439 μεταπεσών.
3532 3370 3620 3423 Οὐ
3644 3370 3854 3440 φαντά-

2262 3490 2362 3536 σας
2393 3470 2593 3541 σαρκὸς
2626 3466 2755 3520 εῖδει
2799 3464 2893 3518 καὶ
2942 3463 3186 3533 σχήματι
3240 3461 3340 3531 τὴν
3377 3462 3733 3531 οἰκονομίαν,
3763 3462 3855 3515 καὶ

2261 3564 2362 3618 ὅσα
2384 3561 2553 3632 ⁴ἔτερα
2586 3557 2707 3613 καθ’
2738 3553 3100 3625 ὑποκειμένου
3128 3553 3349 3621 λέγεται
3378 3547 3527 3605 εἶναι
3556 3554 3742 3625 χωρὶς
3768 3553 3858 3609 τοῦ

2265 3653 2622 3721 ὑποκειμένου
2650 3647 2853 3714 λαϐὼν,
2891 3645 3098 3716 ταύτην
3141 3645 3492 3715 ἐπλήρωσεν,
3526 3645 3652 3698 ἀλλ’
3693 3646 3861 3717 at”)?

2259 3745 2470 3815 κυρίως
2532 3742 2820 3814 πράγματι
2889 3737 2987 3792 καὶ
3042 3734 3281 3806 ἀληθείᾳ
3336 3733 3436 3805 τὴν
3501 3734 3861 3807 ἀνθρωπίνην

2265 3828 2591 3907 προσλαϐὼν
2644 3831 2809 3900 φύσιν
2858 3828 3071 3898 ἥνωσεν
3125 3825 3309 3896 ἑαυτῷ
3360 3824 3493 3878 καθ’
3552 3826 3861 3881 ὑπόστασιν

2256 3905 2554 3996 ’ἀτρέπτως
2590 3920 2687 3975 καὶ
2713 3918 3089 3979 ἁναλλοιώτως
3114 3905 3211 3970 καί¹
3232 3915 3533 3985 ἁμιὼτως
3566 3917 3672 3970 καὶ
3701 3917 3866 3971 iam.

2271 4017 2463 4087 ρέτως,
2490 4011 2566 4082 τῷ
2597 4012 2714 4064 κατ’
2748 4008 2935 4062 οὐσίαν
2970 4006 3143 4076 αὐτῆς
3168 4005 3315 4073 λόγῳ
3339 4003 3438 4057 καί
3465 4006 3590 4076 ὅρῳ
3628 4007 3866 4076 συνέχων

2269 4106 2635 4161 ἁνέκπτωτον.
2679 4098 2815 4154 Καθ’
2837 4098 2905 4169 ῆν
2951 4097 3049 4150 καὶ
3081 4098 3182 4166 τὴν
3207 4097 3272 4148 ὲκ
3298 4095 3587 4166 σωμάτων
3615 4100 3766 4152 κατὰ
3784 4099 3868 4150 τὸν

2271 4198 2425 4266 ἅγιον
2469 4192 2658 4246 τοῦτον
2689 4191 2784 4243 καὶ
2817 4190 2989 4260 μέγαν
3026 4186 3232 4258 (228
3260 4203 3294 4239 a
3310 4198 3329 4255 )
3360 4186 3708 4242 διδάσκαλον
3738 4191 3869 4259 ἡμε-

2272 4288 2435 4358 τέραν
2481 4283 2706 4354 ἐτίμησε
2754 4280 3030 4349 γέννησιν,
3080 4279 3180 4332 καὶ
3225 4277 3539 4348 γενόμενος
3583 4281 3870 4354 ἄνθρωπος

597 4362 665 4440 ac
691 4384 759 4439 de
781 4385 899 4455 lege
931 4398 1038 4453 qua
1064 4396 1165 4436 nos
1187 4380 1255 4434 ad
1284 4378 1397 4433 feni
1423 4377 1596 4433 instar
1645 4375 1715 4429 ob
1738 4379 2025 4444 peccatum
2058 4367 2160 4425 seri

2275 4381 2490 4451 ἀληθῶς
2534 4378 2630 4432 καὶ
2679 4374 3036 4446 ἀνθρωπίνως
3068 4372 3439 4442 γεννώμενος,
3466 4375 3567 4428 ἵνα
3597 4378 3757 4447 ἡμᾶς
3776 4375 3873 4431 τῶν
3950 4362 3953 4365 λ

594 4483 659 4532 οι
686 4476 838 4530 nasci
858 4472 1267 4537 consuevimus,
1296 4483 1515 4539 quaque
1539 4468 1595 4520 in
1627 4479 1818 4535 parem
1848 4469 2170 4533 cognatam-

594 4583 711 4640 que
737 4582 859 4621 cum
888 4565 1088 4636 plantis
1116 4572 1281 4631 atque
1309 4560 1491 4614 brutis
1537 4557 1867 4613 animalibus
1897 4556 2169 4611 exsisten-

600 4661 739 4715 tiam
768 4670 1142 4728 procreamur.
1167 4651 1238 4707 Ut
1259 4650 1462 4706 alicubi
1490 4662 1721 4717 magnus
1742 4659 2175 4718 magnorumque

604 4757 884 4821 Spectator
934 4744 1191 4801 Ezechiel
1225 4743 1410 4798 divina
1468 4741 1723 4813 mysteria
1753 4738 2002 4793 initiatus
2040 4752 2176 4790 cau-

606 4851 834 4906 samque
865 4833 1150 4905 praesentis
1170 4832 1314 4887 circa
1358 4829 1636 4893 hominem
1666 4827 1761 4882 Dei
1795 4825 2011 4881 consilii
2041 4824 2178 4879 edo-

607 4937 753 4993 ctus,
780 4926 952 4979 vcluti
978 4924 1046 4978 ad
1101 4921 1444 4978 Hierusalem
1496 4919 1660 4973 verba
1691 4917 1899 4971 faciens
1927 4932 1940 4968 :
1970 4915 2175 4979 chce,

602 5017 686 5068 ait
707 5054 721 5078 ,
762 5013 1015 5067 Dominus
1048 5014 1173 5066 dicit
1203 5009 1572 5066 Hierusalem:
1628 5007 1802 5061 Radix
1832 5015 1925 5060 tua
1944 5014 1992 5060 et
2019 5020 2178 5076 gene-

608 5107 749 5159 ratio
793 5114 885 5158 tua
930 5105 994 5156 de
1044 5112 1188 5157 terra
1236 5100 1567 5163 Chananwa,
1617 5107 1772 5169 pater
1820 5105 1939 5151 tuus
1983 5097 2178 5151 Amor-

612 5197 784 5249 rluzus
817 5201 867 5248 et
892 5201 1063 5248 mater
1084 5200 1176 5247 tua
1205 5192 1480 5248 Heuhwa:
1514 5192 1569 5243 in
1609 5189 1693 5242 die
1726 5188 1790 5240 de
1814 5203 1921 5257 qua
1945 5195 2075 5240 nata
2104 5200 2178 5249 es,

615 5300 721 5337 non
777 5284 969 5355 ligatus
1014 5293 1088 5338 est
1120 5282 1393 5338 umbilicus
1438 5292 1577 5345 tuus,
1623 5290 1670 5335 et
1701 5282 1756 5334 in
1801 5297 1942 5350 aqua
1969 5295 2073 5333 non
2129 5295 2180 5332 es

615 5371 747 5439 tota,
774 5390 865 5428 nec
892 5374 1005 5428 sale
1030 5375 1209 5440 solita,
1249 5391 1340 5428 nec
1373 5372 1611 5426 involuta
1644 5373 1878 5442 pannis:
1918 5377 1966 5423 et
1990 5373 2182 5459 «proie-

2277 4467 2621 4538 δεσμῶντῆς
2670 4465 2975 4535 γεννήσεως
3007 4462 3386 4536 ἐλευθερώσῃ,
3427 4466 3533 4519 καὶ
3562 4468 3669 4523 τοῦ
3706 4485 3873 4538 παρα-

2280 4561 2522 4631 πλησίως
2554 4558 2749 4628 χόρτου
2785 4555 3181 4622 σπειρομένους
3211 4555 3278 4606 ὲκ
3309 4557 3639 4628 καταδίκης
3670 4559 3761 4612 διὰ.
3791 4560 3872 4627 τὴν

2279 4650 2554 4724 ἁμαρτίαν
2592 4647 2823 4717 φύεσθαι
2874 4644 3064 4714 νόμου,
3107 4645 3205 4697 καὶ
3247 4644 3347 4698 τοῦ
3402 4646 3509 4718 τὴν
3539 4649 3724 4722 αὐτὴν
3752 4649 3873 4719 ἔχειν

2280 4745 2466 4814 φυτοῖς
2496 4757 2553 4793 τε
2584 4740 2678 4792 καὶ
2704 4737 2920 4804 ἀλόγοις
2955 4733 3119 4799 ζώοις
3152 4736 3256 4804 τῆς
3289 4736 3436 4806 πρὸς
3472 4738 3539 4791 τὸ
3562 4738 3713 4794 εἶναι
3740 4739 3876 4808 γενέ.

2278 4832 2415 4897 οὲως
2464 4833 2563 4899 τὴν
2608 4829 2953 4899 συγγένειαν·
2986 4827 3088 4889 ’ὣς
3146 4826 3254 4880 πού
3316 4846 3496 4899 φησιν
3533 4833 3564 4885 ὁ
3596 4833 3773 4900 μέγας
3800 4829 3876 4883 καὶ

2277 4928 2387 4979 τῶν
2420 4924 2669 4997 μεγάλων
2697 4918 2896 4988 θεατὴς
2932 4915 3204 4987 Ίεζεκιὴλ
3235 4920 3305 4972 τὰ
3332 4920 3465 4976 θεῖα
3507 4921 3879 4994 μυσταγωγιί.

2290 5034 2449 5089 μενος
2497 5016 2588 5069 καὶ
2630 5014 2728 5083 τὴν
2779 5008 3106 5079 αίτίαν’τῆς
3154 5008 3259 5063 νῦν
3314 5014 3455 5086 περὶ
3479 5015 3577 5069 τὸν
3613 5016 3880 5087 ἀνθρωπςν

2287 5104 2639 5176 ὑπαρχούσης
2689 5098 2999 5169 οἰκονομίας
3060 5099 3581 5175 ἐκπαιδευόμενος,
3622 5106 3707 5169 ὡς
3763 5103 3880 5173 πρξ

2299 5194 2654 5268 Ἰερουσαλὴμ
2705 5189 2947 5259 φάσκων·
2991 5186 3141 5242 Τάδε
3201 5192 3384 5263 ,λέγει
3438 5199 3659 5267 Κύριος
3692 5194 3762 5264 τῇ
3796 5196 3879 5249 '16-

2278 5281 2626 5354 ρουσαλὴμ,
2671 5279 2741 5334 Ἠ
2763 5276 2893 5344 ῥίζα
2944 5291 3063 5331 σου
3100 5282 3207 5334 καὶ
3254 5285 3297 5351 ή
3334 5287 3643 5359 γέννησίς
3680 5305 3786 5343 σου
3820 5285 3880 5337 ἐκ

2236 5431 2240 5436 ,
2287 5373 2396 5446 γῆς
2429 5371 2687 5436 Χαναὰν,
2747 5373 2779 5423 ὁ
2829 5368 3026 5438 πατήρ
3083 5387 3212 5428 σου
3259 5376 3668 5453 Ἀμοιρῤαῖος,
3714 5372 3879 5469 κριθή

1906 5531 2135 5587 mnus
2166 5507 2578 5587 'LECTIONES.

691 5640 743 5684 ³⁸
772 5649 832 5704 in
860 5649 1171 5719 apographo
1203 5650 1324 5705 cod.
1343 5649 1482 5705 Gud.
1508 5664 1630 5705 meo
1659 5657 1834 5703 exstat
1862 5650 2091 5719 τραπεὶς
2121 5649 2216 5720 τὴν
2245 5648 2383 5701 κατὰ
2414 5647 2595 5715 φύσιν,
2626 5655 2755 5702 cett.
2860 5658 2865 5663 “
