4038 6146
305 210 434 313 1321
496 224 499 227 ’

1537 248 2051 309 AMBIGUORUM
2095 248 2343 306 LIBER.

3413 250 3550 317 1322

293 364 494 429 μήτηρ
520 371 639 410 σου
665 355 915 409 Χετταία
931 369 943 382 ·
970 354 1041 409 ἐν
1060 354 1251 424 ἡμέρᾳ
1278 348 1319 428 ᾖ
1337 356 1586 427 ἐτέχθης
1608 360 1718 411 οὐκ
1735 356 1868 425 ἕδη-

1973 363 2057 409 cta
2082 372 2134 409 es
2161 372 2319 424 super
2339 356 2528 424 faciem
2546 364 2703 410 terra:
2732 357 2787 410 in
2820 357 2883 410 ab
2883 356 3116 428 jectione
3147 359 3341 415 anima:
3377 370 3482 417 tua:
3494 366 3548 418 in

296 465 420 503 σαν
454 447 561 500 τόν
592 447 867 515 ὀμφαλόν
894 460 1011 500 σου
1032 448 1100 514 ⁸⁵³,
1129 447 1228 502 καί
1257 448 1329 501 ἐν
1355 447 1528 502 ὕδατι
1555 450 1666 503 οὐκ
1692 448 1873 502 ἐλού-

295 542 453 605 ϐης,’
481 539 627 593 οὐδὲ
671 539 774 594 ἁλὶ
836 539 1137 609 ήλίσθης,
1189 541 1289 595 καὶ
1337 541 1711 610 σπαργάνοις
1764 542 1875 595 οὐκ

293 622 788 702 ἐσπαργανώθης,
838 633 938 687 καὶ
1009 635 1343 703 ἀπερῤἰςρης
1398 635 1497 688 ἐπὶ
1551 635 1876 701 πρόσωπον

293 724 400 777 τοῦ
454 724 668 779 πεδίου
722 723 796 792 τῇ
847 728 1193 792 σκολιότητι
1218 726 1332 793 τῆς
1361 724 1568 794 ψυχῆς
1593 741 1707 778 σου
1736 724 1806 777 ἐν
1834 717 1876 795 ᾖ

297 813 487 883 ἡμέρᾳ
515 814 763 882 ἐτέχϐης
784 832 798 846 ο
830 817 929 869 καὶ
962 815 1211 883 διῆλθον
1234 813 1336 868 ἐπὶ
1360 815 1455 875 σὲ,
1480 813 1576 866 καὶ
1617 809 1782 867 εἶδόν
1801 827 1875 867 σε

293 906 686 974 πεφυρμένην
715 908 785 959 ἐν
815 904 895 971 τῷ
919 907 1121 975 αἵματί
1148 921 1288 970 σου,
1315 904 1412 957 καί
1444 901 1586 958 εἶπά
1619 918 1737 968 σοι,
1777 906 1872 958 Ἐκ

295 995 401 1048 τοῦ
432 997 681 1064 αἵματός
708 1013 825 1050 σου
855 997 893 1063 τ’]
922 994 1035 1065 ζωή
1066 1013 1207 1062 σου,
1242 997 1579 1064 πληθύνου,
1609 994 1804 1061 καθὼς
1832 997 1871 1064 ἠ

295 1084 565 1152 ἀνατολὴ
604 1086 712 1139 τοῦ
744 1085 932 1153 ἀγροῦ
969 1083 1199 1138 δέδωκά
1231 1097 1325 1137 σε.
1359 1083 1468 1153 Τῆς
1499 1079 1593 1137 οὖν
1619 1082 1714 1136 τοῦ
1743 1082 1874 1151 φύε-

295 1178 420 1230 σθαι
452 1176 540 1229 διά
569 1179 667 1246 τῆς
694 1178 902 1247 σπορᾶς
930 1176 1022 1229 ίσα
1049 1176 1230 1246 χόρτῳ
1256 1177 1347 1228 καὶ
1369 1175 1436 1228 δι’
1463 1176 1693 1245 αἵματος
1732 1175 1871 1228 κατὰ

291 1268 361 1320 τὰ
388 1267 550 1321 λοιπά
584 1268 698 1332 ζῶα
725 1269 826 1337 τὴν
853 1267 998 1338 ζωὴν
1025 1268 1170 1337 ἔχειν
1200 1266 1496 1336 καταδίκης
1522 1267 1551 1318 ό
1581 1266 1681 1336 τὴν
1709 1264 1871 1335 φύσιν

290 1356 586 1426 ἐξιώμενος
639 1358 733 1412 καὶ
789 1358 925 1428 πρὸς
983 1358 1081 1428 τὴν
1140 1358 1375 1427 ἀρχαίαν
1422 1357 1523 1426 τῆς
1562 1354 1871 1425 ἀφθαρσίας

289 1450 450 1519 χάριν
484 1449 775 1516 ἐπανάγων
814 1448 1036 1519 Κύριος,
1070 1444 1233 1517 ἦλθεν
1262 1447 1433 1516 αὐτὴν
1478 1445 1867 1517 ἐλευθερῶσαι,

290 1542 384 1593 καὶ
419 1539 679 1608 ἐμφανῶς
713 1541 812 1608 μὲν
868 1541 1008 1609 αὐτῇ
1041 1539 1213 1602 δεῖξαι
1244 1538 1379 1609 πρὸς
1423 1537 1556 1606 ὅπερ
1602 1536 1867 1606 γενομένη

292 1631 414 1683 κατ’
448 1629 622 1701 ἀρχὰς
654 1629 886 1692 οὐδόλως
920 1628 1147 1699 ἐκινήθη
1182 1629 1365 1693 καλὸν,
1401 1631 1495 1683 καὶ
1540 1629 1782 1699 πατῆσαι
1807 1627 1869 1680 τὸ

1974 447 2058 499 die
2082 462 2185 516 qua
2211 456 2345 499 nata
2383 461 2471 500 es:
2499 454 2549 499 et
2582 448 2807 501 transivi
2835 448 2905 501 ad
2934 457 3003 513 te,
3033 458 3081 502 et
3126 449 3232 503 vidi
3261 459 3310 504 te
3334 456 3554 526 concul-

1972 540 2086 592 cari
2110 539 2165 591 in
2189 541 2448 609 sanguine
2480 547 2589 605 tuo,
2636 548 2693 596 et.
2719 540 2832 593 dixi
2880 540 3011 594 tibi:
3058 541 3138 596 Ea:
3173 543 3433 613 sanguine
3458 557 3549 599 tuo

1973 629 2079 682 vita
2100 639 2213 684 tua.
2245 629 2623 700 Multiplicare,
2652 640 2710 683 ut
2742 638 2918 685 ortum
2941 634 3058 702 agri
3084 633 3203 686 dedi
3233 643 3283 687 te
3306 635 3355 687 ιι.
3386 636 3550 690 Dam-

1972 723 2188 776 natoria
2213 722 2382 792 igitur
2412 723 2552 793 lege,
2589 737 2698 791 qua
2739 737 2841 791 per
2885 722 3153 778 sationem
3196 740 3381 793 parem
3421 743 3548 782 cum

1973 812 2245 881 gramine,
2280 820 2338 865 et
2382 826 2482 881 per
2512 811 2838 881 sanguinem
2871 813 3122 867 eamdem
3145 828 3270 867 cum
3320 815 3552 885 reliquis

1971 902 2306 983 animalibus
2354 903 2524 956 vitam
2579 902 2867 967 habemus,
2916 903 3252 959 liberaturus
3292 913 3547 959 naturam

1970 991 2125 1047 venit
2156 992 2443 1056 Dominus,
2478 1000 2691 1047 natura:
2720 1002 3044 1062 persanator
3075 1001 3131 1047 et
3159 994 3227 1048 ad
3259 995 3548 1064 pristinam

1972 1082 2519 1152 incorruptibilitatis
2542 1083 2775 1152 gratiam
2833 1084 3128 1153 deductor,
3150 1086 3423 1155 simulque
3456 1087 3546 1141 lu—

1969 1174 2221 1228 culenter
2263 1173 2315 1228 ei
2339 1166 2752 1227 monstraturus
2787 1174 3082 1242 pulchrum
3118 1174 3187 1228 ad
3229 1175 3378 1245 quod
3416 1191 3548 1232 con-

1969 1263 2084 1318 dita
2118 1264 2396 1333 principio
2427 1263 2857 1333 haudquaquam
2904 1275 3158 1334 promota
3193 1274 3299 1331 est,
3327 1277 3385 1323 et
3431 1283 3549 1322 ma-

1967 1355 2082 1409 lum
2103 1354 2556 1419 conculcaturus,
2576 1354 2652 1407 ad
2685 1354 2831 1423 quod
2881 1354 3045 1409 simul
3096 1364 3262 1425 atque
3287 1356 3429 1411 facta
3461 1367 3550 1411 est

1967 1445 2352 1501 fraudulenter
2409 1460 2573 1499 omne
2623 1460 2784 1499 suum
2823 1445 3230 1500 innaturaliter
3294 1458 3549 1517 promota

1968 1535 2510 1601 roburcxinanivit,
2567 1543 2623 1589 et
2682 1535 3038 1606 colligaturus
3086 1539 3550 1607 concupiscentia!

1967 1627 2080 1681 vim
2115 1626 2296 1697 (cujus
2323 1626 2625 1680 umbilicus
2649 1634 2736 1681 est
2764 1625 2989 1697 imago),
3021 1642 3144 1696 quae
3195 1628 3549 1698 genitabilem

292 1722 528 1792 πονηρὸν
560 1721 697 1791 πρὸς
723 1722 863 1792 ὅπερ
920 1708 1036 1790 ἅμα
1063 1720 1142 1789 τῷ
1169 1720 1425 1787 γενέσθαι
1452 1719 1542 1773 διὰ
1582 1720 1680 1790 τῆς
1720 1718 1867 1773 ἀπά·

1972 1718 2028 1771 in
2061 1718 2211 1772 bono
2248 1717 2497 1771 habitum
2552 1717 2774 1771 ﬁrmum
2826 1727 2991 1788 atque
3046 1720 3303 1774 stabilem
3351 1720 3548 1776 sortita

290 1830 390 1882 της
419 1812 520 1883 τὴν
551 1813 679 1882 ὃλην
720 1813 894 1883 αὐτῆς
924 1812 1212 1879 κινηθεῖσα
1241 1812 1394 1882 παρά
1432 1811 1594 1882 φύσιν
1639 1810 1869 1864 κατεκέ-

290 1923 429 1958 νωσε
474 1904 726 1975 δύναμιν,
767 1904 863 1957 καὶ
895 1902 1200 1971 καταδῆσαι
1248 1902 1383 1972 πρὸς
1423 1901 1615 1956 ἑαυτὸν
1646 1901 1746 1971 τὴν
1770 1900 1871 1971 τῆς

289 1995 587 2067 ἐπιθυμίας
622 1995 854 2064 δύναμιν
885 1989 970 2065 (ἦς
1002 1994 1237 2064 ὑπάρχει
1263 1997 1291 2048 ὁ
1320 1992 1569 2063 ὀμφαλὸς
1599 1992 1800 2062 (228
1815 1991 1867 2061 ὁ)

289 2087 558 2158 σύμϐολον
578 2086 629 2155 ),⁷
649 2087 748 2157 τὴν
778 2089 837 2139 ὲν
861 2085 940 2155 τῷ
968 2085 1158 2155 ἀγαθῷ
1189 2087 1413 2154 γόνιμον
1440 2083 1558 2151 ἓξιν
1589 2083 1864 2136 λαϐοῦσαν

286 2177 491 2246 παγίαν
525 2179 621 2230 καὶ
650 2177 1064 2247 ἀμετάπτωτον,
1096 2176 1191 2230 καὶ
1222 2174 1412 2229 λοῦσαι
1442 2176 1501 2229 ὲν
1533 2174 1708 2238 ὕδατι,
1732 2171 1867 2227 καθ-

286 2271 413 2340 ᾶραι
443 2269 602 2345 leiwa
623 2269 731 2321 τῶν
765 2264 1057 2339 μολυσμῶν
1105 2268 1204 2338 τῆς
1248 2268 1471 2336 ἀγνοίας
1511 2266 1591 2336 τῷ
1637 2265 1867 2333 πελάγει

236 2377 244 2385 ⁵
285 2363 384 2431 τῆς
427 2360 821 2430 περιχυθείσης
864 2360 1001 2430 αὐτῇ
1056 2358 1200 2412 κατά
1243 2358 1343 2428 τὴν
1392 2359 1554 2429 χάριν
1587 2355 1865 2424 γνώσεως,

286 2454 381 2507 καὶ
414 2453 593 2506 ἀλίσαι
619 2452 728 2515 ἁλὶ,
765 2452 857 2505 καὶ
887 2450 1285 2521 σπαργανῶσαι
1316 2449 1681 2518 σπαργάνοις,
1704 2463 1863 2500 τουτ-

287 2547 405 2599 έστι
444 2546 541 2616 τὴν
573 2546 708 2616 πρὸς
754 2546 890 2615 ὅπερ
936 2544 1162 2612 γέγονεν
1204 2542 1408 2610 ἀγαθὸν
1444 2540 1680 2611 φυσικὴν
1716 2538 1869 2608 ἐνέρ-

1971 1818 2077 1872 est,
2114 1817 2171 1863 et
2225 1809 2444 1863 loturus
2498 1809 2553 1861 in
2612 1824 2774 1877 aqua,
2803 1797 3159 1881 purgaturus,
3208 1811 3549 1881 inquam,de

1968 1898 2295 1969 ignorantia:
2350 1898 2789 1968 inquinamentis
2822 1900 2878 1954 in
2904 1900 3048 1955 unda
3086 1903 3422 1973 cognitionis
3458 1919 3549 1958 se-

1969 1989 2213 2045 cundum
2238 1990 2471 2059 gratiam
2495 1989 2599 2059 ipsi
2629 1988 2996 2057 circumfusae,
3028 2000 3084 2046 et
3105 1993 3370 2049 saliturus
3412 1995 3546 2059 sale,

1967 2088 2024 2135 et
2049 2080 2399 2134 involuturus
2448 2082 2666 2150 pannis,
2710 2082 2817 2137 hoc
2841 2094 2926 2137 est
2948 2084 3258 2138 naturalem
3298 2084 3365 2138 ad
3396 2087 3548 2155 quod

1966 2170 2174 2224 bonum
2206 2181 2501 2239 procreata
2533 2179 2619 2225 est
2641 2172 2915 2227 actionem
2949 2173 3150 2243 spiritu
3194 2174 3426 2245 ﬁrmiter
3457 2191 3549 2231 so-

1968 2262 2215 2325 lidando,
2233 2262 2666 2332 .putrel‘actionis
2694 2262 2989 2319 all'ectuum
3009 2280 3204 2335 puram
3222 2265 3548 2322 redditurus

1968 2361 2024 2408 et
2057 2354 2397 2424 incapacem,
2432 2362 2489 2407 et
2528 2369 2781 2409 verarum
2803 2355 2880 2409 lin
2911 2355 3078 2411 rebus
3128 2372 3253 2426 quae
3276 2364 3405 2411 sunt
3454 2373 3546 2412 ra-

1968 2444 2182 2500 tionum
2209 2446 2416 2500 amictu
2464 2458 2774 2515 pannorum
2810 2445 2976 2500 modo
3005 2447 3546 2519 circumstringendo

1967 2536 2037 2591 ab
2057 2537 2207 2591 omni
2235 2536 2505 2593 eﬂ‘usione
2538 2537 2910 2593 cohibiturus.

285 2653 440 2704 γειαν
467 2634 635 2706 ἀπρὶξ
662 2634 968 2705 στερεὼσας
996 2633 1075 2704 τῷ
1101 2633 1393 2704 πνεύματι,
1429 2632 1644 2703 σήψεως
1665 2629 1854 2684 παθῶν
1891 2627 2140 2699 καθαρὰν
2172 2630 2511 2699 καταστῆσαι
2547 2632 2640 2684 καὶ
2669 2631 3036 2694 ἀνεπίδεκτον,
3064 2633 3158 2686 καὶ
3181 2635 3247 2705 τῇ
3284 2634 3542 2708 περιϐολῇ

284 2726 393 2780 τῶν
427 2729 484 2780 ὲν
521 2728 633 2789 τοῖς
666 2721 815 2780 οὖσιν
881 2725 1098 2796 ἀληθῶν
1129 2726 1304 2795 λόγων
1365 2726 1521 2795 δίκην
1589 2721 1919 2794 σπαργάνων
1952 2721 2315 2792 περισφίγξας
2355 2722 2640 2794 ἀξιάχυτον
2689 2721 2965 2786 παντελῶς
2996 2724 3432 2796 ἀπεργάσασθαι.

661 2903 846 2971 Ἄλλη
875 2905 964 2968 εἷς
994 2900 1060 2955 τὸ
1088 2902 1234 2957 αὐτὸ
1261 2901 1491 2971 θεωρία.

355 3016 531 3086 Τυχδν
568 3015 625 3067 δὲ
668 3015 758 3068 διὰ
807 3016 916 3069 τῶν
942 3015 1249 3086 εἰρημένων
1282 3017 1311 3068 6
1339 3015 1657 3082 διδάσκαλος
1684 3015 1862 3072 διττδν

2351 2901 2479 2985 .Alia
2503 2904 2559 2957 in
2594 2903 2728 2957 idem
2748 2907 3146 2976 contemplatio.

2037 3012 2289 3069 Fortasse
2319 3028 2452 3068 vero
2486 3012 2609 3070 istis
2637 3015 2822 3070 verbis
2858 3017 3120 3087 magister
3142 3017 3417 3089 duplicem
3451 3037 3542 3080 es-

284 3103 422 3160 εῐναι
452 3106 542 3159 τὸν
574 3106 715 3158 κατά
759 3105 859 3175 τὴν
887 3106 1101 3172 γένεσιν
1134 3106 1234 3176 τῆς
1264 3105 1615 3178 ἀνθρωπίνης
1644 3108 1860 3176 φύσεως

1965 3119 2024 3161 se
2054 3103 2309 3161 humanae
2334 3105 2637 3182 secundum
2652 3107 3023 3163 conditionem
3042 3119 3251 3167 natura:
3267 3114 3539 3170 rationem

286 3197 443 3265 λόγον
471 3214 530 3249 τε
565 3197 658 3249 καὶ
696 3195 897 3267 τρόπον
933 3195 1346 3267 εἰσηγούμενος,
1388 3196 1480 3249 τὸν
1521 3197 1622 3265 μὲν
1664 3195 1863 3267 ψυχῆς,

284 3293 377 3343 τὸν
405 3290 463 3342 δὲ
494 3288 767 3360 σώματος,
795 3288 895 3358 τὴν
936 3289 1003 3341 ὲκ
1037 3288 1308 3358 σωμάτων
1349 3288 1608 3357 γέννησιν
1647 3290 1727 3351 είς
1772 3286 1869 3341 δύο

287 3386 409 3440 κατ’
436 3386 683 3439 ἐπίνοιαν
731 3383 894 3437 διεῖλε
938 3384 1242 3453 γεννήσεις,
1273 3382 1373 3451 τὴν
1406 3382 1504 3452 μὲν
1539 3381 1717 3452 ψυχὴν
1768 3385 1866 3450 ὲμ-

286 3478 491 3545 φαίνων
525 3477 777 3547 ἀρρήτως
807 3476 872 3527 ἐκ
902 3473 995 3527 τοῦ
1027 3473 1297 3526 θείουοκαὶ
1346 3471 1578 3536 ζωτικοῦ
1612 3472 1864 3542 ὲμφυσήυ

290 3584 459 3638 ματος
496 3565 915 3636 συνισταμένην,
945 3566 1004 3619 τὸ
1036 3565 1092 3618 δὲ
1121 3564 1281 3633 σῶμα
1307 3565 1372 3616 ὲκ
1417 3563 1518 3633 τῆς
1562 3562 1862 3630 ὑποκειμέ-

208 3659 216 3667 ’
287 3674 382 3725 νης
416 3656 550 3727 ὕλης
574 3658 669 3710 τοῦ
700 3656 759 3724 ἐξ
803 3648 975 3726 οὗπέρ
1003 3658 1149 3709 ἐστιν
1174 3655 1292 3725 ἅμα
1313 3659 1378 3726 τῇ
1410 3654 1556 3726 ψυχῇ
1593 3654 1736 3709 κατὰ
1764 3653 1863 3723 τὴν

290 3746 554 3818 σύλληψιν
603 3746 890 3816 γινόμενον
957 3744 1228 3814 σώματος.
1283 3745 1357 3797 Οὐ
1412 3743 1522 3812 γὰρ
1558 3743 1650 3796 τὸν
1698 3740 1887 3794 αὑτὸν·

287 3836 724 3907 ἀπαραλλάκτως
769 3833 935 3904 φάναι
985 3833 1144 3903 θέμις
1189 3833 1275 3886 ἐπ’
1315 3833 1520 3902 ἀμφοῖν
1557 3830 1656 3899 τῆς
1707 3828 1861 3897 γενέ-

254 3952 267 3955 -
289 3944 427 3990 σεως
458 3925 599 3981 εἶναι
636 3927 727 3980 τὸν
756 3919 915 3994 λόγον
945 3928 1039 3980 καὶ
1071 3926 1166 3979 τὸν
1206 3924 1424 3995 τρόπον,
1451 3925 1532 3976 ὅτι
1568 3921 1703 3992 μηδὲ
1725 3937 1862 3974 ταν-

286 4019 379 4073 τὺν
406 4019 659 4090 ἀλλήλοις
700 4019 841 4073 κατά
881 4019 982 4087 τὴν
1024 4017 1215 4071 οὐσίαν
1264 4015 1431 4085 ἄμφω
1452 4014 1625 4067 ταῦτα
1656 4011 1859 4081 τυγχά-

287 4127 488 4164 νουσιν.
529 4105 631 4161 Ὧν
664 4111 773 4181 γὰρ
800 4090 1053 4179 ἀλλήλοις
1085 4107 1171 4177 μὴ
1220 4107 1413 4159 ταυτόν
1452 4107 1568 4158 ἐστι
1604 4102 1667 4157 τὸ
1696 4098 1856 4165 εἶναι,

282 4200 486 4255 τούτων
530 4201 773 4268 δηλονότι
811 4202 906 4255 καὶ
953 4203 983 4254 6
1026 4199 1165 4271 πρὸς
1208 4197 1413 4269 ἄλληλα
1466 4197 1565 4266 τῆς
1594 4195 1858 4263 γενέσεως

284 4292 665 4363 παρήλλακται
711 4292 866 4359 λόγος
916 4293 1010 4345 καὶ
1057 4291 1277 4361 τρόπος.
1323 4288 1485 4341 Ἀλλά
1528 4287 1704 4356 ψυχῆς
1756 4284 1858 4354 μὲν
1897 4340 1901 4343 ,

280 4381 438 4434 ἄλλον
484 4379 623 4434 εἶναι
657 4381 862 4434 δίκαιον
906 4380 1110 4433 οἴεσθαι
1156 4379 1249 4435 καὶ
1296 4378 1451 4446 λόγον
1495 4377 1590 4430 καὶ
1631 4376 1854 4446 τρόπον,

1966 3210 2031 3252 ac
2058 3196 2282 3250 modum
2305 3203 2575 3262 statuens,
2601 3197 2834 3252 alterum
2864 3199 3083 3265 animae,
3119 3201 3357 3257 alterum
3410 3219 3540 3262 cor-

1964 3288 2139 3357 poris,
2163 3288 2501 3364 corporalem
2522 3289 2935 3358 generationem
2956 3290 3009 3343 in
3035 3291 3175 3345 duas
3199 3294 3539 3364 cogitatione

1964 3377 2152 3434 divisit
2174 3360 2578 3449 generationes,
2606 3378 2842 3434 animam
2870 3381 3091 3449 quidem
3122 3360 3338 3439 occulte
3361 3386 3536 3457 signi-

1962 3466 2134 3524 ﬁcans
2154 3484 2220 3523 ex
2242 3468 2432 3524 divino
2453 3479 2619 3539 atque
2659 3471 2812 3525 vitali
2849 3472 3222 3531 insuﬂlatione
3255 3488 3533 3544 constare,

1960 3576 2164 3629 corpus
2190 3575 2323 3615 vero
2351 3575 2416 3615 ex
2447 3561 2693 3632 subjecta
2717 3563 2952 3617 materia
2981 3566 3102 3636 ejus
3141 3567 3288 3623 unde
3310 3569 3384 3623 sit
3409 3585 3536 3626 cor-

1961 3650 2114 3720 poris
2129 3651 2293 3706 simul
2327 3666 2453 3705 cum
2495 3653 2678 3707 anima
2703 3656 3088 3725 conceptionis
3122 3660 3212 3713 via
3255 3660 3395 3716 fieri.
3423 3662 3536 3719 Ne-

1961 3755 2070 3809 que
2099 3742 2248 3796 enim
2280 3741 2361 3795 fas
2377 3750 2464 3796 est
2488 3743 2696 3813 absque
2728 3746 2838 3800 ulla
2867 3747 3181 3806 differentia
3210 3752 3267 3808 in
3295 3759 3535 3823 utroque

1959 3832 2210 3887 eamdem
2238 3833 2578 3891 conditionis
2602 3835 2791 3892 dicere
2848 3826 3118 3895 rationem
3172 3851 3230 3898 et
3283 3846 3532 3911 modum,

1960 3922 2220 3992 quoniam
2274 3938 2378 3978 nec
2425 3924 2572 4004 idem
2625 3926 2693 3980 de
2729 3928 2969 3983 essentia
3024 3932 3189 3987 ambo
3238 3936 3530 3991 exsistunt.

1959 4013 2201 4081 Quorum
2237 4015 2382 4069 enim
2434 4016 2760 4072 exsisteutia
2799 4034 2911 4074 non
2941 4022 3132 4077 eadem
3173 4033 3303 4089 est,‘
3334 4026 3532 4083 borum

1958 4113 2015 4159 et
2071 4106 2415 4162 conditionis
2477 4108 2749 4163 rationem
2797 4126 2861 4165 ac
2917 4112 3143 4168 modum
3213 4115 3533 4189 discrepare

1957 4204 2131 4264 patet.
2162 4196 2299 4261 lmo,
2336 4197 2533 4253 animae
2557 4198 2780 4268 quidem
2828 4216 2930 4271 par
2960 4211 3045 4258 est
3093 4205 3323 4261 credere
3359 4209 3531 4265 alium

1956 4299 2078 4340 esse
2107 4295 2165 4341 et
2186 4286 2458 4342 rationem
2484 4296 2542 4343 et
2570 4290 2816 4357 modum,
2849 4309 2960 4363 quo
3004 4295 3095 4350 ﬁat
3128 4305 3184 4351 et
3226 4299 3299 4354 sit
3321 4307 3377 4353 et
3407 4317 3531 4371 per-

1959 4386 2199 4442 severet,
2227 4388 2285 4433 et
2308 4380 2476 4435 alium
2511 4382 2766 4440 similiter
2795 4389 3064 4457 corporis,
3101 4406 3212 4460 quo
3249 4392 3343 4447 (lat
3381 4402 3438 4449 et
3459 4397 3533 4452 sit

282 4469 403 4523 καθ’
437 4469 497 4522 ὃν
538 4468 747 4537 γίνεταί
797 4486 853 4521 τε
888 4467 984 4522 καὶ
1018 4458 1151 4520 ’ἐστι
1185 4468 1280 4521 καὶ
1309 4465 1661 4542 ἀμεταϐόλως
1706 4463 1856 4534 μένει

1965 4472 2015 4517 et
2036 4466 2155 4521 sine
2180 4468 2289 4523 ulla
2318 4470 2701 4528 immutatione
2734 4486 2975 4542 maneat,
2999 4488 3055 4533 et
3081 4495 3205 4535 cum
3233 4484 3414 4540 anima
3437 4501 3535 4542 co-
3589 4521 3592 4524 ~

283 4559 443 4627 σῶμα
472 4559 568 4612 καὶ
601 4558 746 4629 ψυχῇ
785 4557 1213 4628 συναπτόμενον.

1965 4554 2223 4623 pulatum,
2262 4574 2482 4628 corpus.

279 4730 475 4807 (229'
497 4733 565 4805 a)
601 4734 821 4801 Θεωρία
851 4735 1156 4803 σύντομος
1203 4734 1353 4802 πρὸς
1379 4734 1523 4801 τοὺς
1558 4736 1852 4806 λέγοντας

1965 4730 2345 4801 Contemplatio
2384 4734 2550 4790 breuis
2582 4738 2652 4791 ad
2691 4755 2775 4793 eos
2801 4743 2891 4811 qui
2924 4737 3107 4799 dicunt
3157 4750 3368 4806 animas
3407 4762 3532 4808 ante

351 4826 757 4894 προϋπάρχειν
781 4827 819 4894 ἢ
847 4825 1256 4895 μεθυπάρχειν
1279 4825 1399 4881 τῶν
1417 4827 1709 4898 σωμάτων
1732 4830 1851 4905 {ac

2351 4822 2430 4877 vel
2466 4835 2580 4894 post
2623 4844 2845 4899 corpora
2870 4835 3135 4890 exsistere.

350 4916 573 4985 ψυχάς·

292 5102 295 5105 ἰ
350 5031 413 5083 Εἰ
452 5030 546 5083 καὶ
574 5029 692 5098 ἄμα
730 5029 872 5083 κατά
898 5030 998 5100 τὴν
1034 5030 1269 5102 ὕπαρξιν
1299 5032 1646 5103 ἀμφοτέρων,
1673 5033 1847 5106 ψυχῆς

2025 5046 2287 5139 Quamvis
2349 5050 2512 5105 simul
2571 5054 2725 5123 juxta
2790 5057 3151 5115 substantiam
3207 5068 3527 5139 utriusque,

275 5120 420 5187 λέγω
451 5121 545 5173 καὶ
575 5117 847 5188 σώματος,
881 5121 909 5172 6
950 5120 1113 5184 αὑτός
1148 5122 1267 5174 ἐστι
1291 5122 1392 5191 τῆς
1428 5124 1696 5192 γενέσεως
1719 5128 1849 5198 χρό-

1965 5140 2175 5202 animae,
2196 5138 2444 5210 inquam,
2469 5152 2525 5198 et
2545 5146 2815 5214 corporis.
2847 5148 2993 5203 idem
3041 5161 3125 5207 est
3153 5117 3529 5225 generationis

275 5228 384 5274 νος,
417 5211 630 5274 οὐδενὸς
678 5207 773 5263 τοῦ
831 5210 1020 5281 ἑτέρου
1065 5214 1531 5285 προῦπάρχοντος,
1566 5217 1641 5281 ὡς
1690 5218 1846 5290 ἔφην,

1965 5233 2200 5297 tempus.
2237 5207 2363 5286 cum
2385 5207 2660 5287 neutrum.
2678 5234 2834 5289 alteri
2867 5207 3532 5316 praaexsistatIq—uemad:

275 5304 418 5356 κατά
456 5302 556 5374 τὴν
585 5302 798 5370 γένεσιν
828 5301 861 5371 ἢ
894 5301 1359 5374 μεθυπάρχοντος,
1393 5307 1479 5361 ἵνα
1521 5309 1596 5380 μὴ
1648 5310 1743 5363 τοῦ
1788 5313 1847 5379 ἐξ

1965 5318 2178 5389 modum
2234 5320 2370 5389 dixi,
2423 5324 2729 5380 secundum
2792 5329 3227 5401 generationem,
3276 5301 3361 5395 ῧθι
3404 5334 3531 5409 past

343 5433 374 5474 ιι
401 5432 602 5489 Ezech.
625 5448 735 5497 xw,
760 5432 795 5486 5
823 5446 974 5502 seqq.

1506 5582 1509 5583 ,
1536 5530 1772 5591 VARUE
1805 5536 2206 5605 LECTIONES.

347 5639 393 5674 "‘
428 5637 817 5715 Apographum
841 5637 1048 5707 prabet
1078 5639 1353 5711 ὀφθαλμόν
1386 5662 1501 5701 σου,

520 5733 791 5794 ΡΑτιιοῑ..
826 5732 941 5794 GR.
980 5734 1126 5794 XCI.
1636 5808 1639 5811 ἰ
2753 5791 2756 5794 .
3134 5769 3211 5828 ω
