4038 6146
247 4527 328 4573 ri

329 265 464 331 1395

1487 291 1491 294 -
1547 256 2062 318 AMBIGUORUM
2097 255 2348 315 LIBER.

3425 245 3558 310 1396

399 375 461 428 Εἰ
510 373 568 426 δὲ
617 372 696 442 τῷ
738 371 911 443 Ἀδὰμ
958 371 1382 441 ὲνηκολούῦησεν
1409 372 1448 401 ⁸⁷
1497 373 1531 440 ἡ
1583 369 1744 439 διπλῆ
1787 372 1881 425 τοῦ

2059 367 2210 432 Quod
2230 366 2272 420 si
2297 365 2504 418 Adamo
2519 369 2915 430 consequenter
2931 359 3162 430 contigit
3175 359 3372 428 duplex
3390 357 3560 412 insuf-

327 466 542 536 ὲμφυσή
553 482 719 534 ματος
747 463 974 532 δύναμις
1020 463 1159 517 κατὰ
1188 463 1288 530 τὴν
1320 463 1398 523 εἰς
1421 461 1481 514 τὸ
1515 456 1652 514 εἶναι
1678 461 1891 529 γένεσιν

329 555 648 626 σύνδρομος,
673 554 728 607 τί
758 554 824 608 ἄν
846 571 928 616 τις
950 553 1094 606 εἴποι
1119 553 1247 620 περὶ
1273 548 1368 602 τοῦ
1399 551 1541 603 κατὰ
1560 551 1657 620 τὴν
1685 551 1895 622 ἀνθρω-

329 648 540 717 πότητα
563 644 974 716 συναμφοτέρου
1017 641 1113 698 τοῦ
1154 640 1290 694 Θεοῦ
1322 641 1417 694 καὶ⁸
1464 643 1713 712 Σωτῆρος
1739 643 1895 712 ἡμῶν

347 737 524 808 Ἰησοῦ
557 735 816 806 Χριστοῦ,
871 735 1049 804 ψυχῆς
1104 733 1248 802 λέγω
1303 735 1400 787 καλ⁵
1441 733 1728 803 σώματος;
1755 735 1892 804 ὅπερ

331 827 520 898 κρᾶμα
571 826 716 879 κατὰ
761 824 824 878 τὸ
873 823 1094 878 δυνατὸν
1141 824 1444 894 ἐμφέρειαν
1495 823 1656 888 σώζει
1692 823 1893 896 πολλὴν

333 914 470 987 πρὸς
517 915 607 970 τὸν
659 914 872 984 πρῶτον
956 913 1148 983 Ἀδάμ.
1213 915 1425 984 Ὥσπερ
1485 913 1616 984 γὰρ,
1667 913 1742 977 ὡς
1800 914 1898 966 αύ-

332 1004 424 1065 τός
454 1021 616 1072 φησιν
653 1006 680 1060 ὁ
731 1002 1069 1067 διδάσκαλος,
1128 1004 1281 1072 παρὰ
1333 1004 1432 1074 τῆς
1463 1002 1596 1074 ὕλης
1627 1003 1688 1056 τὸ
1736 1003 1896 1073 σῶμα

539 1094 593 1162 a)
639 1091 821 1145 λαϐὼν
851 1092 880 1143 ὁ
916 1092 1067 1157 Θεὸς,
1089 1092 1363 1156 νεοτελοῦς
1379 1093 1426 1125 ⁸⁸
1475 1093 1718 1164 δηλονότι
1761 1111 1897 1161 προ-

335 1183 665 1251 ὓποστάσης,
693 1181 822 1252 παρ’
849 1181 1044 1234 ἑαυτοῦ
1071 1181 1124 1234 δὲ
1155 1181 1299 1252 ζωὴν
1323 1183 1518 1248 ἐνθεὶς,
1551 1185 1579 1238 ὃ
1607 1184 1670 1255 δὴ
1701 1202 1786 1236 vos
1799 1185 1896 1252 ρὰν

331 1273 504 1342 ψυχὴν
532 1273 625 1325 καὶ
661 1273 842 1325 εἰκόνα
865 1271 1000 1324 Θεοῦ
1013 1268 1168 1346 ,οἶδεν
1198 1274 1226 1326 ὁ
1255 1273 1433 1340 λόγος,
1465 1273 1788 1344 δημιουργεῖ
1807 1273 1898 1326 τὸν

335 1365 430 1418 ᾶνο
442 1380 642 1433 ρωπον,
673 1363 764 1416 τὸν
785 1363 948 1416 αὐτὸν
970 1363 1172 1430 τρόπον
1196 1365 1290 1417 καὶ
1317 1365 1376 1430 ἐξ
1392 1365 1658 1442 ᾁχράντου
1689 1363 1894 1434 Παρθέ-

333 1472 424 1507 νου
453 1455 616 1506 οἱονεὶ
639 1454 739 1523 γῆς
769 1455 1038 1522 ἀμιάντου
1069 1455 1132 1507 τὸ
1171 1455 1330 1524 σῶμα
1361 1455 1561 1520 λαϐὼν,
1599 1459 1731 1526 παρ’
1767 1457 1898 1509 ἑαυ-

334 1542 426 1595 τοῦ
453 1542 506 1594 δὲ
540 1541 680 1612 ζωὴν
713 1541 908 1603 ὲνοεὶς,
943 1541 971 1594 ὃ
997 1543 1060 1612 δὴ
1082 1541 1259 1614 ψυχὴν
1279 1547 1322 1578 δ’
1348 1547 1539 1616 νοερὰν
1577 1547 1672 1599 καὶ
1717 1546 1899 1599 εἰκόνα

335 1633 468 1685 Θεοῦ
495 1627 632 1685 οἶδεν
650 1634 678 1685 ό
695 1633 871 1701 λόγος,
896 1633 956 1688 τὸ
973 1634 1167 1688 ἑαυτοῦ
1189 1633 1526 1706 ἀνθρώπινον
1541 1639 1587 1670 ⁷ο
1607 1638 1699 1706 ὲδη
1709 1637 1900 1707 μιούρ-

1995 459 2234 513 llationis
2272 457 2448 510 virtus
2475 467 2813 510 concurrens
2844 444 2922 506 ad'
2942 451 3279 506 exsistentia:
3303 465 3564 518 procrea-

1999 548 2225 610 tionem,
2255 544 2390 614 quid
2414 543 2599 598 dicere
2621 541 2746 611 quis
2775 540 2951 594 valeat
2978 539 3046 593 de
3072 539 3184 592 Deo
3203 546 3258 591 ct
3279 537 3563 590 Salvatore

1995 645 2185 692 nostro
2227 636 2356 692 Jesu
2409 635 2649 693 Christo.
2683 631 2777 702 qui
2827 629 3133 685 secundum
3163 628 3560 682 humanitatem

1997 737 2296 796 utrumque
2323 726 2508 790 habet,
2543 724 2782 778 animam
2811 721 3069 775 videlicet
3100 729 3157 774 et
3187 723 3564 789 corpus'lqua:

1992 817 2302 887 complexio
2331 824 2598 886 quantum
2623 813 2738 868 ﬁeri
2771 821 2952 882 potest
2974 825 3222 880 magnam
3248 807 3564 864 similitudi~

1997 925 2124 964 nem
2179 915 2364 962 servat
2421 922 2546 961 cum
2600 905 2781 976 primo
2835 903 3030 958 Adam.
3089 899 3562 968 Quemadmodum

1997 999 2166 1063 enim,
2223 998 2368 1053 sicut
2393 997 2537 1053 idem
2597 997 2672 1051 ait
2705 995 2917 1058 doctor,
2970 1010 3002 1048 a
3061 993 3295 1048 materia
3340 991 3565 1062 capiens

1997 1106 2198 1161 corpus
2217 1091 2383 1154 Deus,
2405 1105 2526 1159 quae
2543 1103 2732 1142 recens
2753 1085 3012 1142 videlicet
3034 1083 3367 1140 subsistebat
3383 1091 3562 1143 antea,

1997 1196 2030 1235 a
2052 1196 2110 1235 se
2127 1195 2259 1235 vero
2293 1181 2460 1234 vitam
2485 1179 2702 1240 indens,
2736 1176 2882 1246 quod
2925 1175 3184 1254 nimirum
3224 1174 3568 1228 intellectua-

1994 1272 2105 1325 lem
2131 1271 2372 1325 animam
2397 1278 2454 1324 et
2483 1269 2776 1338 imaginem
2799 1268 2894 1322 Dei
2929 1267 3214 1336 Scriptura
3271 1264 3527 1334 intelligit
3550 1304 3562 1326 ,

1999 1359 2278 1413 hominem
2291 1357 2618 1420 en‘ormavit,
2637 1355 2781 1409 haud
2799 1355 2956 1409 aliter
2977 1355 3144 1409 etiam
3164 1369 3231 1408 ex
3249 1353 3567 1408 intaminata

1999 1450 2219 1520 Virgine
2245 1459 2502 1518 tanquam
2523 1447 2845 1501 intemerata
2871 1453 3016 1499 terra
3037 1459 3236 1512 corpus
3257 1459 3566 1504 assumens,

1998 1556 2066 1596 ex
2095 1557 2154 1595 se
2175 1551 2358 1594 autem
2393 1538 2558 1592 vitam
2585 1535 2802 1598 indens,
2845 1533 2993 1604 quod
3038 1532 3299 1586 nimirum
3327 1532 3566 1586 animam

2003 1629 2430 1687 intellectualem
2486 1637 2544 1682 et
2602 1627 2700 1682 Dei
2751 1626 3038 1696 imaginem
3074 1623 3359 1694 Scriptura
3392 1624 3564 1690 novit,

335 1740 524 1794 γησεν,
567 1725 598 1794 ἢ
643 1723 835 1778 ἑαυτὸν
857 1725 1141 1795 ἀτρέπτως
1174 1725 1315 1780 κατὰ
1343 1726 1646 1797 πρόσληψιν
1675 1727 1897 1798 σαρκὸς,

2004 1722 2401 1778 humanitatem
2421 1734 2574 1774 suam
2599 1729 2857 1788 operatus
2871 1727 2974 1782 est,
2994 1718 3078 1772 vel
3099 1717 3340 1786 seipsum
3368 1717 3569 1770 innnu-

336 1813 538 1882 νοερῶς
559 1830 619 1866 τε
650 1813 746 1867 καὶ
769 1815 1002 1883 λογικῶς
1047 1817 1424 1888 ὲψυχωμὲνης,
1471 1818 1539 1872 δι’
1573 1819 1719 1888 ἡμᾶς
1743 1819 1899 1872 ἐκου-

341 1905 470 1966 σίως
495 1904 568 1961 ὡς
604 1905 1010 1978 παντοδύναμος
1049 1908 1466 1980 δημιουργήσας
1511 1911 1767 1982 ἐποίησεν
1805 1910 1900 1966 ἄν·

339 1993 367 2045 Θ
377 2009 574 2062 ρωπον.

404 2083 584 2156 Ταύτῃ
618 2083 747 2153 γοῦν
780 2089 874 2139 καὶ
903 2089 1273 2159 τετιμηκέναι,
1305 2090 1556 2163 καθάπερ
1583 2087 1757 2160 οἶμαι,
1793 2108 1896 2159 φη-

341 2175 422 2228 σὶν
474 2177 500 2228 ὁ
535 2176 852 2241 διδάσκαλος
909 2179 1000 2232 τὸν
1036 2179 1241 2250 Κύριον
1271 2181 1425 2252 ἡμῶν
1459 2183 1551 2234 καὶ
1601 2182 1734 2234 Θεὸδ
1788 2182 1889 2250 τὴν

339 2268 459 2318 καῦ’
488 2269 632 2336 ημᾶς
657 2267 884 2338 τρισσὴν
911 2268 1188 2338 γέννησιν,
1217 2271 1462 2324 τουτέστι
1491 2272 1617 2334 τοὺς
1667 2264 1900 2324 καθόλου

337 2356 570 2424 τρόπους
617 2360 716 2426 τῆς
757 2357 910 2426 ἡμῶν
959 2361 1038 2422 εις
1085 2359 1146 2412 τὸ
1183 2356 1319 2414 εἶναι
1369 2360 1546 2414 καὶτὸ
1569 2363 1612 2392 ⁷⁸
1649 2358 1712 2414 εὖ
1762 2358 1900 2414 εἶναι

339 2447 431 2499 καὶ
471 2445 559 2500 ἀεὶ
591 2443 728 2500 εἶναι
755 2448 1047 2514 γενέσεως,
1077 2450 1175 2521 τὴν
1203 2451 1300 2522 μὲν
1334 2454 1399 2504 ὲκ
1437 2452 1731 2521 σωμάτων,
1765 2453 1894 2522 μίαν

339 2531 504 2590 οὖσαν
539 2538 632 2590 τοῦ
667 2540 1086 2612 συναμφοτέρου
1113 2541 1254 2595 κατὰ
1278 2542 1377 2614 τὴν
1401 2543 1519 2610 ἅμα
1564 2542 1672 2595 τῶν
1723 2544 1904 2614 μερῶν

345 2626 590 2696 ἀλλήλοις
622 2629 973 2700 συνύπαρξιν,
1005 2629 1182 2700 ψυχῆς
1237 2632 1380 2700 λέγω
1405 2633 1497 2686 καὶ¹
1531 2631 1793 2701 σώματος.
1825 2635 1905 2698 εἰς

344 2713 438 2768 δύο
479 2715 880 2788 διαιρουμένην,
941 2719 1029 2772 διὰ
1068 2720 1159 2772 τὸν
1203 2722 1439 2791 ἑτεροῖον
1491 2723 1588 2790 τῆς
1641 2723 1902 2793 ἐκατέρου

343 2807 609 2872 γενέσεως
638 2808 859 2877 τρόπον,
909 2808 978 2862 δι’
1001 2805 1069 2882 ἧς
1097 2811 1156 2863 τὸ
1196 2807 1335 2864 εἶναι
1383 2811 1752 2882 λαμϐάνομεν,
1798 2814 1898 2882 τὴν

339 2893 395 2947 δὲ
434 2897 497 2948 ἐκ
549 2896 944 2967 βαπτίσματος.
980 2899 1102 2952 καθ’
1151 2903 1218 2970 ἣν
1247 2901 1308 2953 τὸ
1355 2901 1418 2954 εὖ
1447 2897 1587 2955 εἶναι
1631 2902 1905 2964 πλουσίως

340 2985 726 3056 ὑποδεκόμεθα,
763 2989 954 3058 τὴνδὲ
997 2989 1056 3055 ἐξ
1109 2991 1477 3055 ἀναστάσεως,
1511 2991 1635 3044 καθ’
1660 2992 1726 3062 ἢν
1770 2993 1906 3063 πρὸς

337 3072 398 3126 τὸ
427 3074 514 3127 ἀεὶ
541 3069 678 3148 εἶναι
707 3075 798 3128 διὰ
837 3076 1056 3146 χάριτος
1101 3078 1564 3148 μεταποιούμεθα.
1634 3079 1902 3150 Ἀκριϐὦς

336 3162 514 3216 τοίνυν
547 3164 628 3218 δεῖ
669 3167 782 3229 τοῖς
823 3166 918 3220 τοῦ
967 3167 1286 3222 διδασκάλου
1312 3169 1494 3238 λόγοις
1531 3171 1893 3240 ἐπισκήπτειν

337 3250 425 3305 διὰ
445 3253 568 3316 τοὺς
599 3255 945 3324 ἐπηρεαστὰς
971 3255 1078 3308 τῶν
1106 3257 1288 3322 καλῶς
1331 3259 1622 3329 κειμένων.
1672 3260 1755 3328 Τῇ
1795 3259 1903 3330 γὰρ

338 3341 552 3412 ἐπινοίᾳ
575 3342 708 3413 μόνῃ
733 3343 926 3415 διελὼν
949 3345 1048 3414 τὴν
1099 3347 1166 3399 ἐκ
1215 3347 1487 3416 σωμάτων
1521 3347 1775 3418 γέννησιν
1811 3348 1903 3400 διὰ

336 3431 435 3500 τὴν
467 3429 1048 3499 ἀποδοθεῖσανάξτὶαν,
1079 3434 1192 3504 ἅμα
1217 3439 1284 3506 τῇ
1309 3436 1567 3506 συλλήψει
1598 3439 1741 3490 κατὰ
1775 3454 1906 3491 ταυ-

337 3520 432 3574 τὸν
479 3524 736 3594 χρονικῆς
791 3523 900 3576 οὐδ’
953 3524 1088 3588 ὅλως
1143 3527 1318 3597 ῥοπῆς
1381 3528 1902 3600 προεπινοουμένης,

339 3612 620 3682 εἰληφέναι
677 3614 768 3668 τὸν
817 3614 1021 3685 Κύριον
1073 3615 1134 3668 τὸ
1203 3615 1432 3681 ζωτικὸν
1485 3617 1723 3690 πνεῦμα,
1785 3620 1904 3689 ἢτοι

339 3705 640 3776 ἐμφύσημα
673 3706 814 3760 κατὰ
841 3706 902 3758 τὸ
928 3706 1271 3778 ἀνθρώπινον
1297 3707 1486 3774 αὐτοῦ,
1521 3709 1665 3778 λέγω
1708 3709 1765 3764 δὲ
1805 3711 1906 3779 τὴν

340 3794 528 3866 νοερὰν
559 3795 739 3866 ψυχὴν
763 3797 904 3866 μετὰ
939 3797 1034 3850 τοῦ
1075 3797 1326 3869 σώματος
1359 3800 1452 3854 τοῦ
1497 3803 1560 3855 ἐκ
1587 3802 1906 3872 τῆςάχρᾶν-

339 3899 434 3936 του
465 3884 739 3956 Παρθένου
764 3887 837 3948 τ’,
866 3887 962 3942 καὶ
986 3889 1046 3941 οὐ
1085 3889 1224 3958 μετὰ
1252 3892 1351 3961 τὴν
1382 3891 1666 3964 σύλληψιν,
1705 3893 1734 3946 ὁ
1763 3891 1908 3946 διδά-

343 3973 536 4038 σκαλος
567 3975 879 4056 διορίζεται.

337 4279 494 4348 Πρὸς
514 4280 659 4349 τοὺς
693 4283 987 4356 λέγοντας
1026 4287 1435 4359 προϋπάρχειν
1471 4288 1590 4342 τῶν
1617 4287 1905 4358 σωμάτων

931 4375 1038 4444 τὰς
1073 4379 1298 4448 ψυχάς.

2001 1814 2247 1870 tabiliter
2289 1811 2594 1867 secundum
2627 1809 3056 1878 assumptionem
3093 1809 3302 1872 carnis,
3353 1807 3572 1864 intelle-

1999 1905 2258 1961 ctualiter
2277 1886 2730 1972 rationaliterque
2761 1901 3036 1966 animata},
3048 1911 3272 1970 propter
3285 1915 3386 1954 nos
3404 1915 3571 1970 spon-

2012 2007 2087 2063 te,
2136 2005 2330 2066 utpote
2359 1995 2712 2064 omnipotens
2768 1991 3053 2057 Conditor,
3096 1991 3376 2046 hominem
3418 1992 3566 2047 fecit.

2001 2133 2012 2139 .
2078 2088 2193 2142 Hoc
2241 2087 2463 2158 quidem
2487 2095 2648 2157 pacto
2688 2093 2746 2140 et
2773 2084 3070 2139 honorasse
3095 2083 3250 2146 dicit,
3275 2084 3420 2139 sicut
3456 2083 3572 2138 exi-

2002 2181 2186 2242 stimo,
2220 2180 2478 2249 magister
2527 2177 2818 2232 Dominum
2845 2185 2900 2230 et
2914 2176 3086 2232 Deum
3110 2185 3357 2231 nostrum
3396 2175 3573 2246 tripli-

2003 2285 2120 2325 cem
2155 2277 2404 2324 nostram
2445 2269 2809 2333 nativitatem,
2848 2267 2904 2322 id
2949 2278 3033 2322 est
3062 2267 3346 2338 generales
3379 2268 3574 2322 modos

2003 2359 2378 2430 generationis
2408 2367 2613 2414 nostra:
2647 2360 2704 2412 in
2730 2358 3126 2423 cxsistentiam,
3160 2357 3218 2412 in
3247 2358 3444 2413 bonam
3473 2375 3569 2414 ex-

2005 2447 2332 2512 sistentiam,
2357 2447 2411 2501 in
2425 2457 2688 2502 aaternam
2712 2447 3086 2502 exsistcntiam
3111 2448 3568 2517 :generationem,

2006 2538 2258 2606 inquam,
2316 2553 2385 2591 ex
2431 2537 2773 2606 corporibus,
2831 2553 2951 2607 quae
3007 2554 3113 2592 una
3161 2549 3246 2594 cst
3289 2539 3573 2609 utriusque

2005 2627 2306 2680 secundum
2337 2635 2580 2680 mutuam
2607 2627 2844 2696 partium
2865 2627 3008 2684 inter
3027 2643 3085 2683 se
3103 2630 3570 2694 eoexsistentiam,

2005 2717 2200 2770 animae
2224 2717 2481 2772 videlicet
2518 2726 2574 2771 et
2619 2717 2901 2788 corporis,
2947 2718 3044 2774 sed
3085 2719 3334 2775 bifariam
3374 2721 3572 2785 divisa,

2006 2817 2231 2878 propter
2259 2808 2536 2863 diversum
2577 2809 2865 2878 utriusque
2911 2813 3280 2880 generationis
3325 2813 3569 2879 modum,

2003 2911 2102 2964 per
2133 2911 2296 2964 quam
2322 2898 2694 2952 exsistentiam
2748 2899 3080 2967 accipimus;
3119 2901 3347 2956 alteram
3375 2918 3442 2956 ex
3477 2903 3576 2956 ba-

2005 2986 2290 3056 ptismate,
2317 3002 2416 3056 per
2437 3003 2599 3057 quam
2627 2988 2768 3044 bene
2789 3004 2909 3044 esse
2922 2991 3140 3046 abunde
3161 2994 3570 3062 consequimur;

2003 3076 2222 3130 tertiam
2249 3091 2315 3130 ex
2353 3078 2780 3144 resurrectione,
2814 3095 2921 3150 qua
2987 3081 3056 3136 ad
3103 3092 3366 3138 aeternam
3423 3086 3572 3141 exsi—

2014 3167 2278 3221 stentiam
2311 3184 2410 3236 per
2439 3169 2666 3239 gratiam
2696 3183 3118 3228 commutamur.
3145 3175 3446 3244 Diligenter
3468 3179 3573 3250 igi-

2011 3263 2099 3310 tur
2131 3256 2527 3314 attendendum
2565 3271 2650 3312 est
2725 3261 2910 3314 verbis
2946 3265 3190 3333 magistri
3231 3277 3456 3336 propter
3477 3284 3572 3323 ca-

2009 3342 2370 3398 lumniatores
2428 3361 2620 3400 eorum
2672 3363 2794 3416 qua:
2823 3349 2995 3418 probe
3027 3362 3193 3407 stant.
3254 3354 3378 3410 Sola
3423 3359 3572 3412 enim

2011 3434 2340 3504 cogitatione
2364 3435 2710 3506 distinguens
2755 3440 3099 3497 nativitatem
3129 3459 3196 3498 cx
3223 3449 3570 3516 corporibus,

2005 3533 2228 3592 propter
2254 3524 2472 3578 allatam
2503 3525 2791 3592 rationem,
2824 3529 2988 3585 simul
3017 3547 3140 3586 cum
3185 3538 3573 3606 conceptione,

2006 3628 2076 3668 ne
2109 3613 2369 3684 temporis
2416 3626 2697 3671 momento
2771 3619 2997 3690 quidem
3031 3626 3445 3693 praeimelleeto.
3478 3647 3572 3685 ac-

2005 3703 2216 3774 cepisse
2254 3705 2546 3761 Dominum
2597 3709 2817 3764 vitalem
2863 3711 3140 3782 spiritum,
3187 3717 3303 3772 sive
3341 3718 3575 3790 inspira-

2011 3795 2234 3862 tionem,
2288 3812 2391 3866 pro
2419 3797 2761 3856 humanitate
2814 3819 2935 3869 sua,
2978 3805 3084 3860 hoc
3108 3816 3194 3862 est
3222 3809 3459 3865 animam
3486 3811 3576 3866 in-

2011 3885 2378 3943 tellectualem
2407 3905 2514 3944 una
2551 3905 2675 3946 cum
2715 3907 2946 3964 corpore
2975 3911 3044 3950 ex
3079 3897 3428 3956 immaculata
3458 3903 3578 3958 Vir-

2009 3977 2158 4048 gine,
2215 3987 2272 4034 et
2317 3995 2430 4035 non
2459 3991 2584 4052 post
2625 3986 3061 4056 conceptionem,
3121 3988 3316 4048 detinit
3361 3972 3572 4049 doctor.

2011 4284 2210 4341 Contra
2235 4302 2320 4340 eos
2347 4289 2436 4358 qui
2457 4287 2638 4342 dicam
2661 4292 2867 4346 animas
2900 4302 3021 4347 ante
3049 4311 3270 4364 corpora
3308 4301 3573 4355 exsistere.

408 4482 564 4546 Τινὲς
613 4484 710 4553 μὲν
751 4489 858 4557 γάρ
883 4491 1188 4558 φασιν,’ὼς
1245 4490 1348 4561 ἤδη
1383 4492 1674 4562 προλαϐὼν
1725 4491 1886 4562 ἔφην.

2073 4485 2308 4552 Quidam
2368 4467 2516 4540 enim
2584 4487 2796 4552 dicunt,
2845 4489 2926 4543 uti
2970 4491 3082 4562 jam
3129 4493 3390 4563 prmfatus
3431 4514 3574 4562 sum,

297 4573 716 4645 ππροῦπάρχειν
761 4580 946 4650 (23o
981 4581 1032 4650 b)
1089 4581 1198 4636 τῶν
1254 4585 1519 4654 σωμάτων
1565 4584 1663 4648 τὰς
1705 4583 1902 4655 ψυχὰς.

337 4661 481 4725 τινὲς
505 4663 553 4696 ’³
579 4664 634 4716 δὲ
659 4666 721 4718 τὸ
752 4667 1016 4733 ἐναντίον,
1046 4670 1158 4724 τῶν
1203 4669 1390 4740 ψυχῶν
1427 4674 1800 4744 προῦπὰρ;ζειν
1827 4674 1896 4726 τὰ

340 4751 586 4822 σώματα.
613 4755 804 4826 Ἡμεῖς
826 4759 882 4812 δὲ
901 4760 1002 4830 τὴν
1022 4762 1198 4832 μέσην
1217 4763 1335 4817 όδὸν
1361 4765 1436 4829 ὡς
1460 4765 1745 4836 βασιλικὴν
1763 4765 1906 4818 κατὰ

336 4846 464 4907 τοὺς
493 4848 739 4918 πατέρας
761 4851 920 4920 ἡμῶν
951 4853 1226 4918 ὁδεύοντες
1257 4854 1380 4908 οὗτε
1409 4857 1754 4928 προῦπαρξιν
1777 4857 1901 4910 οὔτε

349 4935 684 5006 μεθύπαρξιν
695 4940 742 4969 ⁷*
767 4939 993 5011 ψυχῆςῆ
1027 4942 1298 5013 σώματος,
1341 4942 1670 5016 συνύπαρξιν
1691 4947 1748 5000 δὲ
1767 4947 1902 5016 μᾶλ-

345 5025 433 5078 λόν
447 5045 642 5097 φαμεν,
667 5031 767 5094 τὰς
783 5033 867 5100 ἐφ’
884 5034 1122 5105 ἑκάτερα
1138 5035 1526 5106 φυλαττόμενοι
1543 5038 1813 5104 ἐγκλίσεις
1829 5040 1898 5103 ⁷⁸,

343 5117 437 5168 καὶ
483 5119 619 5186 μήτε
669 5122 935 5192 ἀριστερὰ
989 5127 1121 5194 μήτε
1149 5125 1298 5189 δεξιὰ
1317 5127 1386 5190 ’⁸,
1441 5128 1622 5192 καθώς
1666 5147 1832 5197 φησιν
1868 5131 1902 5198 ή

338 5204 470 5274 ἁγία
494 5206 706 5280 Γραφὴ,
736 5213 1050 5266 παντάπασι
1074 5215 1349 5284 ῥέποντες,
1374 5215 1538 5283 φόϐον
1577 5218 1740 5285 φοδού
1751 5236 1902 5288 μενοι

2005 4583 2134 4629 ante
2153 4589 2389 4644 corpora
2411 4577 2624 4632 animas
2643 4577 2930 4646 exsistere;
2959 4580 3049 4634 alii
3081 4598 3210 4638 vero
3235 4595 3426 4642 contra
3450 4599 3578 4643 ante

2009 4667 2222 4722 animas
2257 4667 2525 4723 exsistere
2571 4684 2824 4740 corpora.
2875 4671 2986 4728 Nos
3033 4683 3218 4731 autem
3259 4677 3438 4734 media
3465 4681 3574 4747 via,

2016 4766 2078 4812 ut
2111 4758 2278 4829 regia,
2311 4761 2614 4814 secundum
2642 4773 2828 4832 patres
2855 4774 3075 4821 nostros
3105 4767 3446 4838 incedentes,
3477 4790 3576 4828 ne-

2007 4865 2115 4918 que
2150 4851 2486 4906 anteriorem
2531 4868 2712 4922 neque
2753 4857 3118 4925 posteriorem
3150 4861 3352 4918 animm
3379 4879 3576 4935 corpo-

2007 4943 2155 4997 risve
2185 4943 2564 4998 exsistentiam
2605 4944 2958 5014 allirmamus,
2997 4951 3093 5006 sed
3133 4956 3576 5014 coexsistentiam

2009 5036 2213 5106 potius,
2242 5036 2633 5092 inclinationes
2658 5039 2712 5092 in
2742 5042 3030 5111 utramque
3056 5053 3267 5113 partem
3299 5058 3575 5115 caventes,

2010 5143 2075 5182 ac
2095 5144 2272 5198 neque
2293 5128 2675 5184 sinistrorsum
2703 5147 2882 5201 neque
2912 5133 3282 5202 dextrorsum,
3305 5151 3364 5194 ut
3389 5151 3577 5198 sancta

2011 5220 2296 5291 Scriptura
2332 5223 2596 5292 loquitur,
2626 5225 2850 5280 omnino
2867 5231 3294 5297 prOpendentcs,
3323 5241 3576 5289 metuen-

1607 5372 1840 5426 γΑιιιΛε
1883 5371 2285 5429 LECTIONES.

308 5537 310 5540 ν
336 5487 454 5592 nr:
479 5505 915 5592 ὲπηκολούῼησεν
943 5507 1215 5592 ελλῃϐαΙίΔ
1259 5509 1305 5540 ⁸⁸
1330 5511 1570 5592 νεοτελοῦ
1603 5513 1690 5568 ed.
1709 5515 1850 5592 G_al._
1968 5516 2156 5592 νοερξεν
2176 5518 2468 5592 ψυχὴν-ος.
2509 5519 2652 5573 Call.
2723 5523 2769 5553 ⁷ο
2800 5523 2860 5576 τὸ
2890 5523 3229 5592 ἀνθρώπινον
3251 5529 3444 5582 ἑαυτοῦ
3480 5530 3570 5585 ul.

335 5570 478 5628 Gali.
529 5570 1104 5654 ""A'rb_OIII'.__ed.Gall._
1131 5649 1142 5654 _
1171 5580 1216 5609 τι
1246 5581 1513 5654 παρθένου
1549 5599 1656 5636 om.
1691 5585 1778 5638 ed.
1811 5585 1948 5638 Gali.
2025 5570 2072 5617 τέ
2099 5570 2559 5654 sapientein.

337 5659 453 5712 χειν
479 5643 566 5698 ed.
591 5641 728 5699 Gali.

811 5647 856 5677 "
885 5647 1258 5716 μετεγκλῐσεις
1287 5649 1372 5704 ed.
1409 5650 1545 5704 Gali.
1621 5654 1664 5684 ⁷⁶
1693 5655 1956 5724 ἀριστερᾷ
1989 5657 2121 5725 μήτε
2147 5647 2294 5725 δέξιᾷ
2321 5657 2408 5710 ed.
2443 5657 2580 5710 Gali.

2635 5593 2680 5621 7“
2720 5595 3090 5664 προῦπὰρχειν
3119 5596 3244 5649 οὔτε
3287 5599 3569 5671 inﬂexa".-
