4038 6146
277 358 416 430 1329

1507 314 2028 420 AMBIGUORUM
2066 355 2320 418 LIBER.

3399 353 3536 418 1330

339 473 567 530 Πάντων
593 464 688 526 οὖν
717 470 825 528 τῶν
857 472 975 526 κατ’
997 466 1182 525 οὐσίαν
1213 465 1568 540 ὑπαρκτικῶς
1597 464 1770 522 ὄντων
1790 479 1851 523 τε

2021 469 2280 525 Omnium
2317 468 2484 540 igitur
2523 479 2709 523 rerum
2743 466 3049 524 secundum
3074 467 3371 524 essentiam
3406 469 3538 524 sub-
3601 499 3605 501 -

269 566 366 621 καὶ
384 564 678 635 ἐσομένων,
705 563 740 635 ἢ
756 563 1062 634 γενομένων
1079 561 1145 627 ⁸³,
1229 559 1617 632 γενησομένων
1651 559 1684 632 ἢ
1715 578 1848 630 φαι-

271 655 534 725 νομένων,
564 654 598 723 ἢ
629 653 1042 726 φανησομένων,
1072 653 1130 706 ὲν
1158 649 1238 722 τῷ
1265 650 1384 720 Θεῷ
1426 650 1848 724 προϋπάρχουσι

273 747 486 814 παγίως
515 745 670 806 ὄντες
712 747 762 798 οι
807 745 980 814 λόγοι,
1011 743 1134 798 καθ’
1166 741 1260 806 οὒς
1291 742 1386 798 καὶ
1417 743 1528 795 εἰσὶ
1556 741 1624 796 τὰ
1673 743 1850 798 πάντα

273 840 368 891 καὶ.
392 824 650 906 γεγόνασι
679 838 773 892 καὶ
793 837 1136 908 διαμένουσιν
1153 836 1199 903 ’ίξ
1225 836 1314 890 ἀεὶ
1335 836 1450 898 τοῖς
1473 835 1686 889 ἑαυτῶν
1709 835 1850 889 κατὰ

276 928 536 998 πρόθεσιν
581 929 784 997 λόγοις,
825 928 914 982 διὰ
952 929 1228 997 κινήσεως
1278 925 1518 996 φυσικῆς
1561 925 1850 994 ἐγγίζοντα

279 1021 458 1092 (231
487 1024 538 1085 ὁ)
569 1025 664 1076 καί
717 1021 855 1092 πρὸς
921 1020 984 1073 τὺ
1027 1014 1166 1072 εἶναι
1227 1019 1428 1090 μᾶλλον
1487 1018 1846 1088 συνεχόμενοι,

278 1114 415 1166 κατά
443 1114 542 1183 τὴν
577 1113 735 1166 ποιάν
768 1129 828 1166 τε
871 1112 962 1166 καὶ
1013 1111 1186 1182 ποσὴν
1214 1111 1314 1179 τῆς
1353 1109 1734 1182 προαιρέσεως
1766 1109 1853 1162 κί-

277 1204 432 1274 νησίν
461 1223 517 1257 τε
547 1207 638 1258 καὶ
677 1205 873 1274 ῥοπὴν,
907 1205 970 1258 τὸ
996 1204 1057 1258 εὖ
1083 1203 1150 1257 δι’
1182 1201 1387 1276 ἀρετὴν
1418 1204 1516 1257 καὶ
1568 1202 1670 1272 τὴν
1713 1201 1851 1272 πρὸς

275 1295 366 1348 τὸν
403 1295 558 1363 λόγον
589 1295 710 1350 καθ’
737 1298 796 1350 ὃν
818 1299 966 1350 ἐστιν
1017 1294 1374 1366 εὐθυπορίαν,
1405 1293 1438 1364 ἢ
1489 1293 1547 1346 τδ
1574 1291 1676 1362 φεῦ
1710 1287 1852 1346 εῖναι

277 1385 366 1438 διὰ
393 1387 592 1441 κακίαν
636 1387 731 1440 καὶ
775 1389 875 1456 τὴν
925 1387 1078 1457 παρά
1123 1388 1216 1440 τὸν
1269 1387 1426 1455 λόγον
1473 1385 1596 1438 καθ’
1624 1385 1682 1438 ὃν
1735 1387 1850 1438 ἐστι

279 1480 492 1545 κίνησιν
519 1477 886 1548 λαμϐάνοντα,
923 1479 1022 1532 καὶ
1061 1479 1342 1548 συντόμως
1373 1479 1548 1530 εἰπεῖν
1581 1475 1723 1531 κατὰ
1751 1477 1852 1547 τὴν

279 1562 390 1626 ἕξιν
411 1563 444 1628 ἢ
460 1565 561 1634 τὴν
579 1565 834 1635 στέρησιν
847 1568 949 1636 τῆς
965 1566 1144 1619 αὐτῶν
1172 1565 1316 1620 κατά
1333 1565 1498 1634 φύσιν
1523 1563 1854 1635 μεθεκτικῆς

279 1653 561 1724 δυνάμεως
578 1654 672 1709 τοῦ
691 1656 969 1720 παντελῶς
996 1656 1302 1728 ἀμεθὲκτου
1317 1657 1456 1711 κατά
1478 1656 1641 1726 φύσιν
1667 1655 1849 1728 ὑπάρ-

281 1759 488 1812 χοντος,
518 1745 613 1798 καὶ
651 1748 816 1800 πᾶσιν
847 1747 1035 1810 ἁπλῶς
1075 1747 1266 1801 ἑαυτὸν
1297 1748 1470 1814 ἀξίοις
1509 1763 1568 1800 τε
1604 1749 1698 1801 καὶ
1721 1749 1854 1802 ἀνα-

1951 554 2286 616 stantialiter
2313 557 2704 616 exsistentlum
2731 568 2785 616 et
2823 559 3248 626 exstiturarum,
3291 561 3408 615 sive
3435 575 3538 614 na-

1951 659 2132 719 tarum
2186 651 2303 708 sive
2343 650 2775 716 nasciturarum,
2815 650 2934 706 sive
2987 651 3375 722 apparentium
3420 651 3539 706 sive

1951 743 2418 812 appariturarum,
2452 742 2510 797 in
2555 743 2668 797 Deo
2700 741 3092 812 praeexsistunt
3130 741 3411 797 stabiliter
3450 757 3530 796 ra-

1953 835 2165 900 tiones,
2195 835 2505 890 secundum
2561 850 2700 905 quas
2744 843 2803 890 et
2835 843 2966 890 sunt
2997 835 3183 890 omnia
3217 843 3274 890 et
3313 835 3541 890 fuerunt

1950 932 2007 978 et
2047 935 2273 980 manent
2305 939 2528 994 semper
2575 924 2692 980 suis
2726 923 3033 979 secundum
3060 924 3366 978 voluntatis
3401 937 3539 993 pro-

1951 1015 2192 1086 positum
2222 1014 2556 1081 rationibus,
2592 1031 2692 1084 per
2716 1013 3023 1069 naturalem
3066 1023 3280 1069 motum
3334 1029 3539 1084 appro-

1951 1107 2279 1177 pinquantia
2321 1115 2379 1162 et
2439 1108 2507 1162 ad
2567 1107 2950 1163 exsistentiam
3009 1107 3186 1178 magis
3238 1112 3538 1169 coarctata,

1951 1198 2258 1252 secundum
2313 1199 2758 1268 qualemcunque
2807 1206 2862 1254 et
2907 1208 3392 1268 quantumcunque
3439 1211 3542 1251 vo-

1951 1288 2183 1344 luntatis
2242 1299 2456 1344 motum
2540 1297 2708 1358 atque
2768 1299 3146 1352 momentum,
3212 1288 3540 1358 accipientia

1951 1379 2096 1435 bene
2143 1395 2268 1435 esse
2318 1396 2420 1451 per
2458 1380 2723 1434 virtutem
2773 1389 3102 1449 rectumque
3149 1379 3216 1433 ad
3244 1362 3542 1432 'rationem

1951 1487 2062 1542 qua
2113 1479 2348 1526 utuntur
2404 1471 2532 1536 iter,
2588 1471 2676 1526 vel
2731 1471 2875 1525 male
2915 1485 3036 1525 esse
3084 1479 3312 1539 prepter
3345 1470 3541 1523 vitium

1953 1571 2010 1616 et
2047 1572 2258 1616 motum
2301 1561 2355 1616 ei
2387 1576 2497 1632 qua
2535 1569 2771 1615 utuntur
2823 1559 3040 1614 ratione
3071 1557 3434 1620 contrarium,
3464 1564 3540 1620 et,

1955 1663 2016 1708 ut
2049 1653 2242 1730 paucis
2290 1653 2492 1718 dicam,
2548 1651 2857 1707 secundum
2917 1649 3170 1704 habitum
3216 1648 3304 1704 vel
3357 1647 3542 1718 priva-

1957 1746 2164 1802 tionem
2209 1761 2324 1802 suae
2371 1747 2528 1824 juxta
2579 1751 2836 1798 naturam
2875 1741 3279 1812 partieipativae
3315 1737 3544 1794 virtutis

286 1833 418 1897 ξίοις
443 1834 562 1888 ὅλον
611 1837 756 1890 κατά
787 1836 949 1908 χάριν
995 1837 1063 1890 δι’
1103 1813 1683 1908 ἄπειρονίάγαθότητα
1715 1855 1854 1910 παρ-

1960 1839 2080 1909 ejus
2109 1838 2208 1908 qui
2257 1813 2420 1908 plane
2454 1834 2936 1906 imparticipabilis
2965 1839 3052 1889 est
3092 1832 3400 1894 secundum
3441 1845 3544 1884 na-

285 1925 586 1995 éxowog",
623 1928 716 1980 καὶ
747 1928 844 1998 τὴν
873 1925 970 1981 τοῦ
1000 1928 1086 1981 ἀεὶ
1113 1925 1250 1982 εῖναι
1293 1927 1478 1992 καθὼς
1506 1929 1738 1992 ἕκαστος
1764 1929 1854 1998 ὑφ’

283 2017 477 2071 ἑαυτοῦ
515 2018 906 2072 διατέθειταί⁹¹
930 2037 989 2074 τε
1021 2021 1115 2073 καὶ
1150 2020 1268 2074 ἔστι
1314 2020 1577 2092 διαμονὴν
1618 2023 1856 2094 ἐμποιή-

285 2125 489 2172 σοντος.
521 2105 616 2173 οἷς
640 2112 674 2180 ή
711 2111 807 2164 τοῦ
842 2113 1048 2182 κυρίως
1075 2113 1227 2176 ὄντος
1253 2115 1347 2166 καὶ
1372 2113 1434 2167 εὖ
1468 2112 1622 2176 ὄντος
1647 2114 1742 2168 καὶ
1767 2114 1856 2166 ἀεὶ

229 2273 238 2280 θ
282 2195 432 2256 ὄντος
464 2197 723 2266 ἀνάλογος
753 2197 1034 2272 μέθεξιςῆ
1072 2200 1358 2270 ἀμεθεξία,
1417 2201 1691 2280 τιμωρίας
1741 2203 1852 2256 τῶν

287 2289 574 2357 μετασχεῖν
589 2288 664 2358 μὴ
677 2289 1014 2360 δυναμένων,
1035 2289 1130 2345 καὶ
1140 2291 1494 2356 ἀπολαύσεως
1505 2274 1618 2346 τῶν
1630 2293 1678 2326 ⁸³
1694 2310 1859 2364 μετα-

287 2381 432 2446 σχεῖν
453 2379 781 2450 δυναμένων,
805 2383 1059 2447 ὲπίτασίς
1077 2385 1194 2437 ἐστι
1221 2383 1319 2439 καὶ
1344 2384 1662 2457 ἐπαύξησις.
1691 2386 1860 2440 Οὐδὲν

285 2467 393 2539 γάρ
417 2468 478 2522 τὸ
511 2471 772 2540 παράπαν
797 2471 914 2526 ἔστι
949 2475 1056 2526 τῶν
1081 2474 1251 2529 ὄντων
1279 2469 1339 2530 οὗ
1365 2474 1442 2546 μὴ
1465 2477 1614 2546 παρά
1639 2475 1720 2545 τῷ
1740 2476 1858 2548 Θεῷ

287 2558 503 2622 πάντως
530 2560 558 2612 ό
587 2560 744 2629 λόγος
766 2563 1102 2633 προένεστιν.
1122 2558 1223 2618 Ὧν
1254 2565 1312 2618 δὲ
1331 2565 1480 2636 παρὰ
1497 2565 1574 2636 τῷ
1593 2564 1712 2636 Θεῷ
1725 2583 1860 2638 προ-

283 2652 621 2726 υπάρχιειισιν
655 2652 808 2716 ὄντες
837 2655 937 2724 τῆς
961 2656 1150 2720 οὐσίας
1178 2657 1227 2710 οί
1248 2656 1417 2724 λόγοι,
1439 2656 1642 2711 τούτων
1657 2657 1858 2730 δηλαδὴ

283 2746 429 2800 κατά
458 2745 718 2817 πρόθεσιν
735 2743 886 2799 θείαν
915 2745 1132 2809 πάντως
1163 2747 1312 2801 ἐστὶν
1339 2749 1374 2818 ἡ
1404 2747 1639 2816 γένεσις.
1677 2740 1778 2802 Ὧν
1802 2748 1861 2802 δὲ

284 2837 431 2892 κατὰ
459 2837 719 2908 πρόθεσιν
749 2835 1077 2894 θείανθὲστῖν
1108 2839 1141 2910 ἡ
1167 2838 1402 2907 γένεσις,
1445 2839 1652 2893 τούτων
1679 2843 1712 2911 ἡ
1737 2840 1862 2894 κατ’

288 2927 481 2980 οὐσίαν
509 2927 743 2998 ὕπαρξις
766 2927 920 2998 μένει
956 2927 1098 3000 πρὸς
1119 2928 1180 2982 τὸ
1212 2927 1287 2998 μὴ
1309 2928 1371 2981 δν
1409 2929 1518 2982 ἀπὸ
1565 2926 1660 2983 τοῦ
1705 2929 1861 2993 ὄντος

285 3018 731 3090 ἀμεταχώρητος.
761 3013 861 3072 Ὧν
897 3019 955 3072 δὲ
994 3019 1132 3091 πρὸς
1160 3019 1222 3072 τὸ
1246 3021 1322 3090 μὴ
1347 3019 1405 3074 ὃν
1432 3021 1864 3092 ἀμεταχὼρητος

290 3111 428 3179 μετὰ
457 3110 556 3181 τὴν
577 3111 791 3178 γένεσιν
839 3111 948 3164 ἀπὸ
978 3112 1071 3164 τοῦ
1113 3110 1266 3174 ὄντος
1292 3113 1326 3182 ἡ
1373 3113 1492 3165 κατ’
1527 3113 1717 3167 οὐσίαν
1747 3115 1848 3182 ὐφ-

289 3194 518 3270 ἐστηκεν
539 3199 1015 3270 ὒπαρξις,τούτων
1037 3203 1087 3254 οἱ
1105 3201 1253 3270 λόγοι
1277 3203 1606 3272 τυγχάνουσι
1634 3201 1855 3273 μόνιμοι

287 3309 349 3346 τε
379 3294 472 3346 καὶ
507 3293 752 3363 βάσιμοι,
793 3295 962 3363 μόνην
993 3293 1212 3364 ἔχοντες
1241 3292 1416 3363 ἀρχὴν
1449 3292 1544 3346 τοῦ
1581 3288 1720 3346 εἶναι
1765 3294 1865 3365 τὴν

292 3381 506 3449 σοφίαν,
536 3381 595 3445 ἐξ
617 3377 686 3454 ἦς
713 3381 808 3434 καὶ
839 3381 906 3434 δι’
937 3381 1005 3451 ἥν
1051 3380 1380 3451 ὑπάρχουσι,
1425 3381 1522 3434 κα1⁵
1553 3379 1644 3449 ὑφ’
1673 3375 1742 3452 ἦς
1767 3381 1868 3452 τὴν

291 3473 429 3542 πρὸς
457 3472 518 3526 τὺ
545 3469 686 3528 εἶναι
711 3473 971 3526 δύνασθαι
1003 3472 1216 3540 παγίως
1236 3472 1468 3542 δύναμιν
1498 3471 1736 3542 ἔχουσιν.
1763 3467 1866 3528 Ὧν

291 3565 348 3617 δὲ
383 3567 430 3618 oi
459 3565 608 3633 λόγοι
669 3564 914 3635 μονίμως
965 3564 1274 3636 ὑπάρχουσι
1328 3562 1484 3634 παρά
1519 3563 1599 3634 τῷ
1629 3563 1768 3636 Θεῷ,
1795 3595 1870 3606 -

293 3653 386 3707 καὶ
428 3656 461 3724 ὴ
503 3655 633 3724 περὶ
662 3653 862 3717 αὐτοὺς
915 3653 1012 3706 τοῦ
1069 3653 1432 3722 πεποιηκότος
1485 3653 1667 3723 (232
1704 3653 1760 3723 ιι)
1797 3653 1869 3708 τά

297 3745 478 3798 πάντα
513 3745 649 3798 Θεοῦ
695 3745 951 3815 πρόθεσίς
987 3746 1135 3798 ἐστιν
1162 3744 1503 3808 ἀδιάπτωτος
1535 3761 1550 3776 ο
1597 3749 1869 3816 χρονικοῖς

293 3839 462 3910 γάρὴ
496 3837 590 3892 τοῦ
615 3837 750 3891 Θεοῦ
775 3837 1036 3909 πρόθεσις
1079 3837 1436 3891 παντάπασιν
1485 3836 1546 3889 οὐ
1584 3838 1866 3910 περιείλη-

295 3947 427 3982 πται
454 3929 708 4000 πέρασιν,
740 3927 864 3983 οὔτε
891 3928 994 3999 μὴν
1015 3927 1112 3998 τὴν
1135 3929 1202 3981 ὲκ
1235 3928 1540 3998 μεταϐολῆς
1581 3928 1870 3984 ἀλλοίωσιν

295 4020 597 4091 ἐπιδέχεται
679 4023 792 4084 τοῖς
854 4019 1240 4090 ὑποκειμένοις
1310 4021 1866 4092 συμμεταπίπτουσα,

293 4112 496 4165 τούτων
535 4111 1026 4183 ιίιναξ.ι.ιρηρίστως⁹¹⁵
1063 4113 1120 4164 αἱ
1153 4111 1418 4182 ὑπάρξεις
1457 4111 1646 4182 σαφῶς
1662 4115 1708 4146 ’⁸
1732 4115 1871 4168 εἰσιν

295 4190 692 4276 ἀδιάφθοροικ.
722 4207 792 4258 Ἦ
813 4203 923 4275 γὰρ
960 4198 1054 4258 οὖν
1083 4202 1226 4258 κατὰ
1259 4204 1520 4275 πρόθεσιν
1569 4205 1740 4259 θέλων
1771 4223 1871 4261 πε-

297 4296 523 4364 ποίηκεν
547 4297 576 4349 ὁ
603 4295 736 4360 Θεὸς
759 4297 828 4350 τά
851 4294 1169 4366 ἀνθρώπινα
1209 4296 1457 4368 σώματα,
1490 4297 1585 4350 καλ⁸
1621 4297 1774 4368 μένει
1801 4298 1870 4352 δι’

297 4385 460 4438 αὐτὸν
515 4385 652 4456 πρὸς
691 4386 752 4439 τὸ
799 4385 874 4456 μὴ
917 4385 979 4438 ὄν
1026 4385 1398 4454 ἀμετάπτωτα
1427 4386 1734 4450 παντελῶς,
1781 4387 1873 4441 ἀεὶ

1959 1939 2164 1995 turam,
2195 1935 2254 1984 et
2293 1927 2657 1994 nihilominus
2699 1927 2915 1982 cunctis
2963 1941 3032 1980 ex
3083 1939 3244 1994 aequo
3296 1923 3576 1992 seipsum'

1961 2030 2071 2077 tam
2131 2021 2312 2092 dignis
2367 2035 2533 2091 quam
2599 2018 2846 2090 indignis
2902 2018 3178 2087 integrum
3235 2014 3542 2070 secundum

1960 2113 2192 2186 gratiam
2239 2129 2308 2168 ex
2357 2111 2572 2166 inﬁnita
2613 2111 2865 2166 bonitate
2917 2109 3164 2173 exhibet,
3201 2108 3544 2186 perpetuita-

1958 2183 2182 2275 temque
2211 2203 2547 2260 exsistentiaz
2571 2201 2916 2273 inoperatur,
2933 2209 3102 2270 prout
3135 2199 3372 2268 quisque
3403 2213 3433 2252 a
3456 2183 3546 2252 se-

1959 2296 2080 2366 ipso
2107 2295 2344 2352 adicitur
2376 2304 2433 2350 et
2481 2303 2584 2350 est.
2616 2293 2833 2360 Quibus
2866 2307 2998 2348 sane
3030 2307 3162 2346 vere
3195 2287 3542 2354 exsistentis,

1959 2398 2016 2444 et
2048 2389 2202 2446 bene
2253 2387 2595 2453 exsistentis,
2655 2394 2714 2442 et
2769 2401 2989 2456 semper
3045 2382 3366 2440 exsistentis
3405 2397 3546 2436 con-

1960 2489 2221 2538 sentanea
2271 2479 2628 2551 partieipatio
2666 2479 2754 2534 vel
2803 2475 3316 2549 non-participatio,
3351 2488 3544 2530 eorum

1959 2573 2056 2644 qui
2091 2571 2424 2642 participare
2467 2587 2578 2626 non
2606 2578 2859 2640 possunt,
2891 2580 2978 2624 est
3018 2583 3216 2638 pmnaz,
3261 2574 3318 2622 et
3349 2579 3547 2620 eorum

1960 2663 2058 2734 qui
2088 2670 2345 2732 possunt,
2365 2661 2648 2716 fruitionis
2675 2659 2916 2714 intensio
2934 2666 3020 2714 est
3048 2665 3105 2714 et
3122 2657 3544 2712 incrementum.

1961 2751 2202 2808 Omnino
2237 2752 2388 2807 enim
2417 2767 2613 2807 eorum
2645 2767 2769 2822 quae
2797 2751 3074 2806 exsistunt
3117 2748 3330 2804 nullum
3369 2753 3549 2801 exstat

1963 2847 2128 2916 cujus
2173 2843 2322 2914 apud
2371 2844 2548 2898 Deum
2591 2855 2824 2913 prorsus
2871 2839 3012 2894 ratio
3041 2854 3154 2894 non
3183 2834 3546 2908 praeexsistat.

1960 2936 2211 3003 Quorum
2252 2949 2388 2989 vero
2430 2933 2577 3004 apud
2621 2934 2797 2988 Deum
2837 2931 3231 3002 praeexsistunt
3287 2926 3546 2982 essentia;

1961 3034 2242 3082 exstantes
2268 3025 2538 3089 rationes,
2567 3023 2770 3078 horum
2793 3021 3043 3093 profeeto
3066 3017 3372 3075 secundum
3406 3016 3548 3072 divi-

1886 3141 1930 3200 c
1961 3133 2090 3172 nam
2110 3117 2452 3171 voluntatem
2484 3113 2546 3168 ﬁt
2567 3114 2798 3170 creatio.
2821 3111 3068 3180 Quorum
3085 3126 3220 3166 vero
3242 3108 3550 3165 secundum

1966 3209 2209 3264 divinam
2245 3207 2590 3262 voluntatem
2621 3204 2684 3258 ﬁt
2733 3205 2963 3269 creatio,
2987 3203 3184 3256 horum
3236 3197 3550 3254 essentialis

1967 3299 2290 3356 exsistentia
2318 3306 2526 3363 manet,
2559 3305 2616 3352 et
2651 3297 2719 3352 ad
2749 3293 3272 3350 non-exsistentiam
3308 3291 3378 3345 ab
3402 3291 3549 3345 exsi-

1968 3389 2168 3448 stentia
2193 3405 2304 3444 non
2332 3387 2551 3444 transit.
2585 3386 2832 3452 Quorum
2861 3399 2994 3440 vero
3037 3383 3105 3437 ad
3138 3380 3552 3436 non-exsisten-

1969 3483 2101 3539 tiam
2125 3492 2250 3554 post
2299 3481 2638 3536 creationem
2683 3478 2756 3533 ab
2801 3476 3122 3532 exsistentia
3191 3490 3304 3528 non
3353 3471 3552 3528 transit

1967 3573 2277 3630 essentialis
2304 3571 2598 3635 exstantia,
2635 3584 2831 3624 eorum
2865 3567 3114 3622 rationes
3163 3565 3391 3621 stabiles
3417 3570 3548 3620 sunt

1930 3674 2133 3736 atque
2183 3664 2374 3728 ﬁrmae,
2403 3661 2632 3718 unicum
2679 3659 2950 3714 habentes
3001 3656 3342 3713 exsistentiae
3391 3655 3550 3729 prin-

1969 3759 2176 3828 cipium
2217 3754 2572 3825 sapientiam,
2614 3769 2683 3808 ex
2705 3767 2814 3822 qua
2844 3761 2900 3806 et
2925 3766 3025 3820 per
3051 3764 3218 3820 quam
3250 3747 3550 3810 exsistunt,

1968 3855 2026 3904 et
2056 3863 2087 3902 a
2115 3861 2224 3916 qua
2261 3845 2525 3898 virtutem
2559 3841 2770 3896 habent
2793 3845 3116 3894 constanter
3160 3845 3230 3892 ut
3270 3851 3392 3891 esse
3417 3849 3552 3904 pos-

1969 3939 2102 3994 sint.
2149 3937 2397 4004 Quorum
2455 3949 2589 3990 vero
2649 3933 2893 3988 rationes
2949 3929 3175 3985 stabiles
3221 3937 3352 3983 sunt
3403 3924 3552 3995 apud

1969 4031 2330 4095 Deum,—et
2369 4026 2468 4081 Dei
2515 4040 2702 4081 rerum
2745 4017 3076 4080 cunctarum
3115 4019 3419 4076 conditoris
3449 4017 3554 4072 im-

1972 4119 2258 4176 mutabilis
2297 4127 2386 4174 est
2432 4133 2498 4173 ac
2551 4116 2712 4171 ﬁrma
2759 4115 2908 4170 circa
2951 4127 3048 4168 eas
3097 4111 3375 4175 voluntas,
3425 4123 3552 4162 cum

1971 4209 2348 4282 temporaneis
2391 4207 2492 4263 Dei
2535 4207 2793 4261 voluntas
2833 4202 3261 4272 haudquaquam
3301 4211 3554 4266 compre-

1972 4303 2144 4358 hensa
2194 4307 2282 4355 est
2333 4299 2632 4362 limitibus,
2675 4310 2856 4375 neque
2889 4293 3252 4350 mutationem
3295 4305 3362 4344 ex
3396 4286 3558 4342 vicis-

1973 4392 2218 4450 situdine
2263 4391 2528 4456 admittit,
2570 4405 2684 4445 una
2729 4403 2854 4444 cum
2911 4383 3176 4456 subjectis
3223 4380 3456 4444 variata,
3487 4404 3560 4418 --

299 4475 522 4528 θέλοντα
544 4473 686 4529 εἶναι
705 4476 764 4528 τδ
794 4477 892 4530 σὺν
919 4475 1064 4546 λόγῳ
1089 4475 1184 4528 καὶ
1229 4477 1392 4550 σοφίᾳ.
1421 4475 1568 4530 κατά
1605 4477 1860 4545 πρόθεσιν

1977 4487 2179 4542 borum
2231 4485 2522 4540 manifeste
2570 4491 2628 4538 et
2676 4483 2797 4538 sine
2843 4475 3224 4536 controversia
3269 4469 3559 4530 exstantia;

299 4565 540 4638 θεληθὲ’ν,
574 4567 668 4621 καὶ
697 4569 798 4621 οὐκ
823 4567 977 4622 ἔσται
1006 4566 1128 4621 κατ’
1152 4568 1350 4631 αὐτοὺς
1394 4571 1428 4638 ή
1464 4570 1736 4640 παντελὴς
1761 4569 1869 4624 τῶν

299 4657 566 4726 σωμάτων
595 4657 730 4729 πρὸς
751 4658 798 4689 ⁸⁷
820 4657 882 4710 τὸ
909 4656 985 4728 μὴ
1017 4657 1076 4710 ὃν
1112 4657 1460 4726 ἀπογένεσις,
1499 4657 1532 4729 ἣ
1568 4659 1709 4712 κοιτά
1736 4659 1872 4730 πρό·-

299 4747 448 4803 θεςιν
501 4749 562 4802 οὐ
611 4749 958 4819 πεποίηκεθδ,
1003 4749 1208 4822 καὶμὴ
1271 4749 1441 4804 θέλων
1489 4750 1862 4822 ὲτυραννήθη,

298 4841 442 4894 κατὰ
477 4841 596 4910 βίαν
648 4841 920 4912 ἀγόμενος
970 4841 1106 4911 πρὸς
1133 4841 1368 4910 γένεσιν,
1411 4835 1487 4896 ὧν
1518 4844 1647 4906 τοὺς
1675 4843 1872 4912 λόγους

299 4930 437 4998 ἔχων
483 4931 544 4982 οὐ
581 4931 868 4998 πέφανται.
923 4932 1032 4984 Καὶ
1079 4931 1128 4983 εί
1167 4932 1264 5001 μὲν
1311 4931 1670 5002 τυραννηθεὶς
1719 4932 1872 5004 παρὰ

301 5019 562 5087 πρόθεσιν
585 5016 718 5090 ἦλθε
735 5023 780 5054 ⁵⁸
819 5021 1044 5090 ποιῆσαι
1084 5021 1159 5092 μὴ
1190 5021 1361 5076 θέλων
1393 5023 1460 5076 τὰ
1501 5021 1752 5094 σώματα,
1783 5023 1872 5078 λό-

301 5129 398 5176 γος
426 5111 668 5182 δηλονότι
696 5114 792 5166 καὶ
818 5113 982 5182 σοφία
1016 5113 1114 5183 τῆς
1155 5114 1364 5168 τούτων
1395 5116 1664 5183 γενέσεως
1713 5117 1874 5171 οὐδα-

306 5201 421 5270 μῶ;⁵
483 5202 853 5274 καθηγήσατο.
909 5204 984 5256 Τὸ
1033 5205 1143 5274 γὰρ
1199 5206 1352 5276 παρὰ
1403 5207 1672 5277 πρόθεσιν
1723 5207 1872 5264 θείαν

303 5293 605 5362 γινόμενον,
633 5295 794 5364 λόγου
819 5295 916 5350 καὶ
959 5295 1153 5363 σοφίας
1184 5297 1465 5362 παντελῶς
1493 5299 1784 5369 ὲστέρηταί
1813 5317 1874 5354 τε

1973 4576 2206 4632 interitu
2245 4583 2458 4630 carent.
2513 4574 2610 4629 Vel
2657 4573 2827 4644 igitur
2871 4568 3178 4626 secundum
3209 4561 3558 4636 propositum

1972 4669 2166 4724 volens
2201 4665 2388 4722 eﬂecit
2439 4667 2586 4720 Deus
2639 4663 2886 4718 humana
2925 4672 3180 4728 corpora,
3236 4665 3294 4711 et
3333 4659 3563 4708 manent

1972 4773 2073 4830 per
2123 4773 2252 4814 eum
2300 4757 2368 4812 ad
2419 4753 2944 4810 non-exsistentiam
2974 4763 3203 4821 prorsus
3246 4760 3358 4801 non
3391 4741 3562 4798 decli-

1973 4850 2188 4913 nantia,
2225 4863 2351 4904 eum
2401 4862 2622 4918 semper
2655 4845 2792 4900 velit
2835 4859 2960 4900 esse
3005 4839 3154 4912 quod
3190 4853 3314 4894 cum
3345 4835 3560 4891 ratione.

1974 4950 2032 4998 et
2084 4941 2356 5012 sapientia
2409 4940 2644 4995 volitum
2695 4949 2781 4994 est
2829 4933 3136 4992 secundum
3181 4927 3558 5002 propositum,

1971 5037 2029 5084 et
2063 5029 2138 5084 ita
2186 5044 2296 5083 non
2344 5028 2629 5096 continget
2675 5024 2980 5082 secundum
3028 5036 3127 5078 eos
3171 5018 3333 5090 plena
3364 5029 3564 5086 corpo-

1975 5137 2098 5176 rum
2126 5120 2193 5176 ad
2219 5119 2750 5176 non-exsistentiam
2797 5113 3160 5189 degeneratio
3195 5130 3208 5166 :
3237 5110 3322 5166 vel
3363 5123 3563 5165 secun-

1977 5213 2106 5268 dum
2149 5213 2494 5284 propositum
2525 5228 2636 5268 non
2663 5211 2870 5278 effecit,
2915 5217 2974 5266 et
3001 5222 3114 5262 non
3151 5205 3346 5260 volens
3379 5200 3560 5257 demi-

1977 5303 2260 5360 nationem
2283 5321 2480 5376 passus
2506 5313 2611 5371 est,
2645 5305 2848 5374 quippe
2873 5302 2926 5357 vi
2959 5307 3184 5356 coactus
3215 5296 3285 5353 ad
3309 5291 3559 5350 facienda

1605 5433 1838 5492 VARle
1869 5435 2275 5495 LECTIONES.

374 5539 422 5572 θ’
451 5538 485 5609 ἦ
515 5539 823 5610 γενομένων
856 5556 967 5596 non
996 5541 1160 5598 habet
1185 5543 1274 5599 ed.
1305 5543 1444 5600 Gall.

1537 5546 1584 5624 [θ
1605 5551 1713 5624 ,καὶ
1739 5549 2093 5624 διαμένουσιν
2109 5569 2221 5609 non
2255 5553 2425 5624 habet
2455 5552 2544 5608 ed.
2575 5552 2720 5624 Gall.
2775 5555 2838 5624 7“
2863 5553 3200 5624 παρέξοντος
3228 5553 3397 5609 habet
3423 5567 3560 5622 apo-

303 5611 571 5730 fraphum
601 5610 721 5664 cod.
763 5611 905 5666 Gud.
979 5615 1025 5646 θ’
1051 5611 1362 5698 διατέθηται
1391 5614 1482 5670 ed.
1525 5614 1662 5671 Gall.
1737 5619 1784 5650 ”
1811 5610 1997 5704 Verba
2040 5623 2138 5748 ML
2159 5625 2287 5677 δυνα
2335 5623 2492 5686 ἐνων,
2537 5623 2633 5676 καὶ
2665 5610 3153 5686 ἀπολαύσεὼς’τῶν
3180 5610 3300 5678 ἠοη
3335 5610 3527 5690 compa

335 5687 429 5732 ent
462 5695 516 5732 in
549 5679 636 5735 ed.
671 5678 812 5734 Gali.
886 5681 934 5713 ”
961 5681 1420 5748 ἀναμφιρῤηστως
1449 5685 1537 5738 eri.
1569 5685 1707 5740 Gall.
1782 5689 1828 5720 ”
1853 5707 2037 5748 σαφως
2070 5708 2102 5748 a
2142 5702 2227 5748 est
2254 5640 2334 5748 ab
2355 5692 2445 5748 ed.
2477 5693 2616 5748 Gall.
2676 5693 2724 5727 "
2755 5693 3037 5748 ἀδιάφοροι
3060 5691 3152 5748 ed.
3186 5691 3324 5748 Gall.
3399 5692 3444 5723 "
3477 5692 3524 5742 εἰ

306 5679 636 5760 ietitninued.
670 5678 812 5760 Gali.
886 5681 934 5760 ξ’
961 5678 1540 5760 ἀναμςριρρῆ-στωςρς.
1567 5685 1707 5760 Gal].
1741 5757 1755 5760 _
1782 5678 2053 5760 ’δ-σαφῶξ
2070 5678 2227 5749 abest
2254 5708 2284 5747 a

306 5748 396 5804 ed.
432 5748 574 5804 Gali.
670 5749 714 5782 "
741 5749 1040 5822 πεποίηκεν
1063 5748 1153 5807 ed.
1175 5748 1335 5808 'Gall.
1410 5755 1454 5788 ⁸³
1488 5751 1650 5825 ἦλθεν
1679 5757 1778 5822 ~ed.
1811 5748 1951 5816 Galli

2355 5692 2445 5748 ed.
2477 5693 2616 5750 Gall.
2676 5693 2724 5727 "
2755 5693 3037 5766 ἀδιάφοροι
3060 5691 3152 5748 ed.
3186 5691 3324 5748 Gall.
3399 5692 3444 5723 "
3477 5692 3558 5752 εἰς
