4038 6146
490 309 620 377 1331

487 441 550 480 ea
585 437 820 493 quorum
873 422 1117 477 rationes
1164 422 1369 477 habere
1409 437 1519 477 non
1548 422 1700 475 visus
1741 433 1847 475 est.
1901 424 1979 476 Ae
2019 426 2062 475 si
2100 432 2136 483 Α

486 519 711 588 quidem
779 516 1214 571 dominationem
1269 532 1464 587 passus
1512 525 1703 571 contra
1760 514 2064 569 voluntatis

482 610 829 680 propositum
857 617 913 663 et
944 608 1153 663 invitus
1176 608 1404 663 devenit
1433 608 1501 663 ad
1533 607 1782 661 facienda
1810 621 2063 673 corpora,

480 704 590 772 jam
644 700 785 755 rati’o
831 709 889 755 et
942 700 1213 769 sapientia
1269 700 1623 769 productioni
1670 699 1832 769 plane
1870 713 2064 752 eorum

484 793 658 847 facem
698 808 809 846 non
853 793 1112 862 praetulit.
1140 791 1298 859 Quod
1330 792 1475 846 enim
1512 792 1572 845 ﬁt
1598 800 1790 845 contra
1813 790 2065 843 divinum

486 883 866 952 propositum,
915 885 1132 939 ratione
1189 893 1245 939 et
1290 883 1557 953 sapientia
1605 881 1831 935 omnino
1891 890 2065 944 caret,

486 971 558 1025 ab
612 973 790 1042 iisque
840 974 1082 1028 alienum
1128 984 1262 1029 est:
1316 982 1372 1027 at
1424 972 1570 1042 quod
1627 980 1782 1027 caret
1834 986 2067 1040 prorsus

486 1064 701 1118 ratione
751 1070 807 1117 et
854 1064 1125 1132 sapientia
1156 1064 1263 1117 hoc
1289 1063 1468 1117 solum
1518 1070 1603 1115 est
1641 1061 1866 1122 malum,
1911 1061 2068 1129 cujus

487 1155 864 1208 exsistentiam
910 1155 1141 1209 denotat
1179 1153 1533 1217 inexstantia,
1580 1153 1738 1222 cujus
1780 1158 2066 1204 auctorem

485 1243 662 1297 Deum
685 1258 754 1296 ne
780 1244 1023 1312 cogitare
1044 1244 1268 1312 quidem
1294 1229 1458 1296 nobis
1479 1240 1723 1311 unquam
1751 1243 1803 1295 in
1825 1248 2065 1295 mentem

486 1332 694 1394 veniat,
738 1333 942 1386 nedum
970 1334 1145 1402 palam
1178 1332 1386 1392 dicere.
1418 1342 1474 1385 ct
1514 1332 1823 1401 perniciose
1853 1330 2064 1385 audere

488 1423 743 1477 credere.
786 1425 856 1477 At
898 1424 1024 1492 quis
1061 1434 1250 1477 contra
1300 1424 1471 1476 Deum
1511 1422 1855 1494 tyrannidem
1904 1438 2067 1476 usur-

488 1513 722 1582 paverit,
744 1513 1019 1581 siqnidem
1041 1526 1235 1580 passus
1268 1522 1352 1567 est
1375 1528 1518 1575 eam,
1549 1522 1606 1568 ct
1629 1513 1708 1567 fas
1734 1522 1817 1567 est
1842 1513 2068 1567 omnino

467 1612 547 1655 ἰιι
579 1617 706 1655 cum
749 1610 942 1657 contra
969 1605 1318 1673 propositum
1359 1604 1505 1674 quod
1541 1603 1723 1656 noluit
1754 1603 1949 1657 fecisse
1986 1603 2068 1656 di-

489 1694 721 1747 camus?
772 1694 840 1748 Et
886 1694 1164 1763 quomodo
1200 1696 1295 1759 qui
1341 1695 1689 1765 tyrannidem
1737 1711 1939 1765 passus
1984 1703 2068 1750 est

490 1785 638 1838 Deus
687 1784 816 1847 erit,
864 1800 929 1838 ex
992 1785 1323 1839 necessitate
1375 1795 1432 1841 et
1477 1794 1670 1841 contra
1720 1788 2065 1856 propositum

492 1875 842 1927 constituens
880 1873 934 1927 in
970 1875 1258 1931 interitum
1295 1892 1480 1931 rerum
1508 1874 1930 1931 conditionem?
1960 1874 2066 1941 Qui

490 1964 809 2034 hujusmodi
837 1965 1158 2034 opinionem
1182 1975 1430 2032 tuentur,
1454 1966 1642 2022 dicere
1662 1966 1927 2022 audento.
1959 1968 2069 2020 Aut

490 2054 637 2107 enim
675 2055 847 2108 Deum
897 2055 1014 2109 haec
1042 2054 1241 2112 fecisse
1275 2057 1546 2122 dicerent,
1588 2066 1645 2114 et
1688 2058 2065 2129 gravissimam

489 2144 886 2215 blasphemiam
918 2146 1298 2213 admitterent,
1335 2151 1721 2205 necessitatem
1748 2151 1859 2204 Deo
1901 2150 2064 2203 indu-

490 2244 683 2291 centes
731 2247 989 2308 tanquam
1019 2239 1228 2309 aliquid
1279 2240 1502 2296 fecisset
1546 2251 1740 2297 contra
1766 2240 2068 2294 voluntatis

488 2326 829 2393 propositum
854 2344 867 2379 :
892 2336 988 2382 aut
1008 2341 1121 2381 non
1149 2326 1346 2383 fecisse
1372 2328 1639 2391 dicerent,
1674 2336 1730 2382 et
1757 2326 2070 2381 necessario

2101 1760 2139 1812 Β

1644 314 1703 371 S.
1749 313 2033 371 MAXIM?
2080 312 2593 371 CONI-‘ESSORIS

3656 304 3803 368 1332

2170 423 2261 474 καὶ
2294 422 2671 491 ἠλλοτρίωται.
2701 421 2775 474 Τὸ
2802 422 2857 475 δὲ
2906 422 3064 489 λόγου
3101 424 3195 476 καὶ
3237 422 3458 489 σοφίας
3498 418 3817 481 παντελῶς

2169 515 2535 584 ἐστερημένον
2585 514 2745 583 μόνον
2769 514 2886 566 ἐστὶ
2930 517 2991 568 τὺ
3019 517 3210 576 κακὸν,
3262 513 3330 569 οὗ
3370 514 3441 566 τὸ
3495 509 3671 567 εἶναι
3706 527 3812 580 χαι

2171 606 2547 675 ρακτηρίζειή
2584 605 2918 675 ἀνυπαρξία,
2946 600 3153 669 οὗτινος
3190 607 3444 677 ποιητὴν
3505 603 3619 656 τὸν
3668 602 3814 655 Θεὸν

2170 697 2304 764 μήτε
2332 696 2533 746 ἐννοεῖν
2560 695 2692 763 ἡμῖν
2714 694 2924 762 γένοιτο
2948 693 3187 757 πώποτε,
3220 698 3436 765 μήτιγε
3461 694 3542 763 δὴ
3571 695 3589 723 ¹
3613 691 3813 758 λέγειν

2166 777 2492 855 ἀναφανδὸν,
2522 786 2619 838 καὶ
2641 772 2923 839 πιστεύειν
2942 786 3204 857 ὀλεθρίως
3238 786 3492 856 τολμᾷν.
3538 782 3655 845 Τίς
3689 782 3755 834 δὲ
3783 783 3812 834 ό

2168 878 2509 946 τυραννήσας
2559 876 2650 929 τὸν
2698 876 2856 941 Θεὸν,
2915 877 3074 947 εἴπερ
3129 878 3594 948 τετυρὰννηται,
3661 874 3808 927 καὶ¹

2168 967 2325 1037 Θέμις
2377 968 2514 1031 ὅλως
2570 969 2747 1020 εἰπεῖν
2797 969 3020 1038 ποιῆσαι
3080 968 3233 1039 παρὰ
3284 968 3581 1038 πρόθεσιν
3626 966 3664 1017 ὃ
3724 964 3807 1034 μὴ

2171 1058 2493 1127 βεϐούληται
2516 1077 2530 1124 ;
2561 1060 2672 1112 Καὶ
2698 1058 2814 1122 πῶς
2842 1061 2870 1112 ό
2897 1060 3252 1129 τυραννηθείς
3272 1062 3404 1131 ,ἐστι
3424 1058 3605 1120 Θεὸς,
3654 1056 3805 1125 πρὸς

2168 1147 2415 1217 ἀνάγκης
2434 1147 2674 1219 ὑφιστῶν
2694 1148 2866 1217 παρὰ
2915 1148 3175 1218 πρόθεσιν
3199 1149 3292 1201 ἐπ’
3311 1149 3331 1179 ³
3363 1146 3654 1216 ἀπωλείᾳ
3700 1145 3802 1212 γέο

2169 1254 2317 1289 νεσιν
2338 1237 2716 1307 πραγμάτων;
2740 1240 2801 1291 Οἱ
2829 1237 3033 1308 ταύτην
3068 1239 3435 1307 περιέποντες
3464 1238 3583 1309 τὴν
3615 1237 3800 1302 δόξαν

2169 1327 2347 1395 λέγειν
2379 1329 2758 1398 τολμάτωσαν.
2794 1330 2863 1383 Ἢ
2895 1330 3004 1399 γὰρ
3031 1329 3097 1382 ἂν
3135 1329 3227 1382 τὸν
3262 1330 3401 1381 Θεὸν
3429 1330 3633 1383 ταῦτα
3672 1344 3789 1380 πε-

2170 1420 2459 1483 ποιηκέναι
2495 1420 2673 1486 φαῖεν,
2725 1420 2821 1470 καὶ
2871 1419 2940 1471 τὰ
2977 1418 3210 1488 μέγιστα
3264 1420 3789 1490 βλασφημήσαιεν.

2170 1507 2449 1577 ἀνάγκηνι
2493 1509 2787 1576 ἐπάγοντες
2844 1507 2924 1576 τῷ
2980 1506 3144 1577 Θεῷ⁸
3193 1509 3420 1575 ποιῆσαί
3496 1525 3555 1559 τι
3613 1509 3786 1575 παρά

2171 1600 2428 1671 πρόθεσιν
2452 1616 2464 1629 ο
2498 1597 2530 1667 ἦ
2565 1600 2640 1670 μὴ
2682 1598 2864 1669 (232
2895 1602 2946 1667 b)
2970 1598 3348 1666 πεποιηκέναι,
3376 1599 3473 1651 καὶ
3500 1598 3567 1664 ἐξ
3602 1599 3788 1665 avsi?»

2172 1707 2275 1760 κης
2303 1690 2470 1759 ἄλλην
2491 1689 2665 1760 ἀρχὴν
2695 1688 3050 1759 Μανιχαῖκῶς
3069 1689 3089 1720 ⁸
3119 1687 3221 1757 τὴν
3264 1687 3441 1741 ταῦτα
3477 1687 3785 1740 ποιοῦσαν

2168 1781 2479 1847 εἰσάγοντες
2515 1778 2952 1848 φωραθήσονται.
2996 1777 3261 1842 Πάντως⁷
3300 1779 3411 1848 γὰρ
3462 1778 3613 1830 ἴδιόν
3648 1781 3781 1829 ἐστι

2167 1871 2275 1924 τῶν
2299 1870 2393 1924 δύο
2443 1871 2617 1941 ἀρχὰς
2650 1870 2910 1942 ἀλλήλαις
2967 1870 3517 1941 ἀντιπαρεξαγόντων
3550 1871 3623 1923 τὸ
3669 1874 3779 1940 τῆς

2169 1962 2565 2033 προῦπάρξεως
2604 1961 2804 2029 δόγμα.
2840 1959 2946 2022 Οὓς
2998 1960 3183 2030 χάριτι
3232 1959 3367 2012 Θεοῦ
3418 1958 3521 2012 τοῦ
3577 1977 3776 2012 παντ-

2169 2052 2463 2122 ελεήμονος
2515 2051 2543 2103 ὁ
2574 2049 2744 2119 βαθὺς
2780 2051 2879 2118 τῆς
2915 2049 3179 2117 ἀφανείας
3218 2048 3378 2118 ζόφος
3431 2047 3774 2119 περιλαϐὼν

2170 2144 2248 2204 εἰς
2281 2139 2496 2193 τελείαν
2536 2139 2787 2208 ἀπήλασε
2816 2137 3011 2208 λήθην,
3040 2137 3102 2191 τὸ
3132 2138 3334 2207 φέγγος
3378 2128 3497 2206 τῆς
3537 2155 3771 2209 κηρυτ-

2173 2232 2408 2301 τομὲνης
2441 2229 2545 2283 ὑπὸ
2594 2230 2705 2282 τῶν
2735 2228 2906 2296 ἁγίων
2946 2230 3204 2300 Πατὲρων
3249 2227 3409 2299 ἡμῶν
3430 2229 3453 2259 ⁸
3484 2228 3773 2297 ἀληθείας

2175 2323 2237 2375 οὑ
2267 2321 2555 2392 φέροντας.

489 2415 639 2469 aliud
680 2418 1019 2488 principium
1054 2420 1110 2473 in
1157 2419 1383 2473 modum
1433 2420 1878 2481 Manichaeorum,
1946 2416 2091 2486 quod
2130 2414 2325 2469 fecerit
2362 2414 2488 2478 hoc,
2542 2413 2896 2469 introducere
2927 2412 3432 2483 deprchendemur.
3473 2415 3621 2469 Nam
3661 2432 3769 2485 pe-

490 2509 720 2564 culiaris
745 2520 830 2565 est
857 2513 1086 2567 omnino
1123 2528 1318 2567 eorum
1353 2514 1448 2583 qtti
1508 2513 1620 2568 duo
1680 2511 1957 2567 contraria
1993 2508 2265 2579 principia
2312 2507 2455 2561 inter
2525 2522 2583 2561 se
2629 2508 2987 2561 committunt
3032 2504 3484 2576 pracexsistentia:
3535 2507 3767 2576 opinio.

494 2598 646 2665 Quos
708 2602 802 2655 Dei
847 2605 1023 2673 gratia
1065 2606 1571 2660 misericordissimi
1629 2604 1901 2676 profunda
1968 2599 2281 2658 exterminii
2341 2599 2516 2667 caligo
2558 2598 2805 2653 obruens
2850 2600 2904 2653 iu
2968 2599 3187 2668 plenam
3242 2598 3591 2653 oblivionem
3663 2601 3771 2654 de-

492 2691 676 2755 trusit,
700 2708 822 2746 cum
842 2694 1190 2763 splendorem
1213 2695 1569 2764 przedicataea
1592 2696 1841 2765 patribus
1857 2693 2063 2749 nostris
2098 2690 2350 2745 veritatis
2400 2689 2545 2743 ferre
2592 2704 2701 2743 non
2756 2698 3000 2758 possent.

567 2782 737 2836 Miror
771 2793 956 2838 autem
1001 2785 1280 2856 quomodo
1328 2786 1472 2850 illos,
1509 2794 1573 2839 ut
1606 2795 1803 2841 caetera
1855 2786 2063 2839 interea

2239 2778 2514 2850 Θαυμάζω
2529 2781 2586 2833 δὲ
2614 2781 2731 2843 πῶς
2764 2781 2981 2844 αὐτοὺς,
3004 2781 3088 2834 ἵνα
3113 2780 3437 2853 παραλείψω
3460 2780 3481 2811 ⁹
3508 2780 3614 2833 νῦν
3653 2783 3767 2835 ὅσα

491 2873 744 2927 omittam
792 2874 966 2927 multa
1016 2890 1139 2943 qua:
1187 2875 1295 2928 dici
1353 2887 1599 2945 possent,
1642 2892 1711 2930 ne
1760 2876 2064 2930 orationem

2175 2872 2403 2940 ῥηθῆναι
2430 2869 2652 2922 δυνατόν
2675 2870 2810 2931 ἐστι,
2831 2868 2917 2922 διὰ
2945 2870 3043 2940 τὴν
3067 2871 3415 2940 συμμετρίαν
3436 2869 3535 2920 τοῦ
3561 2870 3765 2937 λόγου,

492 2975 672 3013 meam
703 2960 915 3014 diutius
942 2963 1290 3030 protraham,
1316 2980 1507 3017 verum
1534 2964 1737 3019 Christi
1766 2964 1859 3020 Dei
1893 2965 2063 3019 nostri

2171 2964 2231 3014 τὸ
2268 2962 2408 3014 κατὰ
2438 2960 2671 3031 Χριστὸν
2700 2959 2792 3012 τὸν
2824 2960 3073 3029 ἀληθινὸν
3104 2960 3237 3019 Θεὸν
3268 2960 3430 3029 ἡμῶν
3455 2962 3501 2992 ¹⁰
3537 2966 3761 3033 μυστή-

492 3046 818 3117 mysterium
869 3056 1134 3116 provocet
1178 3046 1251 3103 ad
1288 3051 1669 3104 excutiendam
1719 3060 1969 3121 prompte
2000 3068 2067 3105 ex

493 3136 682 3190 animo
715 3152 816 3190 suo
843 3137 1158 3206 hujnsmodi
1191 3142 1538 3195 sententiam.
1567 3141 1621 3196 Si
1649 3143 1893 3196 omnium
1918 3143 2067 3197 enim

492 3227 883 3298 mysteriorum
904 3231 1216 3285 divinorum
1240 3231 1779 3303 mysteriosissimum
1800 3243 1883 3288 est
1908 3233 2069 3289 Chri-

491 3318 588 3383 sti,
609 3319 756 3387 quod
780 3320 973 3390 inique
991 3323 1139 3376 omni
1168 3323 1468 3377 secundum
1487 3339 1703 3378 onmem
1725 3325 2065 3379 intellectum

491 3410 579 3463 vel
605 3411 889 3466 exsistenti
917 3414 1000 3467 vel
1024 3415 1309 3469 exstiturae
1344 3414 1670 3485 perfectioni
1723 3416 1927 3472 limites
1962 3419 2067 3471 im-

491 3500 669 3569 ponit,
695 3502 955 3572 quodque
997 3505 1245 3558 omnium
1293 3504 1527 3559 limitum
1565 3522 1628 3561 ac
1674 3506 1862 3561 ﬁnium
1907 3523 2066 3577 repa-

493 3592 619 3660 gula
664 3594 1102 3662 supergreditur,
1138 3594 1251 3673 ’hoc
1290 3610 1418 3649 vero
1456 3596 1782 3667 mysterium
1822 3614 1946 3652 cum
1980 3599 2066 3652 in-

494 3690 722 3735 carnato
772 3696 837 3735 ac
870 3682 1112 3750 perfecte
1147 3684 1367 3738 homine
1406 3686 1504 3739 Dei
1554 3687 1736 3742 Verbo
1769 3698 1825 3743 et
1864 3705 1985 3744 esse
2012 3699 2069 3745 et

492 3772 758 3825 exsistere
782 3786 985 3841 corpus
1017 3774 1177 3829 docet
1201 3775 1268 3830 de
1288 3787 1474 3830 nostra
1510 3793 1675 3832 carne
1714 3778 2066 3851 desumptum

494 3869 661 3930 atque
704 3862 869 3916 nobis
921 3866 1304 3930 eoessentiale,
1358 3866 1576 3920 ttnitum
1611 3869 1712 3937 ipsi
1765 3872 2067 3926 secundum

494 3951 883 4015 substantiam,
911 3968 1035 4007 eum
1065 3971 1175 4024 quo
1208 3965 1263 4011 et
1286 3968 1601 4027 assumptus
1627 3966 1708 4013 est
1743 3961 1797 4013 in
1829 3963 1997 4016 emlos
2020 3961 2066 4026 i,

491 4059 654 4112 supra
689 4060 897 4097 omnem
924 4046 1282 4116 principatum
1325 4056 1372 4101 et
1403 4056 1711 4117 potestatem
1745 4060 1793 4104 et
1826 4055 2068 4107 virtutem

495 4147 786 4203 nomenque
815 4134 1163 4204 quodcunque
1202 4137 1530 4201 nominatur,
1574 4154 1679 4191 non
1706 4140 1857 4192 modo
1885 4141 1939 4193 in
1977 4144 2070 4193 hoc

492 4221 706 4287 smculo,
738 4224 829 4277 sed
851 4225 1009 4277 etiam
1033 4226 1087 4278 in.
1111 4226 1288 4294 futuro
1317 4225 1366 4291 ιι,
1399 4235 1563 4297 atque
1599 4244 1724 4283 cum
1756 4231 1867 4284 Deo
1905 4241 2069 4300 atque

492 4313 657 4367 Patre
679 4330 828 4368 nunc
861 4324 918 4369 et
942 4331 1042 4384 per
1066 4317 1416 4372 interminata
1439 4320 1640 4374 saecula
1669 4320 1844 4386 sedet,
1876 4338 2068 4377 omnes
2101 4310 2145 4367 ο

493 4412 870 4474 transgressus
905 4406 1076 4460 caelos
1103 4416 1161 4461 et
1199 4411 1455 4477 superior
1492 4411 1752 4466 omnibus
1782 4412 1977 4475 factus,
2014 4425 2070 4469 et

494 4508 691 4548 rursus
729 4496 937 4561 veniet,
971 4505 1032 4551 ut
1062 4497 1327 4553 reformet
1355 4512 1520 4571 atque
1553 4503 1825 4559 instauret
1850 4506 2071 4559 univer-

493 4599 635 4647 sum,
679 4595 1008 4658 nostrasque
1051 4592 1260 4645 animas
1285 4593 1462 4648 salvas
1494 4593 1690 4649 reddat
1725 4604 1782 4649 et
1814 4611 2065 4665 corpora.

497 4675 643 4729 sicut
684 4679 1034 4735 credidimus
1057 4692 1113 4735 et
1149 4682 1427 4739 credimus
1478 4700 1803 4755 semperque
1856 4688 2065 4741 utinam

494 4765 726 4820 credere
773 4785 1211 4837 perseveremus,
1234 4806 1304 4815 —-
1327 4775 1453 4845 quis
1481 4783 1589 4829 tam
1625 4787 1707 4832 est
1740 4780 2065 4833 temerarius

494 4862 659 4924 atque
690 4857 894 4924 audax,
949 4862 1235 4933 solumque
1278 4865 1594 4935 petulanter
1635 4867 1899 4923 adversus
1932 4885 2065 4943 con-

494 4948 685 5016 spicua
718 4961 774 5004 et
816 4955 1105 5010 manifesta
1135 4958 1385 5029 litigandi
1414 4975 1639 5029 gnarus,
1676 4968 1735 5013 ut
1762 4961 1847 5015 vel
1873 4961 2069 5015 leviter

494 5038 945 5110 cogitetcorpora
978 5044 1046 5097 ad
1070 5048 1590 5101 non-exsistentiam
1621 5064 1863 5118 unquam
1893 5055 2074 5103 trans-

497 5128 662 5193 itura,
706 5133 859 5203 juxta
904 5136 1211 5204 profectum
1259 5139 1314 5192 in
1355 5139 1406 5193 id
1443 5141 1591 5209 quod
1644 5140 1948 5210 perfectum
1986 5156 2070 5193 es:

573 5265 591 5316 i
630 5268 793 5335 Marc.
836 5288 943 5336 xw,
987 5273 1091 5342 {9._
1152 5275 1174 5312 ιι
1210 5275 1409 5345 Epltes.
1442 5294 1478 5339 ι,
1522 5278 1610 5331 21.

2174 3071 2306 3123 ριον,
2357 3053 2418 3105 οὑ
2448 3053 2686 3104 δυσωπεῖ
2730 3052 2933 3121 ταύτην
2969 3051 3267 3122 προθύμως
3292 3052 3506 3104 ἑαυτῶν
3533 3056 3769 3108 ἐκτινά-

2173 3143 2363 3209 ξασοαι
2384 3143 2480 3214 τὴν
2503 3143 2683 3207 δόξαν.
2712 3144 2774 3197 Εἰ
2800 3144 2908 3213 γὰρ
2934 3144 3153 3196 πάντων
3207 3144 3315 3196 τῶν
3343 3144 3505 3197 θείων
3544 3163 3763 3217 μυστη-

2172 3237 2302 3308 ρίων
2358 3235 2893 3305 μυστηριωδέστερον
2941 3234 3002 3288 τὸ
3046 3234 3189 3287 κατὰ
3232 3236 3474 3304 Χριστὸν
3516 3238 3770 3310 ὑπάρχει

2173 3330 2492 3398 μυστήριον,
2539 3327 2633 3380 καὶ
2675 3326 2856 3395 πάσης
2884 3327 2985 3395 τῆς
3028 3327 3171 3379 κατὰ
3205 3329 3390 3380 πᾶσαν
3437 3329 3660 3382 ἔννοιαν
3706 3333 3770 3383 ὲν

2170 3421 2336 3472 πᾶσιν
2363 3418 2394 3489 ἢ
2419 3418 2585 3488 οὔσης
2609 3419 2641 3489 ἢ
2665 3417 3045 3487 γενησομένης
3075 3417 3422 3487 τελειότητος
3453 3421 3770 3488 όριστικδν,

2171 3511 2264 3562 καὶ
2299 3510 2497 3573 παντὸς
2529 3509 2653 3580 ὅρου
2688 3509 2784 3561 καὶ
2831 3509 3070 3577 πέρατος
3100 3508 3363 3578 ὑπεράνω
3414 3510 3770 3582 καθέστηκε,

2171 3601 2329 3653 τοῦτο
2360 3600 2415 3652 δὲ
2448 3600 2510 3651 τὸ
2536 3601 2834 3669 μυστήριον
2864 3599 3007 3668 μετά
3043 3599 3136 3651 τοῦ
3173 3601 3214 3631 ¹¹
3249 3600 3651 3670 σαρκωθέντος
3676 3605 3776 3656 καὶ

2170 3691 2393 3752 τελείως
2426 3689 2953 3759 ἐνανορωπήσαντος
3000 3689 3137 3742 Θεοῦ
3186 3692 3363 3756 Λόγου
3399 3687 3546 3744 εἷναί
3579 3710 3646 3744 τε
3675 3697 3778 3746 καὶ

2172 3781 2442 3848 ὑπάρχειν
2472 3778 2714 3832 διδάσκει
2747 3779 2808 3831 τὸ
2839 3778 2999 3848 σῶμα
3026 3779 3087 3831 τὺ
3129 3779 3189 3842 ἐξ
3216 3781 3377 3849 ἡμῶν
3406 3781 3627 3849 ληφθὲν
3678 3786 3779 3835 καὶ

2169 3871 2301 3939 ἡμῖν
2333 3869 2657 3935 όμοούσιον.
2713 3868 2992 3937 ἡνωμένον
3047 3869 3199 3938 αὑτῷ
3246 3869 3375 3922 καθ’
3426 3870 3777 3929 ὑπόστασιν.

2174 3959 2290 4029 μεθ’
2312 3954 2374 4013 οὗ
2407 3961 2500 4011 καὶ
2521 3958 2792 4028 ἀνελήφθη
2822 3960 2901 4020 εἰς
2923 3960 3214 4029 οὐρανοὺς,
3242 3962 3531 4027 ὑπεράνω
3556 3965 3775 4029 πάσης

2170 4047 2364 4117 ἀρχῆς
2384 4049 2480 4101 καὶ
2499 4047 2785 4113 ἐξουσίας
2815 4051 2908 4100 καὶ
2936 4048 3250 4117 δυνάμεως
3276 4050 3377 4105 καί
3406 4055 3779 4117 κυριότητιῖηις

2172 4139 2268 4191 καὶ
2322 4139 2542 4201 παντὸς
2576 4140 2869 4205 ὀνόματος
2915 4138 3380 4209 ὀνομαζομένου,
3437 4148 3513 4196 οὐ
3568 4148 3780 4211 μόνον

2171 4232 2240 4285 ἐν
2272 4231 2351 4296 τῷ
2384 4229 2551 4284 αἰῶνι
2583 4232 2801 4297 τούτῳ,
2855 4231 3017 4284 ἀλλὰ
3073 4232 3172 4284 καὶ
3204 4233 3274 4284 ἐν
3318 4233 3402 4298 τῷ
3442 4234 3771 4303 μέλλοντι.

2171 4322 2266 4376 καὶ
2292 4321 2370 4393 τῷ
2388 4321 2505 4391 Θεῷ
2536 4322 2631 4374 καὶ
2655 4310 2828 4391 Πατρὶ
2852 4320 2947 4372 νῦν
2989 4338 3050 4373 τε
3092 4323 3188 4374 καὶ
3214 4324 3295 4384 εἰς
3324 4324 3452 4386 τοὺς
3496 4325 3774 4394 ἀπείρους

2172 4413 2372 4469 αἰῶνας
2421 4410 2835 4479 συγκαθέζεται,
2890 4410 3102 4473 πάντας
3131 4411 3468 4480 διεληλυθὼς
3505 4415 3639 4476 τοὺς
3678 4416 3773 4466 οὖ-

2176 4505 2390 4574 ρανοὺς,
2448 4504 2542 4555 καὶ
2591 4501 2844 4572 ὑπεράνω
2872 4503 3093 4554 πάντων
3123 4504 3437 4572 γενόμενος,
3468 4505 3571 4556 καὶ
3602 4506 3772 4556 πάλιν

2170 4594 2451 4647 ἐλεύσεται
2476 4594 2565 4645 ἐπὶ
2590 4591 2939 4662 μεταποιήσει
2962 4609 3021 4643 τε
3046 4593 3091 4624 ¹²
3127 4593 3223 4645 καὶ
3273 4596 3770 4663 μεταστοιχειώπι

2170 4687 2264 4738 τοῦ
2284 4686 2485 4748 παντὸς
2508 4684 2603 4736 καὶ
2633 4684 2878 4755 σωτηρίᾳ
2901 4684 3010 4735 τῶν
3041 4686 3334 4755 ἡμετέρων
3362 4685 3560 4755 ψυχῶν
3590 4704 3651 4738 τε
3679 4689 3771 4739 καὶ

2172 4779 2461 4847 σωμάτων,
2514 4775 2696 4838 καθὼς
2725 4775 3130 4842 ἐπιστεύσαμεν
3173 4794 3236 4829 τε
3277 4778 3376 4829 καὶ
3424 4780 3767 4848 πιστεύομει

2168 4866 2262 4921 καὶ
2290 4870 2368 4929 εἰς
2390 4868 2475 4919 ἀεὶ
2504 4865 2845 4928 πιστεύοντες
2880 4864 3258 4934 ὃιαμένοιμεν,
3287 4865 3477 4936 (233
3499 4868 3557 4934 η)
3589 4898 3663 4907 -
3688 4868 3770 4921 τίς

2168 4958 2341 5023 οὑτως
2364 4961 2405 4990 ¹³
2448 4958 2719 5028 τολμηρός
2765 4957 2880 5009 ἐστι
2916 4957 3010 5009 καὶ
3064 4958 3309 5028 αὐθάδης
3334 4999 3350 5022 ,
3402 4965 3499 5011 καὶ
3530 4962 3677 5029 πρὸς
3701 4964 3771 5013 τὰ

2169 5051 2311 5117 δῆλά
2337 5069 2397 5103 τε
2437 5051 2530 5104 καὶ
2570 5048 2823 5118 προφανῆ
2851 5046 3122 5117 μάχεσθαι
3157 5050 3323 5117 μόνον
3370 5051 3534 5114 εἰδὼς
3559 5054 3607 5082 ιδ
3629 5071 3769 5123 πρη-

2172 5140 2374 5205 πετῶς,
2409 5139 2551 5193 ὥστε
2592 5138 2695 5192 κᾶν
2735 5138 2904 5208 ψιλῶς
2938 5136 3325 5211 ἐνθυμηθῆναι
3378 5143 3619 5215 πάροδον
3668 5143 3767 5209 τὴν

1769 5384 1851 5435 VA
1863 5382 2000 5437 Μ.ῐί
2038 5380 2330 5436 LECTION
2341 5382 2443 5436 ES.
2512 5440 2518 5446 ,

577 5486 693 5539 ⁸δεῖ
716 5488 803 5542 ed.
827 5488 986 5552 ϐου..
1022 5494 1135 5546 sed.
1168 5496 1439 5549 emendat.
1475 5498 1528 5549 in
1564 5506 1750 5551 annot.
1829 5501 1847 5527 ²
1879 5502 1923 5550 εἰ
1954 5497 2041 5551 ed.

577 5593 588 5605 .
629 5557 768 5608 Gali.
845 5560 866 5588 ⁵
895 5562 1239 5621 Μανιγαῖκῆς
1268 5565 1356 5618 ed.
1396 5565 1533 5619 Gali.
1607 5568 1626 5597 ⁷
1659 5569 1873 5619 πάντων
1904 5568 1993 5619 ed.
2031 5566 2070 5621 C

2177 5497 2212 5550 Ι.
2291 5497 2310 5526 ³
2339 5498 2396 5548 ἐν
2427 5497 2515 5551 ed.
2545 5496 2679 5550 Gali.
2755 5497 2772 5529 ‘
2798 5496 3055 5564 ἁνάγκειν
3094 5498 3189 5555 ed.
3223 5499 3376 5556 Call.

2246 5564 2268 5595 ⁸
2308 5567 2462 5621 ὑμῶν
2502 5567 2589 5620 0d.
2634 5566 2770 5621 Gali.
2852 5568 2871 5596 ⁹
2900 5566 3081 5619 πάντα
3121 5571 3375 5621 παοαλεί

1659 5569 1873 5619 πάντων
1904 5569 1993 5619 ed.
2031 5569 2167 5620 Call.

629 5557 792 5633 Gali;
828 5560 866 5633 _‘
895 5562 1239 5633 Μανιχαῖκῆς
1268 5565 1356 5618 ed.
1396 5565 1533 5619 Gali.

503 5620 547 5652 ”
578 5624 732 5690 ἡμῶν
755 5625 883 5675 Θεὸν
909 5629 996 5680 ed.
1026 5620 1162 5682 (ξπιι.

1242 5635 1282 5665 ¹¹
1324 5634 1412 5684 τοῦ
1450 5651 1557 5688 om.
1586 5636 1671 5689 ed.
1706 5636 1842 5690 Gali.

512 5691 669 5758 μόνον
701 5693 853 5753 εἰδὼς
879 5696 965 5746 ed.
997 5699 1111 5749 (ιιιιι

1920 5640 1959 5667 ¹²
2004 5655 2057 5688 τε
2111 5651 2217 5690 non
2251 5635 2415 5691 habet
2455 5636 2543 5691 ed.
2584 5636 2719 5691 Call.

2852 5505 3055 5564 ιᾰγκειν
3094 5505 3189 5555 ed.
3223 5505 3376 5556 Call.
3477 5506 3499 5536 ⁵
3527 5509 3618 5558 τὴν
3643 5505 3764 5557 (4-ὺν

2852 5568 2871 5596 ⁹
2898 5566 3081 5642 πάντα
3106 5571 3468 5642 *παραλείψω
3500 5575 3593 5630 ed.
3630 5574 3755 5630 GaIL

2798 5637 2839 5667 ”
2867 5634 3007 5688 οὕτω
3051 5637 3143 5690 ed.
3181 5634 3335 5696 Call.
3394 5634 3469 5677 ’⁸⁸
3491 5645 3765 5718 προπετῶς

2246 5564 2268 5595 ⁸
2308 5567 2462 5635 ὑμῶν
2502 5567 2589 5620 0d.
2634 5566 2770 5621 Gali.
