4038 6146
318 369 455 438 1333

1546 367 1650 425 AM
1660 368 2061 429 BIGUORUM
2101 373 2353 439 LIBER,

3424 366 3559 430 lTETI-i

310 485 391 547 είς
424 483 486 536 τὸ
517 481 591 553 μὴ
612 478 672 535 ὃν
705 479 848 548 ἕξειν
871 476 915 512 ¹⁶
946 477 1075 531 ποτὲ
1101 476 1168 530 τὰ
1196 450 1446 544 σώματα,
1496 478 1638 530 κατὰ
1668 477 1767 547 τὴν
1799 479 1879 540 εἰς

1997 482 2195 536 antium
2252 481 2626 546 rationalium,
2674 486 2734 535 ut
2788 479 2888 549 ipsi
2934 480 3258 548 loquuntur,
3299 481 3343 533 si
3397 482 3560 536 modo

310 577 373 628 τὸ
406 552 634 635 τέλειον,
668 571 746 633 ὡς
771 568 968 622 ἐκεῖνοί
999 584 1153 636 φασι,
1179 565 1289 618 τῶν
1319 564 1552 633 λογικῶν
1583 552 1886 635 προκοπὴν,

314 662 407 717 τὸν
426 662 632 732 Κύριον
663 659 825 713 αὑτὸν
854 657 951 710 καὶ
981 656 1114 709 Θεὸν
1138 654 1246 707 τῶν
1272 653 1410 707 ὅλων
1453 651 1726 705 πιστεύων
1754 652 1892 722 μετά

314 752 565 821 σώματος
587 746 727 802 εἶναι
745 746 840 801 νῦν
866 764 925 800 τε
948 749 1044 799 καὶ
1074 747 1156 807 είς
1184 745 1290 807 ἀεὶ,
1307 744 1401 797 τὸν
1434 744 1529 797 καὶ
1561 745 1675 807 τοῖς
1710 743 1891 806 ἄλλοις

313 842 411 911 τὴν
451 841 546 894 τοῦ
579 841 912 911 προκόπτειν
952 835 1211 889 δύνασθαι
1242 835 1617 905 παρεχόμενον
1637 834 1888 905 δύναμιν,

314 935 408 986 καὶ
437 934 642 995 πάντας
685 934 820 1003 πρὸς
867 932 964 1000 τὴν
996 928 1205 983 οἰκείαν
1246 926 1426 991 δόξαν,
1461 927 1538 989 ὡς
1571 926 1794 994 ἐφικτὸν
1824 928 1888 996 τῇ

315 1025 541 1095 δυνάμει
557 1025 654 1093 τῆς
669 1022 825 1077 ὲνανθ
836 1021 1151 1092 ρωπήσεως,
1171 1018 1434 1085 ἐνάγοντά
1456 1034 1515 1070 τε
1529 1018 1625 1071 καλ⁸
1640 1016 1890 1087 ’προσκα-

317 1116 574 1185 λούμενον
605 1116 681 1178 ὡς
710 1115 954 1187 ἀρχηγὸν
980 1116 1079 1181 τῆς
1104 1112 1324 1166 πάντων
1354 1110 1652 1180 σωτηρίας,
1681 1109 1774 1162 καὶ
1792 1108 1892 1170 τὰς

318 1209 376 1260 ἐν
412 1208 557 1269 ὅλοις
584 1206 1027 1275 ἀνακαθαίροντα
1051 1206 1096 1240 ¹⁶
1127 1203 1346 1275 κηλῖδας
1368 1219 1382 1267 ;

399 1297 541 1351 Ἀλλ’
569 1297 669 1367 οὐχ
693 1297 785 1349 ὑπ’
816 1297 1043 1350 ἐκείνων
1087 1296 1163 1359 ὡς
1211 1295 1397 1348 τύπων
1446 1294 1548 1363 τῆς
1604 1292 1770 1348 αὐτοῦ
1801 1310 1888 1347 τε·

316 1389 610 1458 λειότητος,
669 1389 831 1460 εῐπερ
874 1389 1011 1451 ὅλως
1043 1386 1204 1441 τοῦτο
1247 1387 1352 1440 κᾶν
1388 1386 1641 1455 ἐννοῆσαι
1683 1384 1890 1455 τολμή-

319 1480 556 1540 σαιεν¹⁷,
592 1479 859 1549 ἀγόμενον
906 1478 1045 1547 πρὸς
1078 1476 1339 1530 ἀπόθεσιν
1370 1476 1465 1530 τοῦ
1506 1475 1778 1546 σώματος.
1811 1475 1889 1527 Οὐ

316 1570 425 1639 γὰρ
445 1568 633 1622 ἕπεται
652 1569 787 1640 πρὸς
811 1569 1090 1622 τελείωσιν
1114 1568 1318 1630 ἄλλοις,
1347 1566 1471 1620 οὔτε
1493 1567 1581 1621 διὰ
1609 1566 1891 1638 προκοπῆς

242 1666 256 1680 ⁸
317 1659 750 1729 ὲνθεωρούμενον
796 1659 908 1730 ἔχει
952 1660 1012 1712 τὸ
1044 1658 1272 1721 τέλειον,
1301 1659 1330 1710 ὁ
1360 1658 1519 1723 μόνος
1550 1658 1696 1711 κατὰ
1725 1658 1890 1724 φύσιν

316 1750 650 1812 τελειότατος
703 1749 798 1802 καὶ
852 1749 1033 1827 πάσης
1065 1747 1300 1819 ποιητὴς
1353 1748 1719 1819 τελειότητος,
1765 1746 1890 1801 οὔτε

1991 570 2181 625 credat
2222 571 2517 626 Dominum
2561 585 2625 626 ac
2659 572 2830 625 Deum
2865 572 3247 631 universorum
3277 584 3401 624 cum
3438 586 3563 625 cor-

1989 677 2124 732 pore
2162 677 2284 716 esse
2333 670 2387 717 et
2433 678 2582 717 nunc
2634 672 2690 718 et
2747 665 2798 717 in
2847 669 3195 732 perpetuum,
3246 660 3340 731 qui
3392 662 3560 716 etiam

1990 752 2113 805 aliis
2136 752 2465 820 proﬁciendi
2516 753 2830 807 facultatem
2860 753 3275 823 potentiamque
3308 752 3558 822 largitur,

1991 844 2201 913 quique
2234 859 2429 900 omnes
2464 845 2528 900 ad
2562 846 2842 916 propriam
2871 844 3120 916 gloriam,
3148 853 3414 916 quantum
3444 844 3562 900 ﬁeri

1988 942 2195 1004 potest,
2225 935 2433 990 virtute
2472 936 2871 991 incarnationis
2917 935 3143 990 adducit
3187 944 3244 990 et
3276 942 3560 1006 provocat,

1990 1031 2052 1077 ut
2091 1033 2373 1087 auctorem
2398 1024 2594 1080 salutis
2618 1025 2886 1090 omnium,
2928 1034 2984 1080 et
3007 1026 3101 1096 qui
3132 1028 3379 1081 omnium
3415 1042 3563 1082 ema-

1989 1112 2141 1167 culet
2181 1113 2372 1168 sordes
2391 1115 2416 1166 ?

2061 1292 2169 1347 Sed
2208 1309 2387 1362 neque
2423 1294 2492 1346 ab
2536 1294 2644 1348 illis
2697 1304 2757 1349 ut
2804 1296 3216 1365 exemplaribus
3275 1312 3389 1351 sum
3439 1312 3570 1367 pcr-

1990 1383 2271 1449 fectionis,
2316 1385 2360 1437 si
2405 1385 2627 1453 quidem
2661 1401 2890 1455 prorsus
2926 1387 3032 1441 boc
3081 1389 3165 1441 vel
3197 1370 3433 1458 cogitare
3464 1405 3563 1443 au-

1991 1477 2178 1541 deant,
2221 1476 2506 1532 inducitur
2561 1477 2628 1531 ad
2669 1479 2921 1548 corporis
2974 1479 3400 1548 depositionem.
3444 1480 3563 1535 Non

1991 1566 2139 1619 enim
2173 1565 2293 1620 aliis
2342 1566 2674 1636 obsequitur
2724 1566 3083 1636 perfectionis
3133 1568 3329 1638 gratia,
3382 1584 3564 1638 neque

1991 1671 2092 1725 per
2143 1655 2452 1724 profectum
2492 1657 2625 1726 quid
2657 1657 2729 1710 sit
2762 1657 3070 1726 perfectum
3129 1659 3398 1728 agnoscit,
3450 1659 3565 1729 ipse

1992 1745 2085 1813 qui
2108 1746 2259 1799 solus
2282 1754 2482 1801 natura
2502 1755 2589 1802 est
2627 1746 3069 1816 perfectissimus
3116 1750 3407 1818 omnisque
3439 1765 3570 1819 per-

319 1841 417 1893 σὺν
459 1840 638 1902 ἄλλοις
667 1812 926 1909 ἀναμένει
958 1812 1020 1891 τό
1047 1812 1267 1892 τέλειον,
1285 1839 1562 1903 δέξασθαι.
1587 1812 1709 1893 κατ’
1737 1839 1889 1892 οὐδὲν

1997 1836 2251 1892 fectionis
2288 1846 2502 1903 auctor,
2555 1853 2735 1907 neque
2779 1852 2904 1891 cum
2954 1839 3077 1893 aliis
3114 1841 3467 1908 pra-stolatus
3508 1849 3569 1896 ut

317 1931 494 1984 οὐδενὶ
526 1930 633 1983 τῶν
663 1931 831 1983 ὄντων
855 1930 915 1982 τὸ
938 1929 1166 1983 σύνολον
1192 1932 1272 1993 είς
1301 1930 1363 1985 τὸ
1382 1931 1586 1984 δεῖσθαι
1604 1934 1889 2001 προκοπῆς

319 2022 580 2092 ὑπάρχων
613 2023 818 2090 ὅμοιος,
868 2021 955 2074 ἵνα
984 2022 1077 2075 καὶ
1108 2021 1269 2083 αὐτὸς
1316 2022 1435 2074 τότε
1484 2019 1579 2075 τοῦ
1640 2020 1892 2091 σώματος

318 2114 417 2183 τὴν
447 2112 607 2181 φύσιν
651 2112 945 2180 ἀπόθηται,
977 2111 1066 2165 ὅτε
1094 2114 1211 2175 τοῖς
1240 2110 1450 2176 λοιποῖς
1503 2113 1537 2182 ἡ
1593 2113 1678 2165 ἐπ’
1720 2114 1889 2183 ἄκρον

321 2204 573 2276 προκοπὴ
602 2203 698 2272 τὴν
721 2200 816 2254 τοῦ
869 2201 1118 2273 σώματος
1143 2203 1402 2257 ἀπόθεσιν
1423 2202 1677 2271 γενέσθαι
1710 2219 1891 2272 παρα-

323 2294 593 2357 σκευάζει.
650 2294 806 2349 Ἐπεὶ
854 2294 954 2347 οὐκ
1000 2293 1081 2347 ἔτι
1137 2294 1378 2364 ἀρχηγὸς
1423 2294 1529 2347 τῶν
1568 2292 1891 2363 σωζομένων

323 2386 551 2439 ἰστὶκαὶ
571 2384 781 2455 Σωτὴρ,
811 2385 886 2448 ὡς
908 2386 969 2438 τὸ
996 2385 1117 2438 καθ’
1140 2386 1285 2453 ἡμᾶς
1314 2385 1468 2447 τέλος
1495 2384 1595 2453 τῆς
1622 2383 1891 2453 τελειότη-

321 2493 413 2537 τος
470 2475 745 2544 μυστικῶς
793 2477 878 2542 ἐφ’
914 2474 1061 2540 ἆιιυιξ
1092 2477 1148 2526 ὲν
1184 2474 1366 2544 ἐαυτῷ
1402 2475 1477 2544 μὴ
1535 2474 1890 2544 παραδείξας,

323 2567 436 2620 ἀλλ’
468 2564 547 2629 εἷς
593 2566 701 2619 τῶν
728 2558 1049 2635 σωζομένων
1100 2566 1196 2618 καὶ⁵
1224 2565 1544 2635 ἀρχομένων
1575 2567 1667 2618 καὶ
1703 2565 1893 2634 δεομέ-

326 2676 431 2712 νων
485 2658 644 2712 ἀλλου
695 2658 789 2711 τοῦ
827 2659 1162 2721 δεικνύοντος
1198 2659 1239 2690 ¹⁸
1290 2661 1347 2711 ἐν
1383 2658 1559 2728 ἐαυτῷ
1582 2658 1680 2728 τὴν
1709 2659 1792 2726 ἐφ’
1828 2660 1894 2729 ἣν

242 2793 246 2796 .
328 2750 528 2811 πάντες
572 2750 623 2801 οἱ
663 2749 822 2815 λόγου
872 2749 1117 2817 φυσικῶς
1162 2749 1547 2818 μετειληφότες
1586 2747 1893 2814 ἐπείγονται

324 2838 643 2908 τελειότητα
676 2839 769 2892 καὶ
815 2839 978 2900 αὐτὸς
1025 2834 1286 2908 ὑπάρχων
1312 2840 1737 2907 ἀναφανήσεται.
1783 2840 1895 2908 Οὐχ

323 2926 468 2981 οὕτω
499 2929 557 2980 δὲ
575 2928 715 2981 τοῦτ’
743 2930 876 2999 ἔχει.
907 2929 1111 2996 Πόθεν;
1165 2930 1299 2982 Οὐδὲ
1322 2931 1418 2999 τῆς
1457 2930 1637 3000 (233
1673 2931 1723 3000 b)
1756 2930 1894 3001 ἀλη-

326 3018 476 3081 θείας
532 3021 559 3072 ὀ
602 3018 756 3086 λόγος
810 3018 921 3071 τῶν
975 3018 1151 3072 ταῦτα
1191 3019 1232 3051 ²⁹
1281 3019 1550 3086 λεγόντων
1620 3020 1890 3089 ἀνέχεται.

336 3107 604 3177 Ἀρχηγὸν
637 3107 746 3177 γὰρ
792 3108 887 3160 καὶ
940 3107 1228 3176 τελειωτὴν
1269 3108 1368 3176 τῆς
1414 3108 1580 3178 ,ἡμῶν
1620 3110 1895 3180 σωτηρίας

325 3200 488 3251 αὐτόν
513 3216 675 3269 φησιν
704 3202 732 3252 ό
763 3199 905 3262 θεῖος
958 3199 1304 3265 Ἀπόστολος,
1330 3200 1404 3262 ὡς
1433 3200 1784 3267 σαρκωθέντα
1825 3200 1894 3254 δι’

327 3290 475 3358 ἡμᾶς
511 3288 598 3341 ἵνα
630 3287 729 3359 τὴν
759 3287 914 3357 ἡμῶν
948 3284 1225 3357 ἁμαρτίαν
1271 3291 1329 3342 ὲν
1368 3289 1545 3358 ἐαυτῷ
1585 3290 1890 3363 δαπανήσῃ,

328 3381 422 3433 καὶ
453 3379 550 3448 τῆς
576 3380 694 3433 κατ’
729 3378 931 3449 ἀρετὴν
965 3378 1187 3447 ἀγωγῆς
1226 3379 1417 3433 ἑαυτὸν
1449 3381 1584 3433 πᾶσι
1612 3379 1688 3444 δῶ
1728 3381 1897 3436 τύπον

327 3472 421 3525 καὶ
443 3472 783 3542 πρόγραμμα
830 3473 940 3533 τοῖς
976 3469 1321 3523 πιστεύουσιν
1347 3473 1426 3534 είς
1456 3471 1616 3524 αὑτὸν
1640 3511 1655 3536 ,
1688 3472 1764 3534 ὼς
1796 3472 1846 3526 δι
1867 3503 1885 3513 -

333 3559 601 3623 δάσκαλος
630 3562 832 3630 ἀγαθός
870 3578 929 3614 τε
960 3561 1054 3615 καὶ
1079 3563 1125 3594 ²⁰
1176 3562 1361 3631 σοφὸς,
1385 3562 1458 3616 ⁷τά
1500 3563 1669 3634 ῥητέα
1708 3562 1803 3617 καὶ
1828 3563 1899 3617 τὰ

330 3652 577 3723 πρακτέα
624 3652 759 3723 πρὸς
789 3652 960 3705 ὑποτύ
974 3669 1148 3706 πωσιν
1183 3653 1340 3723 ἡμῶν
1364 3654 1431 3706 δι’
1460 3653 1656 3707 ἑαυτοῦ
1703 3654 1900 3724 πρότε-

332 3762 423 3815 ρον
462 3744 805 3807 ὲκτελοῦντα,
867 3743 1204 3798 ἀποθανόντα
1253 3747 1348 3798 καὶ
1365 3746 1408 3776 ’ί
1451 3746 1757 3799 ἀναστάντα
1806 3747 1899 3799 καὶ

330 3834 707 3905 ἀναληφθέντα
761 3837 841 3900 είς
893 3826 1180 3904 οὐρανοὺς,
1240 3836 1334 3889 καὶ
1378 3835 1712 3889 καθεσθέντα
1762 3837 1901 3907 μετά

330 3926 424 3981 τοῦ
466 3927 717 3997 σώματος
766 3929 829 3980 ὲκ
876 3927 1069 3994 δεξιῶν
1098 3926 1192 3980 τοῦ
1240 3926 1375 3981 Θεοῦ
1424 3928 1518 3981 καὶ
1547 3929 1782 3999 Πατρός,
1813 3929 1901 3985 ἵνα

329 4021 426 4073 καὶ
461 4021 622 4091 ἡμεῖς
654 4019 1091 4091 ἀποθνήσκοντες
1126 4020 1358 4090 βεϐαίως
1406 4020 1718 4090 ὲλπίζωμεν
1768 4022 1903 4076 ἀνα-

331 4110 541 4179 στῆναι,
583 4113 678 4164 καὶ
707 4111 850 4182 ζωὴν
879 4111 1045 4182 ζῆσαι
1089 4113 1290 4174 παντὸς
1330 4112 1565 4166 θανάτου
1596 4112 1691 4165 καὶ
1720 4113 1902 4183 πάσης

331 4202 537 4273 φθορᾶς
582 4203 858 4269 παντελῶς
900 4204 1335 4276 κεχωρισμένην,
1385 4204 1478 4257 καὶ
1523 4203 1902 4273 ἀναληφθῆναι

330 4296 409 4356 εἰς
434 4294 717 4364 οὐρανοὺς,
744 4295 840 4348 καὶ
867 4294 967 4366 τὴν
997 4298 1057 4349 ὲν
1085 4295 1164 4366 τῷ
1188 4295 1307 4364 Θεῷ
1336 4295 1431 4348 καὶ
1468 4294 1646 4365 Πατρὶ
1692 4293 1780 4347 διὰ
1808 4293 1900 4347 τοῦ

332 4380 459 4433 Υίοῦ
491 4382 654 4436 αὐτοῦ
698 4381 1075 4449 μεσιτεύοντος
1095 4383 1262 4454 τιμήν
1293 4400 1350 4435 τε
1387 4382 1481 4435 καὶ
1535 4382 1693 4448 δόξαν
1733 4381 1901 4452 λήψε-

1996 1930 2142 1998 quod
2168 1929 2582 1998 perfectumest
2611 1930 2859 1999 recipiat,
2881 1930 3198 1986 nullatenus
3218 1931 3378 1996 nulli,
3403 1940 3567 2001 quot—

1995 2028 2133 2090 quot
2164 2020 2462 2085 exsistunt,
2502 2020 2699 2075 similis
2734 2021 3005 2076 exsistens
3056 2021 3112 2075 in
3144 2037 3210 2076 eo
3240 2022 3385 2092 quod
3420 2023 3566 2077 indi-

1995 2122 2120 2183 geat
2164 2112 2437 2182 profectu,
2483 2120 2545 2166 ut
2605 2120 2661 2167 et
2713 2113 2829 2184 ipse
2868 2124 2987 2168 tum
3032 2114 3283 2183 corporis
3315 2122 3568 2173 naturam

1996 2202 2260 2271 deponat,
2315 2202 2539 2272 quando
2569 2203 2801 2272 reliquis
2842 2218 3093 2259 summus
3138 2204 3417 2273 profectus
3448 2221 3569 2260 cor-

1996 2296 2150 2365 poris
2194 2294 2600 2365 depositionem
2651 2297 2931 2352 conciliet.
2961 2295 3244 2367 Siquidem
3275 2298 3419 2353 haud
3453 2314 3570 2353 am-

1997 2387 2144 2455 plius
2173 2387 2283 2441 dux
2326 2395 2385 2443 et
2420 2388 2672 2443 Salvator
2703 2403 2894 2443 eorum
2944 2389 3037 2459 qui
3089 2389 3371 2447 salvantur
3398 2399 3563 2455 esset,

1998 2476 2199 2547 quippe
2236 2477 2329 2547 qui
2370 2477 2535 2531 linem
2579 2476 2939 2548 perfectionis
2966 2485 3217 2531 nostrum
3248 2477 3478 2547 mystice
3510 2478 3564 2530 in

1996 2567 2296 2637 semetipso
2338 2568 2507 2623 semel
2546 2583 2656 2622 non
2704 2568 3031 2628 ostenderit,
3080 2566 3176 2621 sed
3207 2581 3397 2620 eorum
3422 2581 3568 2620 unus

1997 2657 2163 2712 etiam
2198 2658 2315 2728 ipse
2363 2667 2627 2713 cernctur
2659 2658 2754 2728 qui
2788 2659 3073 2713 salvantur
3127 2667 3185 2711 et
3232 2658 3301 2712 ab
3332 2657 3440 2711 alio
3483 2671 3572 2710 re.

2000 2756 2230 2815 guntur,
2281 2749 2485 2817 quique
2537 2747 2787 2819 indigent
2835 2747 3008 2801 altero
3057 2746 3153 2814 qui
3211 2745 3469 2801 ostendat
3508 2748 3564 2799 iu

2001 2839 2184 2908 seipso
2219 2839 2619 2908 perfectionem
2651 2840 2812 2893 istam
2839 2837 2908 2890 ad
2940 2853 3104 2907 quam
3139 2851 3330 2891 omnes
3355 2837 3449 2906 qui
3485 2840 3568 2891 ra-

2003 2926 2172 2981 tionis
2211 2934 2408 2980 natura
2439 2934 2568 2981 sunt
2601 2926 2898 2996 participes
2938 2925 3306 2980 contendunt.
3341 2924 3462 2980 Non
3496 2927 3569 2980 ita

2001 3016 2119 3071 haec
2153 3032 2243 3071 res
2284 3032 2343 3072 se
2392 3017 2578 3072 habet.
2615 3016 2717 3083 Qui
2757 3017 2943 3072 enim?
2972 3016 3086 3072 Nec
3111 3016 3362 3071 veritatis
3389 3031 3571 3072 sermo

2002 3108 2132 3162 talia
2186 3108 2434 3162 dicentes
2458 3108 2676 3163 tolerat.
2713 3108 3014 3162 Auctorem
3052 3107 3199 3162 enim
3225 3116 3281 3163 et
3312 3122 3570 3162 consum-

1998 3208 2267 3253 matorem
2334 3199 2529 3254 salutis
2585 3206 2790 3253 nostra
2838 3198 3016 3268 ipsum
3072 3198 3308 3268 appellat
3348 3198 3569 3254 divinus

1996 3286 2293 3356 Apostolus
2342 3285 2389 3350 ι,
2446 3284 2640 3356 utpote
2690 3288 3040 3343 incarnatum
3091 3296 3316 3357 propter
3363 3304 3464 3342 nos
3511 3299 3569 3343 ut

1995 3387 2283 3448 peceatum
2333 3385 2580 3433 nostrum
2648 3378 2706 3433 in
2781 3379 2964 3448 seipse
3016 3376 3345 3457 conﬁceret,
3400 3393 3565 3447 seque

1999 3469 2291 3539 imaginem
2314 3469 2584 3539 praeberet
2607 3467 2865 3523 omnibus
2892 3479 3058 3538 atque
3088 3470 3367 3540 exemplar
3398 3471 3568 3527 casti-

1998 3560 2127 3614 tatis
2168 3560 2293 3615 vitae
2340 3568 2396 3615 et
2441 3560 2773 3631 integritatis
2820 3560 2887 3615 iis
2932 3560 3027 3630 qui
3065 3560 3296 3616 credant
3326 3562 3380 3615 in
3419 3576 3569 3626 eum,

2000 3658 2061 3705 ut
2120 3652 2383 3721 magister
2430 3651 2613 3706 bonus
2658 3660 2715 3708 et
2764 3652 3006 3722 sapiens,
3067 3667 3131 3706 ea
3177 3668 3298 3722 quae
3341 3652 3573 3708 dicenda

1998 3758 2230 3813 quaeque
2274 3742 2525 3798 facienda
2555 3744 2667 3798 sint
2697 3742 2765 3797 ad
2791 3742 3238 3799 informationem
3271 3745 3571 3800 institutio-

1998 3850 2235 3904 nemque
2264 3822 2508 3890 nostram
2534 3850 2636 3905 per
2675 3835 2916 3905 seipsum
2948 3835 3107 3905 prius
3165 3836 3570 3905 perlicientem,

2000 3924 2330 3980 morientem
2380 3934 2546 3996 atque
2592 3935 2975 3997 resurgentem
3019 3934 3184 3996 atque
3231 3934 3571 3997 assumptum

2000 4017 2059 4071 in
2112 4018 2300 4082 caelos,
2350 4027 2410 4072 et
2463 4017 2748 4072 sedentem
2789 4031 2917 4071 cum
2952 4032 3184 4087 corpore
3215 4017 3282 4072 ad
3323 4016 3572 4072 dextram

1999 4108 2096 4163 Dei
2128 4123 2191 4162 ac
2217 4107 2399 4162 Patris
2435 4116 2497 4174 ιη,
2531 4116 2592 4163 ut
2621 4123 2723 4163 nos
2761 4123 2983 4178 quoque
3012 4108 3316 4163 morientes
3343 4107 3574 4163 ﬁrmiter

2001 4212 2290 4267 speremus
2332 4197 2451 4252 fore
2498 4204 2560 4252 ut
2607 4213 2981 4268 resurgamur,
3020 4196 3298 4267 vitamque
3327 4197 3576 4252 vivamus

2001 4287 2182 4341 omnis
2232 4287 2427 4341 mortis
2482 4287 2772 4356 omnisque
2803 4286 3182 4357 corruptionis
3211 4302 3443 4357 prorsus
3482 4303 3576 4342 ex-

2003 4385 2238 4448 pertem,
2297 4392 2758 4448 assumamurque
2817 4378 2875 4432 in
2925 4377 3118 4443 cmlos,
3175 4394 3242 4433 ac
3292 4386 3576 4449 compotes

333 4469 476 4529 σθαι,
500 4471 593 4522 καὶ
614 4470 712 4540 τὴν
736 4472 832 4525 σὺν
852 4472 1002 4542 αύτῷ
1038 4472 1319 4543 μακαρίαν
1345 4473 1437 4525 καὶ
1464 4472 1679 4525 αἰώνιον
1697 4471 1894 4543 μονὴν,

2003 4468 2197 4524 fiamus
2245 4468 2299 4522 in
2349 4470 2462 4524 Deo
2507 4478 2565 4524 et
2608 4470 2788 4532 Patre,
2845 4468 3150 4525 mediatore
3195 4469 3336 4525 Filio
3380 4469 3574 4540 ipsius,

336 4552 581 4625 σώματος
610 4556 668 4609 δὲ
698 4558 822 4611 καθ’
866 4559 1046 4612 ὁτιοῦν
1071 4561 1117 4590 ³⁸
1150 4559 1413 4615 ἀπόθεσιν
1459 4561 1533 4631 μὴ
1564 4561 1897 4631 ἐκδέχεσθαι,

328 4644 409 4697 ὅτι
442 4646 575 4717 μηδὲ
598 4648 699 4717 τῆς
734 4647 895 4717 ἁγίας
922 4650 1146 4720 Γραφῆς
1174 4653 1202 4703 ὁ
1230 4651 1389 4719 λόγος
1439 4653 1589 4722 ἡμᾶς
1626 4651 1785 4705 τοῦτο
1823 4652 1903 4705 δι-

329 4735 538 4790 δάσκει.
572 4738 725 4809 Μήτε
755 4739 861 4810 μὴν
878 4741 935 4792 ἐν
959 4739 1037 4810 τῷ
1060 4741 1287 4812 ἁρχηγῷ
1313 4743 1412 4813 τῆς
1442 4743 1714 4814 σωτηρίας
1744 4743 1902 4814 ἡμῶν

329 4824 641 4896 τεθεάμεθα
673 4828 833 4881 τοῦτο
871 4832 1365 4901 προγεγενημένον.
1400 4832 1601 4900 Εἰ.γὰρ
1640 4832 1790 4901 φίλον
1833 4827 1901 4904 ἦν

330 4914 477 4985 αὐτῷ
504 4917 597 4967 καὶ
621 4917 779 4971 τοῦτο
796 4920 1047 4988 γενέσθαι
1064 4921 1131 4984 ’³,
1151 4921 1365 4991 πρῶτος
1392 4920 1458 4975 ἂν
1479 4921 1639 4985 αὐτὸς
1656 4920 1901 4993 ὲνὲαυτῷ

331 5005 660 5074 προενήργει
711 5009 804 5061 καὶ
841 5009 1001 5062 τοῦτο
1033 5011 1171 5080 μετά
1219 5011 1326 5063 τῶν
1351 5011 1571 5075 λοιπῶν,
1605 5006 1686 5075 οἷς
1710 5014 1901 5067 ἑαυτὸν

243 5171 253 5181 μ
329 5094 396 5145 δι’
441 5095 589 5164 ἡμᾶς
623 5097 699 5160 ὡς
748 5099 1133 5169 φιλάνθρωπος
1167 5101 1390 5164 ὑποθεὶς
1419 5103 1540 5155 καθ’
1593 5104 1741 5173 ἡμᾶς
1784 5105 1901 5156 ἐτε-

330 5181 572 5251 λείωσεν,
608 5189 688 5251 είς
720 5190 781 5243 τὸ
838 5191 987 5260 ἡμᾶς
1022 5192 1161 5261 μετά
1209 5193 1318 5245 τῶν
1353 5192 1527 5246 ἄλλων
1569 5195 1649 5257 είς
1672 5195 1720 5225 ’⁸
1740 5194 1897 5248 τοῦτο

331 5275 684 5339 πιστεύοντας
732 5277 998 5341 ἐλπίζειν.
1030 5278 1156 5342 Πῶς
1209 5280 1286 5344 δὲ,
1330 5282 1490 5351 εἴπερ
1531 5281 1900 5353 ἀνασχοίμεθα

403 5385 423 5426 1
459 5387 623 5445 Hebr.
654 5407 711 5457 ιι,
746 5392 832 5447 10.
914 5402 949 5422 ’⁸
983 5391 1147 5450 Marc.
1178 5410 1286 5459 xw,
1327 5395 1409 5449 l9.

2002 4559 2232 4615 honoris
2264 4569 2319 4615 et
2349 4560 2554 4631 gloriae.
2588 4561 3004 4632 mansionisque
3050 4562 3223 4617 beata:
3269 4569 3327 4615 et
3355 4573 3575 4617 aeterna:

2001 4664 2128 4705 eum
2173 4649 2290 4713 illo,
2343 4650 2596 4720 corporis
2636 4666 2765 4706 vero
2815 4651 3217 4722 depositionem
3264 4652 3416 4707 nullo
3453 4667 3574 4706 om-

2002 4740 2136 4794 nino
2187 4739 2354 4793 modo
2402 4741 2717 4811 patiamur,
2771 4742 3218 4812 quandoquidem
3261 4758 3440 4814 neque
3491 4743 3575 4798 di-

2000 4831 2143 4885 vinae
2173 4830 2473 4900 Scriptura:
2500 4848 2682 4888 sermo
2708 4833 2854 4888 istud
2875 4848 2977 4888 nos
2998 4832 3179 4888 docet.
3207 4832 3396 4903 Neque
3423 4835 3572 4889 enim

2007 4921 2062 4976 in
2097 4920 2320 4989 auspice
2344 4923 2537 4977 salutis
2562 4930 2764 4977 nostrae
2784 4922 3019 4977 vidimus
3052 4922 3157 4977 boe
3183 4930 3340 4977 antea
3367 4922 3571 4977 factum

2004 5012 2197 5067 fuisse.
2230 5012 2285 5067 Si
2318 5013 2465 5067 enim
2506 5014 2609 5085 ipsi
2639 5015 2941 5084 placuisset
2975 5023 3035 5067 ut
3072 5014 3237 5068 etiam
3261 5013 3368 5068 hoc
3394 5013 3569 5080 fieret;

1999 5104 2211 5174 primus
2245 5106 2438 5176 utique
2472 5108 2675 5189 ipsein
2724 5124 2782 5163 se
2839 5117 3102 5178 operatus
3145 5106 3361 5172 fuisset,
3405 5115 3464 5162 et
3518 5106 3572 5162 id

1999 5211 2122 5250 cum
2178 5198 2409 5268 reliquis
2478 5201 2683 5269 quibus
2742 5202 2989 5272 seipsum
3050 5208 3242 5270 utpote
3296 5199 3575 5270 benignus

1997 5298 2226 5356 propter
2266 5305 2368 5344 nos
2405 5292 2661 5362 subjecit,
2689 5309 2921 5363 quaeque
2972 5292 3274 5347 secundum
3316 5305 3418 5346 nos
3450 5305 3581 5361 per-

1599 5512 1832 5567 VARl/E
1872 5513 2274 5570 LECTIONES.

614 5613 709 5698 cdt
724 5612 886 5698 G'alL.
917 5617 1314 5698 sed‘e‘mendat.
1339 5620 1391 5673 in
1417 5628 1618 5698 a_nnpt_._
1682 5623 2164 5698 ‘f_&vaga0épgtwgt
2189 5626 2278 5698 ed.
2299 5625 2439 5698 Galli.
2469 5695 2482 5698 Α
2518 5629 2560 5660 ³⁷
2594 5629 2858 5698 τολμῆσαι
2884 5629 2972 5683 ed.
3005 5628 3144 5683 Gall.
3165 5627 3419 5682 Editorcs
3443 5640 3572 5698 con-

329 5680 948 5767 ξεξίίεξῇιῐξρξξᾉμήσαέςη,
990 5686 1670 5767 ’⁸,δειξγύντοςεόηϐιξμτ-
1705 5692 1947 5767 ἐἶ-ταῦτα
1984 5680 2071 5767 éd_.
2105 5696 2282 5767 Gall._
2306 5696 2358 5767 ’ξ
2383 5680 2652 5767 Videntur
2682 5680 2795 5752 nec
2820 5680 3203 5767 maluerim};
3229 5680 3413 5767 casum
3436 5694 3569 5767 effc-

336 5750 523 5804 renda.
544 5750 816 5819 (Editores
835 5754 1109 5825 Calland.)
1149 5759 1188 5790 "
1216 5775 1273 5810 τε
1303 5760 1392 5812 καὶ
1430 5758 1517 5813 ed.
1557 5759 1692 5815 Call.
1739 5763 1782 5791 "
1814 5759 2101 5817 καθοτιοῦν
2127 5765 2214 5818 ed.
2245 5764 2381 5819 Gali.
2455 5764 2499 5795 ”
2521 5750 2901 5834 λέγεσθαι-ἀί,
2925 5750 3061 5822 (ἰξιυ.
3122 5750 3171 5798 δ’
3194 5750 3287 5819 καὶ
3313 5766 3401 5819 cel.
3429 5763 3567 5817 Call.
