4038 6146
318 348 448 418 133⁸1

1543 352 2061 413 AMBIGUORUM
2098 355 2350 417 LIBER.

3421 361 3563 428 I333

311 463 447 534 λαδὴ
491 459 744 532 σώματος
792 461 956 533 φύσιν
1005 461 1222 534 ἔχοντος
1251 461 1756 533 ἀναπεμπάζουσαν
1789 460 1886 515 καὶ

1996 473 2188 518 natura
2215 463 2510 534 praeditum
2545 475 2630 521 est
2661 467 2993 524 resarcieute
3017 475 3078 523 et
3095 469 3298 524 virtute
3327 471 3573 540 quadam.

312 557 540 626 δύναμιν
569 557 670 626 τῆς
707 555 914 619 οἰκείας
964 557 1130 622 ἕξεως
1183 555 1519 626 συστατικήν
1564 573 1625 608 τε
1656 556 1756 610 καὶ
1784 559 1883 609 ὲπ-

313 633 701 717 ανακλητικὴν,
748 645 844 701 τοῦ
891 647 950 701 δὲ
1001 647 1198 719 νεκροῦ
1241 645 1402 700 τοῦτο
1437 647 1704 717 μηδαμῶς
1731 649 1884 716 ἐνερ-

313 735 558 804 γοῦντος,
599 737 747 804 ἅπαξ
773 739 1177 808 νενεκρωμένου
1209 738 1303 790 καὶ
1337 737 1615 800 παντελῶς
1643 737 1882 806 ζωτικῆς

313 829 682 898 ὲστερημένου
715 827 1018 898 δυνάμεως,
1052 829 1145 884 καὶ
1177 827 1266 882 διὰ
1311 827 1472 882 τοῦτο
1521 829 1881 900 ἀνενεργήτου

293 920 688 988 τυγχάνοντος.
727 920 852 982 Πῶς
897 920 955 972 δὲ
1002 921 1095 973 καὶ
1131 922 1393 990 στήσεται
1442 921 1504 974 τὸ
1539 919 1700 990 φύσει
1749 935 1879 971 σκε-

314 1011 506 1065 δαστόν
545 1028 606 1064 τε
655 1013 751 1064 καὶ
790 1011 1124 1076 εὐδιάλυτον,
1175 1013 1250 1082 μὴ
1288 1013 1452 1065 οἱονεὶ
1474 1010 1726 1082 θεμελίου
1759 1008 1886 1081 τρό-

315 1121 419 1156 πον
464 1104 583 1156 κατ’
630 1102 876 1157 ἐπίνοιαν
919 1104 1398 1174 προϋποκειμένης
1441 1103 1587 1166 τινος
1643 1101 1885 1172 ζωτικῆς

314 1194 613 1262 δυνάμεως,
666 1195 794 1262 περὶ
839 1193 1038 1264 ἑαυτὴν
1087 1194 1334 1262 φυσικῶς
1379 1193 1778 1264 συγκρινούσης
1823 1209 1884 1244 τε

315 1285 407 1336 καὶ
437 1284 867 1354 διασφιγγούσης
900 1283 962 1338 rb
1004 1285 1470 1355 σκεδαννύμενον,
1503 1287 1560 1340 ba
1658 1284 1719 1338 rb
1746 1279 1884 1335 εἷναί

313 1389 372 1424 τε
397 1374 491 1426 καὶ
521 1373 906 1426 είδοποιεῖσθαι
950 1373 1104 1444 παρὰ
1130 1373 1230 1441 τῆς
1276 1372 1347 1430 τὰ
1371 1371 1466 1428 ὂλα
1491 1373 1670 1440 σοφῶς
1704 1385 1884 1439 τεχνι-

311 1461 574 1533 τευούσης
623 1463 902 1534 δυνάμεως
958 1463 1100 1534 ἔχειν
1147 1464 1372 1536 Ελαχενς
1429 1467 1520 1519 Ἐν
1572 1457 1618 1532 ᾧ
1659 1461 1769 1532 γὰρ
1819 1457 1885 1515 ἂν

315 1555 602 1625 πράγματι
647 1554 787 1624 μετὰ
829 1555 890 1608 rb
915 1555 1174 1626 τεχθῆναι
1203 1557 1486 1628 περίεστιν
1514 1553 1730 1622 άληθῶς
1755 1552 1816 1606 rb
1838 1549 1884 1583 ⁸³

315 1641 455 1698 εἶναι
482 1645 560 1715 τῷ
592 1645 800 1716 σώματι
819 1687 834 1711 ,
881 1647 940 1699 ἐν
979 1645 1176 1717 ἐκείνῳ
1199 1647 1416 1710 πάντως
1446 1646 1670 1708 δικαίως
1697 1643 1766 1696 ἂν
1800 1641 1888 1695 λέ-

313 1751 464 1805 γοιτο
495 1735 640 1806 ἔχειν
681 1737 776 1790 καὶ
829 1737 929 1808 τὴν
963 1735 1136 1808 ἀρχὴν
1181 1737 1283 1806 τῆς
1325 1735 1633 1807 ὑπάρξεως.
1665 1726 1886 1796 Οὗτινος

1992 552 2242 608 habitum
2268 556 2553 626 proprium
2577 559 2960 629 compingendi
2984 561 3408 630 revocandique,
3435 578 3560 617 cum

1992 655 2273 701 mortuum
2308 657 2500 704 contra
2536 665 2737 720 corpus
2761 649 2817 704 id
2844 651 2997 704 nullo
3034 652 3200 706 modo
3227 651 3444 714 eﬂiciat,
3471 669 3558 708 se—

1990 733 2098 788 mel
2130 734 2539 802 mortiﬁcatum,
2573 738 2833 807 vitalique
2865 747 3135 808 potestate
3179 755 3405 810 prorsus
3461 741 3559 794 de-

1991 823 2268 889 stitutum,
2303 835 2360 880 et
2383 825 2868 882 idcircoineﬂieax.
2906 827 3190 894 Quomodo
3211 845 3344 884 vero
3363 840 3418 884 et
3451 841 3564 884 sta-

1991 911 2075 967 bit
2093 915 2240 982 quod
2275 925 2468 970 natura
2503 917 2829 987 dissipatum
2861 928 2946 972 est
2967 930 3131 989 atque
3162 919 3316 975 nullo
3339 921 3563 990 negotio

1992 1003 2334 1072 dissolvitur,
2387 1023 2511 1062 cum
2561 1017 2822 1078 tanquam
2857 1009 3203 1066 fundamenti
3235 1013 3292 1066 in
3337 1013 3592 1066 modum'

1993 1095 2323 1165 cogitatione
2369 1098 2518 1152 nulla
2557 1107 2684 1153 ante
2728 1100 2972 1170 subjecta
3016 1103 3087 1156 sit
3116 1103 3290 1158 virtus
3321 1103 3560 1162 viviﬁca.

1990 1203 2112 1257 quae
2163 1189 2310 1243 circa
2361 1204 2482 1244 sese
2531 1192 2858 1246 naturaliter
2906 1202 3252 1262 coagmentet
3297 1193 3560 1248 diffusum

1993 1287 2158 1348 atque
2183 1280 2543 1350 constringat,
2577 1282 2631 1334 in
2653 1297 2758 1350 qua
2787 1293 2844 1337 et
2869 1283 3191 1338 exsistentia
3227 1292 3281 1338 et
3305 1285 3564 1338 formatio

1992 1369 2062 1422 ab
2096 1384 2161 1424 ea
2188 1370 2395 1423 virtute
2426 1379 2652 1440 quaaest
2692 1373 2952 1427 universa
2993 1375 3270 1442 sapienter
3295 1375 3560 1430 fabricata

1991 1461 2172 1518 inesse
2225 1463 2430 1518 sortita:
2457 1463 2625 1518 sunt?
2662 1465 2720 1518 ln
2744 1456 3078 1534 quacunque
3111 1467 3258 1520 enim
3307 1481 3365 1520 re
3407 1475 3560 1534 post-

1990 1567 2158 1622 quam
2213 1551 2352 1608 facta
2397 1562 2485 1606 est
2515 1553 2796 1622 generatio
2826 1567 2955 1608 vere
2987 1564 3264 1622 superstes
3297 1561 3380 1607 est
3413 1553 3561 1606 exsi-

1993 1639 2192 1696 stentia
2245 1640 2487 1708 corpori,
2545 1641 2602 1696 in
2651 1659 2716 1696 ea
2767 1651 2917 1697 recte
2965 1643 3192 1699 omnino
3228 1643 3560 1712 principium

1993 1747 2212 1802 quoque
2241 1733 2572 1788 exsistentiae
2595 1734 2775 1788 inesse
2797 1735 3029 1788 dicatur.
3055 1733 3188 1786 Nam
3220 1749 3249 1786 a
3272 1749 3382 1802 quo
3407 1747 3565 1800 sepa-

314 1799 434 1894 ira?
454 1799 826 1895 rtja‘xwptapqi
853 1799 1164 1878 btahisadat
1203 1799 1416 1893 πέφυκε
1443 1799 1516 1878 ’το
1545 1823 1726 1894 σῶμα,
1765 1821 1886 1877 τού-

1996 1799 2172 1907 ratum
2205 1837 2408 1891 corpus
2433 1822 2772 1886 dissolvitur,
2803 1823 2988 1892 hujus,
3015 1822 3095 1875 uti
3131 1799 3388 1890 apparet,
3433 1799 3559 1876 cum

313 1930 410 1968 του
465 1914 666 1986 δηλαδὴ
693 1917 758 1986 τῇ
808 1913 1042 1986 ὑπάρξει
1079 1917 1220 1970 κατὰ
1265 1915 1364 1988 τὴν
1391 1914 1615 1985 ⁵γένεσιν
1647 1913 1887 1984 εὐλόγως

1996 1913 2305 1970 exsistentia
2346 1915 2403 1968 in
2441 1915 2794 1984 generatione
2820 1913 2986 1969 etiam
3027 1913 3368 1967 coexstitisse
3399 1913 3560 1981 plane

318 2005 386 2062 ἃν
415 2006 631 2070 πάντως
655 2006 750 2060 καὶ
790 2007 1221 2078 συνυφέστηκεν.

386 2099 452 2153 Εί
492 2097 550 2150 δὲ
583 2097 794 2163 τούτοις
837 2097 1333 2170 στενοχωρούμενοι
1369 2099 1484 2163 τοῖς
1521 2089 1888 2168 λογισμοῖς,ῶ

315 2184 481 2255 οῦτοι,
519 2189 654 2260 φατὲ
690 2189 765 2260 μὴ
811 2174 1034 2262 νεκρὺη
1057 2185 1197 2244 εἶναι
1257 2189 1572 2244 παντάπασι
1613 2188 1676 2241 rb
1721 2203 1890 2241 κατα-

318 2280 646 2350 ϐαλλόμενον
673 2281 752 2342 εἰς
769 2277 1041 2350 πρόφασιν
1061 2277 1161 2348 τῆς
1181 2277 1530 2349 ἀνθρωπίνης
1552 2275 1886 2338 συστάσεως,

319 2369 553 2440 ζωτικῆς
601 2369 658 2423 δέ
707 2386 852 2433 τινος
892 2369 998 2424 κᾶν
1050 2367 1232 2432 ποσῶς
1287 2367 1540 2439 μετέχειν
1583 2367 1886 2442 δυνάμεως,

319 2459 395 2524 ὡς
425 2459 608 2530 ψυχὴν
643 2457 766 2530 ἔχον
803 2458 1046 2529 δηλονότι
1087 2459 1188 2527 τῆς
1220 2457 1478 2528 τοιαύτης
1507 2454 1890 2526 μεθέξειδυνά-

237 2587 245 2595 -
321 2568 465 2623 μεως
499 2550 686 2622 (χωρὶς
715 2551 822 2622 γὰρ
856 2549 1033 2620 ψυχῆς
1063 2545 1202 2612 εἶδος
1231 2548 1378 2619 ζωῆς
1407 2549 1507 2601 οὐκ
1551 2547 1618 2600 ἂν
1658 2545 1744 2617 εἴη
1773 2543 1890 2598 πώ-

319 2659 448 2697 ποτε
478 2641 734 2706 καθάπαξ
779 2643 838 2694 ἐν
885 2643 1002 2704 τοῖς
1047 2640 1152 2693 ὑπὸ
1184 2638 1346 2708 φύσιν
1383 2639 1742 2706 ἀναγομένοις
1795 2635 1892 2690 καὶ

318 2735 417 2804 τῆς
472 2734 723 2804 οὐρανίου
789 2720 949 2803 δῆλον
1002 2733 1318 2800 άεικινήτου
1364 2731 1673 2801 περιφορᾶς
1740 2727 1892 2790 ἐντὸς

318 2824 744 2894 διειλημμένοις,
776 2825 864 2878 ἀεὶ
896 2824 956 2876 δὲ
983 2822 1129 2895 ζωῆς
1157 2818 1296 2886 εἶδος
1319 2821 1448 2876 ἄνευ
1478 2819 1656 2890 ψυχῆς
1687 2819 1748 2872 rb
1786 2835 1893 2872 πα-

322 2915 500 2986 ράπαν
517 2915 618 2968 οὐκ
643 2913 760 2968 ἔστι
779 2913 921 2968 κατά
947 2915 1048 2984 τὴν
1073 2912 1296 2984 λογικὴν
1316 2911 1683 2980 ἀκολουθίαν),
1716 2904 1827 2964 οἷον
1846 2909 1892 2963 δ’

321 3007 388 3060 ἂν
417 3003 733 3073 ύποτίθησθε
757 3005 902 3074 ζωῆς
953 2999 1092 3067 εἶδος
1129 3003 1192 3056 rb
1220 2999 1692 3073 καταϐαλλόμενον
1746 3001 1892 3071 ἔχειν

1986 2015 2073 2061 85'.
2108 2012 2562 2060 consentaneum.

2057 2095 2114 2150 Si
2161 2105 2345 2151 autem
2373 2137 2388 2161 ,
2441 2112 2476 2151 ο
2525 2097 2640 2162 isti,
2671 2097 2759 2152 his
2811 2096 3373 2168 argumentationibus
3405 2109 3572 2150 coar-

1989 2187 2119 2242 ctati
2167 2188 2315 2257 quod
2363 2189 2602 2243 hominis
2653 2189 2978 2259 procreandi
3027 2187 3200 2258 gratia
3261 2185 3565 2241 seminatur

2001 2287 2278 2332 mortuum
2330 2287 2454 2334 esse
2493 2280 2745 2350 negatis,
2797 2279 3020 2334 vitalem
3085 2279 3170 2332 vel
3213 2277 3562 2346 quantulam-

1989 2385 2208 2439 cunque
2269 2371 2524 2425 virtutem
2585 2371 2918 2441 participare
2979 2369 3351 2432 allirmantes,
3415 2369 3562 2438 quod

1990 2463 2226 2516 animam
2263 2461 2520 2516 videlicet
2566 2463 2730 2532 hujus
2793 2461 3014 2516 virtutis
3045 2461 3428 2514 communione
3468 2460 3566 2513 ha-

1991 2553 2118 2608 beat
2175 2551 2324 2624 (sine
2383 2553 2568 2608 anima
2604 2555 2750 2609 enim
2785 2553 2938 2608 nulla
2987 2553 3154 2607 semel
3194 2552 3321 2618 vita:
3348 2551 3563 2620 species

1991 2651 2101 2697 tam
2156 2643 2214 2696 in
2281 2645 2364 2698 eis
2427 2659 2666 2713 unquam
2729 2659 2850 2713 quae
2905 2643 2963 2697 in
3029 2650 3282 2697 naturam
3352 2643 3563 2710 prolata

1991 2751 2151 2805 quam
2179 2750 2300 2802 quae
2327 2734 2382 2788 in
2432 2735 2566 2788 orbe
2593 2734 2714 2788 coeli
2749 2733 2965 2802 semper
3004 2731 3205 2786 mobile
3239 2731 3386 2786 intus
3410 2743 3565 2786 com-

1991 2825 2264 2896 prehensa
2308 2833 2456 2890 sunt,
2505 2825 2839 2894 reperiatur,
2896 2839 2960 2878 ac
3015 2837 3231 2893 semper
3266 2823 3392 2878 vitae
3439 2817 3565 2892 spe-

1992 2918 2105 2973 cies
2133 2917 2439 2972 secundum
2471 2907 2702 2971 rationis
2730 2914 3180 2986 consequentiam
3207 2922 3564 2985 exstatpror-

1992 3025 2086 3063 sus
2120 3009 2269 3062 nulla
2323 3007 2428 3062 nisi
2479 3023 2604 3064 cum
2657 3006 2897 3079 anima),
2943 3009 3381 3078 qualemcunque
3441 3003 3567 3058 vita:

321 3093 462 3147 κατὰ
519 3093 618 3162 τὴν
681 3092 964 3162 σύλληψιν,
1009 3091 1186 3162 ψυχῆς
1232 3109 1378 3155 τινος
1426 3091 1586 3160 μόνον
1645 3090 1889 3163 ἰδιότητα

1997 3100 2234 3171 speciem
2285 3101 2596 3171 supponitis
2639 3101 2820 3154 inesse
2865 3099 2920 3152 in
2948 3095 3324 3184 conceptionis
3370 3109 3568 3164 propa-

321 3185 637 3254 ὲνεφήνατε,
681 3181 1006 3252 συστατικὴν
1060 3181 1158 3250 μὲν
1182 3182 1281 3251 τῆς
1331 3185 1389 3235 ὲν
1433 3175 1578 3256 ᾖπέρ
1605 3185 1752 3238 ἐστιν
1807 3181 1896 3236 οὐ·

323 3275 444 3338 σίας
500 3271 858 3344 ἀφοριστικὴν
893 3273 953 3326 δὲ
1004 3271 1114 3324 τῶν
1163 3272 1242 3346 μὴ
1285 3275 1546 3328 τοιούτων
1603 3275 1892 3343 διαφοράν.

321 3365 386 3420 EE
414 3361 470 3418 δὲ
488 3361 670 3435 (235
690 3361 746 3432 α)
775 3361 870 3416 καὶ
896 3360 1072 3432 ψυχῆς)
1097 3361 1240 3432 ἔχειν
1259 3363 1320 3416 rb
1343 3363 1580 3434 ἔμϐρυον
1609 3361 1730 3432 βίας
1759 3360 1896 3430 πρὸς

321 3457 382 3512 rb
402 3457 656 3510 δὲον.ὑπὺ
689 3455 790 3522 τῆς
821 3453 1081 3521 ἀληθείας
1101 3453 1403 3524 ὠθούμενοι
1429 3451 1636 3521 λέγετε,
1663 3450 1786 3505 τίνοι
1835 3466 1897 3504 τε

321 3549 416 3604 καὶ
445 3548 636 3602 ὁποίαν
673 3545 899 3614 ταύτην,
933 3546 1027 3598 καὶ
1057 3545 1174 3608 πῶς
1203 3543 1644 3616 θεωρουμένηνῆ
1671 3545 1897 3613 λεγομέ-

322 3657 439 3709 νην,
468 3639 610 3709 ὑμᾶς
640 3637 820 3704 λέγειν
847 3635 998 3688 ἐστὶν
1025 3634 1320 3688 ἀκόλουθόν
1349 3651 1408 3687 τε
1437 3635 1535 3687 καὶ
1565 3634 1894 3704 πρόσφορον;

323 3731 435 3784 Καὶ
467 3731 516 3783 εί
559 3729 659 3799 μὲν
699 3727 871 3798 μόνην
907 3726 1010 3796 τὴν
1048 3725 1351 3798 θρεπτικὴν
1387 3743 1447 3780 τε
1483 3727 1578 3778 καὶ
1599 3723 1898 3796 αὐξητικὴν

322 3821 468 3892 ἔχειν
501 3819 634 3874 αὐτὸ
651 3815 1070 3872 διαϐεϐαιοῦσθε
1110 3816 1310 3888 ψυχὴν,
1342 3816 1514 3887 φυτοῦ
1547 3833 1690 3880 τινος
1711 3815 1898 3888 δηλονο

321 3917 406 3967 οτι
463 3911 555 3965 καὶ
597 3913 699 3964 οὐκ
743 3907 1036 3980 ἀνθρώπου
1073 3907 1154 3978 τῷ
1187 3907 1345 3979 λόγῳ
1393 3907 1565 3978 τούτῳ
1593 3907 1715 3962 καθ’
1751 3907 1899 3978 ὑμᾶς

320 4005 382 4059 rb
416 4007 754 4077 τρεφόμενον
786 4006 882 4061 καὶ
910 4004 1208 4075 αὐξόμενον
1237 4003 1393 4058 ἔσται
1425 4003 1606 4074 σῶμα.
1638 4003 1750 4056 Καὶ
1775 3999 1918 4064 πῶς.

321 4096 414 4152 τοῦ
438 4097 606 4168 φυτοῦ
631 4099 814 4168 πατὴρ
837 4099 865 4151 ὁ
887 4097 984 4152 ἄνθ
993 4113 1177 4168 ρωπος
1200 4095 1352 4150 ἔσται
1383 4095 1614 4148 συνιδεῖν
1641 4093 1742 4148 οὐκ
1764 4092 1893 4164 ἔχω,

251 4241 256 4246 ,
325 4187 494 4242 πολλὰ
535 4190 775 4254 σκοπῶν,
807 4188 867 4255 ἐξ
891 4185 1184 4261 ἀνθρώπου
1213 4185 1496 4249 παντελῶς
1515 4187 1577 4238 rb
1599 4185 1739 4238 εἶναι
1755 4183 1898 4237 κατὰ

324 4283 484 4351 φύσιν
515 4283 615 4336 οὐκ
643 4282 879 4353 ἔχοντος.
915 4282 978 4334 El
1010 4280 1068 4334 δὲ
1107 4279 1206 4351 τὴν
1241 4277 1568 4348 αἰσθητικὴν
1606 4277 1776 4348 μόνην
1817 4274 1898 4346 τῷ

322 4373 549 4446 ἐμϐρύῳ
578 4373 914 4446 προσνέμετε
943 4372 1150 4444 ψυχὴν,
1175 4373 1346 4426 ἵππου
1376 4371 1598 4434 πάντως
1639 4369 1674 4440 ἢ
1708 4368 1828 4438 βοδς
1859 4367 1892 4439 ἢ

1997 3195 2156 3265 gine,
2211 3194 2406 3246 animae
2435 3193 2668 3262 alicujus
2701 3192 2878 3245 solum
2916 3175 3307 3258 proprietatem
3355 3184 3565 3256 signiﬁ-

1998 3288 2182 3348 castis,
2213 3300 2318 3354 qua
2343 3283 2568 3353 quidem
2583 3298 2654 3336 ea
2680 3283 2735 3336 in
2759 3298 2866 3352 qua
2892 3281 3033 3337 inest
3059 3267 3296 3334 essentia
3319 3285 3566 3333 struatur

1997 3385 2054 3430 et
2092 3391 2284 3430 eorum
2311 3390 2434 3444 qua:
2483 3389 2593 3427 non
2619 3371 2890 3442 ejusmodi
2942 3379 3072 3424 sunt
3099 3370 3405 3424 diﬂ'ercntia
3432 3367 3567 3422 dell-

1997 3467 2201 3522 niatur.
2224 3465 2344 3520 Jam
2369 3480 2499 3518 vero
2518 3463 2684 3518 etiam
2716 3463 2759 3516 si
2780 3461 3043 3532 embryon
3073 3460 3251 3514 anima
3281 3458 3568 3528 praeditum

1997 3573 2118 3612 esse
2148 3573 2178 3610 a
2209 3556 2439 3610 veritate
2461 3554 2636 3624 coacti
2670 3555 2816 3624 (nam
2845 3552 3050 3607 acriter
3077 3567 3174 3607 vos
3213 3565 3408 3620 urgere
3430 3563 3570 3618 opus

1997 3647 2101 3718 est)
2128 3646 2391 3710 statuitis,
2431 3661 2539 3715 qua
2567 3655 2624 3700 et
2655 3645 2802 3714 quali
2829 3643 2952 3709 ista,
2979 3651 3037 3698 et
3070 3641 3344 3712 quomodo
3381 3641 3585 3696 obser-'

1997 3747 2120 3796 vata
2147 3746 2242 3792 aut
2271 3737 2542 3807 appellata
2571 3737 2962 3790 convenienter
3007 3733 3256 3803 sequitur
3283 3739 3342 3786 ut
3369 3732 3568 3786 docea-

1997 3831 2089 3884 tis.
2141 3828 2322 3898 Atque
2379 3826 2424 3881 si
2477 3825 2647 3879 solam
2689 3825 2832 3878 illud
2887 3823 3169 3878 nutriendi
3223 3831 3279 3878 et
3335 3821 3568 3892 augendi

1998 3919 2236 3974 animam
2266 3916 2470 3971 habere
2493 3913 2796 3978 aﬂirmatis,
2815 3915 3014 3984 plantae
3039 3914 3272 3982 alicujus
3296 3913 3566 3982 profecto,

1997 4027 2107 4066 non
2167 4007 2426 4069 hominis,
2481 4007 2586 4060 hac
2632 4007 2846 4061 ratione
2892 4005 3196 4060 secundum
3239 4019 3338 4058 vos
3367 4019 3570 4072 corpus

1999 4101 2136 4158 illud
2175 4099 2321 4170 quod
2353 4097 2600 4153 nutritur
2648 4106 2704 4152 et
2750 4104 2985 4167 augetur
3019 4097 3144 4150 erit.
3179 4096 3248 4150 Et
3296 4095 3570 4166 quomodo

1999 4193 2198 4264 planta:
2226 4198 2384 4261 pater
2407 4189 2574 4243 homo
2601 4189 2674 4243 sit
2703 4188 3035 4259 intelligere,
3062 4202 3286 4258 quoquo
3311 4187 3572 4241 conside-

1999 4285 2214 4340 ratione
2240 4289 2448 4348 vertor,
2471 4279 2727 4349 equidem
2743 4296 2854 4334 non
2879 4280 3077 4343 habeo,
3105 4293 3230 4334 cum
3257 4278 3325 4333 de
3348 4277 3572 4332 homine

1997 4375 2160 4444 plane
2187 4372 2567 4427 exsistentiam
2607 4371 2910 4426 secundum
2931 4377 3185 4424 naturam
3216 4385 3327 4422 non
3352 4367 3570 4422 habeat.

323 4445 512 4540 ἑτέρου
549 4445 693 4530 τινος
729 4465 837 4520 τῶν
875 4465 1152 4535 χερσαίων
1179 4464 1212 4535 ἢ
1235 4463 1499 4534 ἐναερίων
1531 4459 1688 4524 ζώων
1716 4459 1892 4531 ψυχὴν

2001 4465 2059 4522 Si
2111 4474 2302 4520 contra
2343 4463 2650 4519 sensualem
2679 4463 2850 4517 solam
2888 4461 2943 4515 in
2971 4461 3198 4532 embryo
3241 4461 3421 4514 inesse
3455 4459 3575 4512 ani—

323 4555 462 4626 ἔχων
503 4555 847 4624 δειχθήσεται
892 4552 1037 4608 κατὰ
1087 4553 1186 4624 τὴν
1233 4552 1494 4623 σύλληψιν
1531 4551 1596 4604 rb
1637 4549 1898 4622 ἔμϐρυον,

323 4643 420 4696 καὶ
473 4644 656 4712 πατὴρ
698 4643 800 4695 οὐκ
839 4639 993 4696 ἔσται
1038 4643 1180 4695 κατὰ
1226 4642 1391 4710 φύσιν
1438 4639 1729 4712 ἀνθρώπου
1773 4639 1900 4693 καθ’

325 4733 467 4804 ὑμᾶς
495 4733 524 4785 ὁ
553 4733 860 4804 ἄνθρωπος,
897 4733 1040 4786 κατὰ
1065 4732 1165 4802 τὴν
1198 4735 1424 4804 πρώτην
1451 4733 1732 4786 σύστασιν·
1765 4731 1900 4786 ἀλλὰ

326 4823 494 4892 φυτοῦ
527 4840 694 4889 τινος,
734 4823 916 4886 καθὼς
945 4823 1104 4892 ἔφην,
1139 4823 1172 4896 ἦ
1214 4825 1353 4888 ζώου
1377 4825 1488 4878 τῶν
1521 4827 1614 4878 ἐπὶ
1659 4825 1785 4896 γῆς.
1823 4817 1899 4879 Οῦ

325 4913 378 4966 τί
408 4913 604 4981 γένοιτ’
636 4911 700 4966 ἂν
730 4911 1076 4982 ἀτοπώτερον
1105 4913 1140 4983 ἢ
1190 4913 1622 4984 φρενοδλαϐέστε
1634 4932 1724 4984 ρον
1751 4932 1766 4982 ;
1819 4914 1893 4967 Τὸ

328 5003 436 5073 γὰρ
467 5003 542 5074 μὴ
580 5002 947 5072 συνυπάρχειν
988 5001 1426 5056 διαϐεϐαιοῦσθαι
1464 5005 1532 5074 τῇ
1573 4984 1764 5076 πρώτῃ
1803 5022 1895 5058 συ-

329 5095 519 5148 στάσει
538 5093 647 5146 τῶν
675 5093 843 5147 ὅντων
877 5093 1022 5148 κατὰ
1050 5091 1150 5164 τὴν
1173 5095 1404 5148 ἑκάστου
1437 5096 1674 5167 φυσικὴν
1705 5097 1899 5165 διαφο-

330 5185 431 5255 ρὰν
467 5182 895 5252 ἀπαραλείπτως
925 5185 1052 5246 τοὺς
1079 5183 1314 5246 οἰκείους
1343 5186 1441 5254 τῆς
1463 5185 1751 5255 ὑπάρξεως
1778 5188 1898 5256 ὁρι-

331 5273 522 5346 σμούς,
559 5273 750 5344 φύρειν
773 5274 922 5326 ἐστὶν
961 5275 1040 5336 είς
1071 5272 1276 5344 ἄλληλα
1305 5273 1375 5326 τὰ
1412 5273 1610 5338 πάντα,
1657 5275 1752 5328 καὶ⁴
1794 5293 1902 5346 μη-

327 5361 414 5415 δὲν
443 5359 584 5417 εἶναι
617 5365 823 5433 κυρίως
850 5364 958 5418 τῶν
985 5364 1156 5418 ὄντων
1180 5365 1318 5436 ὅπερ
1339 5365 1456 5420 ὲστί
1477 5383 1538 5418 τε
1562 5367 1657 5420 καὶ
1679 5369 1899 5437 λέγεται

326 5451 780 5525 διισχυρίζεσθαι.
820 5455 931 5508 Καὶ
971 5455 1029 5508 τὺ
1065 5453 1132 5526 δὴ
1169 5455 1352 5524 μεῖζον
1405 5455 1597 5522 κακὸν,
1641 5457 1900 5531 διαϐολὴν

1997 4568 2141 4607 mam
2171 4551 2518 4616 asseveratis,
2549 4551 2677 4620 equi
2712 4551 2874 4620 plane
2905 4550 2994 4604 vel
3029 4549 3188 4604 bovis
3216 4550 3311 4602 Zvel
3342 4547 3572 4603 alterius

1968 4630 2231 4713 'alicujus
2259 4642 2581 4702 animalium
2606 4641 2951 4696 terrestrium
2991 4649 3086 4695 aut
3114 4638 3423 4694 volatilium
3451 4637 3574 4692 ani-

1997 4749 2143 4788 mam
2179 4733 2384 4788 habere
2411 4732 2680 4804 embryon
2703 4732 2772 4787 de
2797 4733 3156 4801 conceptione
3187 4729 3570 4785 manifestabi-

1999 4835 2111 4894 tur,
2146 4842 2211 4882 ac
2235 4825 2538 4881 secundum
2576 4825 2824 4880 naturam
2855 4824 3095 4880 hominis
3140 4840 3242 4894 per
3277 4839 3375 4878 vos
3407 4823 3574 4879 homo

2006 4925 2163 4986 pater
2208 4932 2318 4970 non
2375 4915 2520 4981 erit,
2579 4915 2634 4970 in
2692 4915 2865 4985 prima
2911 4914 3418 4986 coagmentatione,
3476 4912 3574 4968 sed

2005 5009 2204 5078 plantat
2250 5006 2518 5076 alicujus,
2572 5005 2653 5059 uti
2684 5004 2956 5070 dicebam,
2990 5004 3076 5058 vel
3121 5003 3434 5058 animalium
3460 5012 3577 5078 ter-

2003 5082 2263 5154 restrium
2287 5097 2538 5168 alicujus.
2571 5097 2641 5150 Et
2671 5093 2806 5166 quid
2846 5095 2953 5150 hoc
2988 5103 3134 5150 esset
3158 5095 3451 5149 absurdius
3481 5101 3577 5148 aut

2005 5187 2315 5244 amentius?
2344 5186 2465 5241 Non
2489 5185 2638 5240 enim
2682 5186 3017 5242 coexsistere
3057 5186 3217 5256 plene
3247 5201 3368 5240 cum
3398 5184 3578 5254 prima
3645 5199 3648 5202 '

1999 5297 2194 5338 eorum
2222 5295 2345 5350 quae
2383 5287 2512 5334 sunt
2555 5279 2955 5348 compositione
2998 5293 3101 5348 pro
3142 5277 3578 5348 uniuscujusque

1999 5371 2239 5428 naturali
2263 5369 2572 5424 diﬁ'erentia
2601 5369 2854 5439 proprios
2874 5367 3162 5424 exstantiae
3195 5367 3331 5423 ﬁnes
3355 5381 3576 5422 asseve-

2001 5476 2144 5526 rare,
2176 5460 2283 5516 hoc
2331 5458 2516 5515 omnia
2565 5458 2710 5516 inter
2759 5475 2818 5515 se
2846 5458 3186 5515 confundere
3234 5463 3354 5523 est,
3409 5457 3576 5526 atque

1626 5620 1860 5679 VARI/1?.
1895 5621 2300 5682 LECTlONES.
2409 5667 2429 5686 .

401 5723 446 5760 ⁸³
472 5723 550 5796 τῷ
582 5723 745 5781 habet
774 5728 1144 5798 apographum
1171 5730 1293 5785 cod.
1325 5729 1584 5787 Gudiani.
