4038 6146
518 288 657 352 1339

1717 293 1776 349 S.
1823 293 1877 350 Μ
1884 292 2111 353 ΑΧΙΜέ
2150 294 2659 354 CONFESSORIS

3745 282 3859 344 ifilli

512 419 708 457 eorum
738 421 860 474 quas
902 414 1119 462 exstant
1160 396 1374 461 nultum
1426 402 1481 456 id
1521 401 1743 470 pr0prie
1780 417 1903 455 esse
1951 403 2089 471 quod

2206 404 2304 473 τῆς
2340 404 2493 467 Θείας
2545 404 2735 472 σοφίας
2771 419 2831 454 τε
2878 403 2972 457 καί
3027 403 3343 474 δυνάμεως
3398 394 3708 469 ἀρίδηλον
3754 397 3858 466 ἕχον

515 506 598 550 est
625 495 914 551 adirmare.
948 499 1016 553 Et
1041 498 1262 568 gravius
1305 496 1530 556 malum,
1571 493 1769 547 divina:
1811 494 2096 562 sapientia:

514 596 679 655 atque
708 589 997 656 potestatis
1018 588 1352 643 calumniam
1388 585 1681 640 maximam
1720 585 2014 639 manifesto
2040 584 2094 639 id

514 676 798 751 continere
823 677 1165 745 probabitur.
1197 677 1335 731 Nam
1356 676 1401 729 si
1419 674 1679 728 omnibus
1700 673 2096 742 quoquomodo

513 768 911 822 exsistcutibus
937 778 1232 837 antequam
1269 773 1636 835 procreentur
1667 766 1970 819 secundum
1998 765 2094 819 Dei

511 860 999 928 prmcognitionem
1056 859 1285 929 propria
1339 858 1483 911 inest
1538 856 1754 911 ratione
1806 856 2093 926 perfectio,

512 957 741 1018 apparet
769 950 916 1019 quod
950 951 1117 1004 etiam
1169 950 1330 1005 simul
1358 963 1482 1003 cum
1527 947 1850 1002 exsistentia
1900 963 2097 1002 secun-

512 1041 641 1094 dum
676 1043 954 1111 propriam
978 1043 1247 1096 rationem
1269 1042 1322 1096 in
1341 1041 1609 1110 originem
1648 1039 1914 1108 producta
1938 1040 2097 1109 plene

512 1134 628 1202 ipsa
663 1135 864 1187 virtute
888 1147 944 1187 et
964 1134 1180 1187 actione
1207 1133 1493 1186 habebunt
1530 1131 1947 1200 perfectionem.
1977 1130 2097 1184 Jam

510 1224 555 1278 si
587 1226 854 1293 perfectio
886 1226 1031 1279 inest
1060 1225 1365 1280 secundum
1388 1224 1481 1277 Dei
1512 1223 2002 1300 prtecognitionem
2036 1223 2095 1276 in

512 1316 679 1371 rebus
696 1318 1111 1381 exsistcutibus,
1141 1316 1236 1371 sed
1265 1314 1610 1385 imperfectio
1643 1313 1946 1368 secundum
1971 1328 2100 1382 pro-

511 1410 826 1464 ductionem
873 1410 929 1463 in
961 1409 1341 1478 exsistentiam
1371 1416 1427 1462 et
1463 1408 1758 1475 originem,
1814 1407 1877 1461 fit
1913 1415 2009 1460 aut
2039 1415 2099 1460 ut

512 1517 622 1554 non
647 1501 765 1579 ipsa.
794 1502 885 1555 illa
921 1501 1035 1554 sint
1064 1516 1186 1568 qua:
1238 1499 1570 1568 praecognita
1622 1506 1786 1563 sunt,
1835 1498 1933 1552 sed
1991 1498 2098 1551 alia

514 1607 613 1660 pro
637 1592 779 1654 aliis,
810 1600 901 1645 aut
935 1600 996 1645 ut
1031 1590 1248 1660 epiﬁcis
1279 1590 1384 1643 hoc
1420 1590 1493 1642 sit
1529 1588 1818 1642 manifesta
1854 1588 2100 1641 imbecil-

514 1682 646 1737 litas
680 1691 846 1750 atque
878 1689 1094 1750 aperta,
1123 1696 1245 1734 cum
1272 1680 1418 1749 quod
1461 1679 1767 1733 secundum
1796 1678 2100 1748 praecogni-

2201 496 2468 565 μεγίστην
2526 496 2744 557 πάντως
2795 494 3167 564 δειχθήσεται.
3226 495 3295 547 Εἰ
3368 492 3505 559 γάρ
3554 488 3750 540 πάντα
3799 490 3859 542 τὰ

2195 586 2447 639 ὁπωσοῦν
2475 586 2607 638 ὄντα
2656 587 2762 656 πρὸ
2825 588 3092 655 γενέσεως
3131 584 3339 639 αὐτῶν
3373 581 3547 634 κατὰ
3592 579 3705 650 τὴν
3743 582 3857 651 πρό

2196 694 2402 744 γνωσιν
2435 677 2531 729 τοῦ
2572 676 2709 729 Θεοῦ
2743 678 2822 746 τῷ
2851 678 3037 747 οἰκείῳ
3085 678 3241 748 λόγῳ
3293 675 3369 729 τὸ
3429 673 3676 727 τέλειον
3724 670 3849 740 ἔχει,

2197 771 2446 841 δηλονότι
2479 771 2576 824 καὶ
2624 772 2741 842 ἃμα
2773 771 2851 841 τῷ
2889 768 3028 825 εἶναι
3089 772 3241 826 κατὰ
3296 771 3406 824 τὸν
3474 769 3633 822 ἴδιον
3696 767 3849 834 λόγον

2196 865 2338 935 πρὸς
2376 866 2594 931 γένεσιν
2626 865 2988 935 παραγόμενα
3034 863 3511 935 ἀπαραλείπτως
3568 860 3723 929 αὐτῇ
3790 863 3847 927 τῇ

2194 954 2451 1025 ἐνεργείᾳ
2473 954 2533 1006 τὸ
2564 954 2771 1008 τέλειον
2797 953 2928 1021 ἕξει.
2969 957 3031 1009 Εἰ
3057 955 3114 1008 δὲ
3145 956 3208 1008 τὸ
3251 958 3365 1027 μὲν
3414 954 3668 1007 τέλειον
3709 956 3847 1007 κατὰ

2158 1108 2165 1119 ,
2195 1044 2292 1115 τὴν
2313 1045 2624 1114 πρόγνωσιν
2648 1045 2762 1116 ἔχει
2795 1047 2866 1099 τὰ
2894 1046 3045 1113 ὅντα,
3074 1048 3218 1101 κατὰ
3240 1048 3300 1100 δὲ
3333 1047 3447 1118 τὴν
3475 1048 3572 1110 εἰς
3608 1047 3677 1099 τὸ
3709 1044 3843 1099 εἶναι

2198 1137 2544 1207 παραγωγήν
2582 1154 2642 1189 τε
2673 1137 2769 1191 καὶ
2794 1137 3009 1206 γένεσιν
3048 1138 3108 1190 τὸ
3142 1140 3364 1202 ἀτελὲς.
3428 1138 3469 1207 ἢ
3529 1139 3650 1191 οὐκ
3706 1139 3841 1190 αὐτὰ

2196 1227 2383 1278 ἐκεῖνα
2423 1225 2574 1278 ἔσται
2603 1226 2674 1279 τὰ
2721 1227 3168 1296 προγνωσθέντα,
3223 1227 3349 1282 ἀλλ’
3408 1228 3562 1281 καθ’
3628 1228 3839 1298 ἑτέρων

2198 1316 2384 1386 ἕτερα.
2421 1317 2454 1386 ἢ
2509 1317 2605 1370 τοῦ
2649 1319 2984 1389 δημιουργοῦ
3023 1320 3291 1390 πρόδηλος
3342 1320 3638 1373 ἀσθένεια
3681 1319 3837 1372 τοῦτο

2198 1404 2265 1458 ἂν
2302 1405 2388 1477 εἴη
2424 1408 2518 1460 καὶ¹
2564 1408 2764 1479 σαφὴς,
2823 1410 2897 1480 μὴ
2943 1410 3264 1480 δυνηθέντος
3312 1411 3470 1464 κατὰ
3527 1411 3648 1481 τὴν
3704 1412 3835 1480 πρό-

2199 1513 2404 1565 γνωσιν
2437 1500 2496 1551 τὸ
2537 1501 2889 1570 προγνωσθὲν
2918 1501 3129 1572 ἀθρόως
3158 1502 3274 1573 ἅμα
3303 1507 3372 1574 τῇ
3401 1505 3652 1571 γενέσει
3687 1504 3829 1556 κατᾶ

2199 1588 2297 1659 τὴν
2323 1590 2611 1660 ἐνέργειαν
2641 1591 2822 1661 (235
2861 1593 2910 1660 b)
2948 1593 3025 1655 ὡς
3058 1590 3198 1646 εἶναι
3251 1596 3473 1664 πέφυκε
3516 1596 3687 1648 κατὰ
3733 1596 3830 1664 τὴν

2199 1682 2411 1743 οὐσίαν,
2440 1684 2789 1751 παραστῆσαι
2820 1684 3214 1753 πληρέστατον.

512 1775 718 1828 tionem
760 1779 1168 1842 praecognosset
1216 1772 1400 1826 statim
1429 1786 1538 1825 una
1583 1786 1708 1825 cum
1743 1770 2098 1842 generatione
2137 1772 2442 1827 secundum
2501 1774 2767 1828 virtutem
2793 1782 2849 1829 et
2878 1775 3171 1842 actionem,
3208 1777 3283 1831 ita
3314 1785 3379 1830 ut
3414 1778 3827 1832 essentialiter

508 1874 886 1937 comparatum
939 1872 1046 1929 est,
1118 1864 1435 1932 plenissime
1502 1872 1898 1933 reprwsentare
1979 1877 2089 1916 non
2127 1872 2333 1930 posset.

583 1956 714 2021 Qua:
736 1956 959 2025 quidem
988 1963 1311 2025 argumenta
1340 1954 1765 2009 reformidantes
1801 1955 1845 2009 si
1870 1954 1936 2007 ad
1960 1954 2089 2008 illud

2279 1955 2339 2007 Εἰ
2399 1955 2455 2008 δὲ
2512 1956 2734 2019 τούτους
2788 1957 3129 2027 ὑφορώμενοι
3188 1959 3316 2021 τοὺς
3377 1948 3687 2028 ἐλέγχουςί
3726 1961 3819 2012 ἐπ’

510 2057 816 2103 extremum
847 2047 1164 2116 confugitis,
1214 2047 1462 2117 iniquum
1497 2062 1619 2101 esse
1645 2047 1892 2101 dicentes
1947 2045 2095 2115 quod

514 2140 693 2208 imago
721 2150 884 2208 atque
908 2152 1032 2208 pars
1057 2139 1244 2193 divina
1275 2139 1727 2209 (intellectualem
1754 2139 1829 2192 ita
1854 2138 2097 2207 appella-

514 2230 586 2284 tis
628 2230 887 2301 auimam)
917 2247 1042 2285 cum
1074 2231 1316 2285 ﬂuxione
1344 2240 1508 2301 atque
1557 2231 1783 2285 sordida
1815 2231 2094 2300 voluptate

510 2325 827 2387 coexsistat,
858 2332 913 2377 et
939 2323 1368 2378 honestiusesse
1411 2324 1759 2379 statuendum
1807 2331 1929 2392 post
1958 2338 2095 2392 qua-

511 2416 763 2483 draginta
785 2415 1170 2484 conceptionis
1210 2415 1332 2469 dies
1360 2415 1628 2469 insinuari
1664 2415 1843 2476 illam,
1882 2422 2095 2469 naturae

511 2507 763 2577 opificem
790 2516 975 2575 aperte
1004 2506 1328 2586 calumniari
1368 2507 1712 2570 videbimini,
1757 2507 2093 2577 arguemini-

511 2615 620 2670 que
656 2599 803 2669 quod
853 2598 1191 2653 horrendum
1235 2599 1589 2668 blasphemiae
1632 2598 1817 2668 hujus,
1848 2614 1970 2668 qua:
2001 2615 2097 2669 pa-

511 2694 622 2747 lam
661 2703 779 2755 est,
817 2692 1125 2761 periculum
1182 2707 1291 2744 non
1338 2702 1545 2743 temere
1596 2690 1813 2744 subitis.
1861 2690 1996 2743 Nam
2047 2691 2091 2745 si

511 2784 930 2838 matrimonium
955 2783 1159 2836 malum
1188 2789 1295 2843 est,
1323 2782 1461 2835 mala
1486 2791 1591 2845 est,
1621 2790 1681 2834 ut
1710 2790 1954 2849 apparet,
1998 2799 2097 2837 na-

511 2875 703 2928 turalis
732 2890 954 2943 quoque
982 2873 1383 2941 procreationis
1418 2872 1503 2924 lex
1530 2889 1543 2923 :
1568 2880 1621 2925 ct
1652 2872 1697 2925 si
1729 2872 1870 2924 mala
1917 2882 2001 2926 est
2029 2888 2093 2928 ea

508 2964 781 3017 naturalis
822 2963 1229 3031 procreationis
1265 2963 1372 3023 lex,
1424 2964 1589 3015 etiam
1619 2962 1666 3015 is
1703 2962 1962 3017 videlicet
1997 2964 2092 3033 qui

509 3062 761 3107 naturam
800 3052 1002 3112 eﬂ‘ecit,
1041 3068 1105 3106 ac
1141 3052 1314 3119 legem
1364 3051 1689 3119 procreandi
1727 3052 1777 3105 ei
1820 3052 1997 3117 dedit,
2035 3054 2091 3107 in

510 3144 731 3197 malitiae
763 3143 907 3212 apud
964 3158 1061 3197 vos
1101 3142 1309 3196 crimen
1363 3143 1487 3211 jure
1539 3142 1809 3196 incurret.
1859 3144 1927 3197 Et
1960 3144 2091 3214 quid

510 3236 834 3290 ﬁlaniclizeos
862 3243 917 3289 et
969 3233 1334 3304 antiquiores,
1378 3234 1423 3287 si
1475 3235 1553 3288 ita
1590 3244 1711 3299 est,
1762 3236 2090 3289 aversamini

2197 2047 2375 2100 ἐκεῖνο
2413 2047 2788 2116 καταφύγοιτε
2847 2048 3176 2112 τελευταῖον,
3223 2050 3534 2112 φάσκοντες
3597 2052 3684 2118 μὴ
3733 2051 3812 2102 δίο

2197 2154 2352 2189 καιον
2383 2134 2523 2190 εἶναι
2552 2139 2612 2190 τὸ
2638 2139 2760 2190 κατ’
2793 2139 2980 2190 εἰκόνα
3010 2137 3147 2191 Θεοῦ
3179 2140 3273 2191 καὶ
3312 2139 3458 2191 θεῖον
3497 2138 3686 2201 (οὕτω
3713 2139 3813 2208 τήν

2195 2225 2389 2295 νοερὰν
2419 2226 2708 2288 καλοῦντες
2751 2226 2951 2295 ψυχὴν)
2980 2227 3164 2297 ρεύσει
3209 2227 3305 2279 καὶ
3347 2229 3515 2298 ἡδονῇ
3562 2231 3809 2299 ῥυπαρᾷ

2198 2319 2580 2388 συνυπάρχειν,
2612 2319 2749 2388 μετὰ
2777 2319 2834 2370 δέ
2877 2320 2978 2380 τὰς
3016 2319 3427 2391 τεσσαράκοντα
3454 2320 3562 2389 τῆς
3604 2321 3809 2390 συλλή-

2193 2409 2339 2479 ψεως
2366 2411 2581 2480 ἡμέρας
2624 2410 3073 2479 ὲπεισκρίνεσθαι
3116 2410 3299 2478 λέγειν
3337 2412 3802 2480 εὐσχημονέστε-

2196 2517 2288 2571 ρον
2319 2502 2531 2554 οἶεσθαι
2560 2501 2695 2562 δεῖν,
2727 2502 2821 2554 τὸν
2848 2504 2949 2571 τῆς
2980 2501 3195 2570 φύσεως
3226 2501 3570 2572 δημιουργὸν
3603 2503 3803 2569 σαφῶς

2194 2591 2511 2661 αἰτιώμενοι
2542 2591 2874 2662 φανήσεσθε,
2907 2595 3001 2645 καὶ
3037 2594 3127 2644 τὸν
3172 2592 3421 2645 ἐντεῦθεν
3451 2593 3562 2662 τῆς
3627 2593 3795 2662 glac-

2193 2684 2405 2753 φημίας
2455 2684 2892 2753 ἀναφαινόμενον
2946 2685 3171 2748 εἰκότως
3210 2685 3507 2754 ὑπέχοντες
3551 2685 3797 2756 φοϐερὸν

2192 2776 2542 2847 δειχθήσεσοε
2575 2776 2841 2830 κίνδυνον.
2868 2777 2929 2828 Εἰ
2961 2776 3072 2846 γὰρ
3101 2775 3270 2839 κακὸς
3298 2779 3327 2828 ό
3346 2777 3553 2844 γάμος,
3588 2777 3791 2844 δηλονο

2192 2868 2274 2921 ότι
2332 2869 2426 2920 καὶ
2464 2869 2493 2919 ὁ
2524 2868 2667 2921 κατὰ
2703 2868 2867 2936 φύσιν
2898 2868 2999 2936 τῆς
3037 2866 3307 2935 γενέσεως
3350 2866 3520 2936 νόμος
3560 2883 3576 2897 ’
3640 2870 3695 2920 εἰ
3734 2867 3789 2921 δὲ

2193 2958 2363 3021 κακὸς
2395 2961 2423 3011 ὁ
2454 2958 2694 3022 τοιοῦτος
2727 2959 2829 3027 τῆς
2859 2957 3000 3010 κατὰ
3052 2956 3218 3025 φύσιν
3268 2958 3543 3025 γενέσεως
3588 2958 3781 3028 νόμος,

2191 3051 2220 3102 ό
2250 3049 2349 3119 τὴν
2388 3050 2550 3118 φύσιν
2603 3050 2845 3120 δηλονότι
2900 3048 3243 3118 πεποιηκὼς,
3307 3049 3403 3101 καὶ
3455 3049 3587 3112 δοὺς
3645 3051 3783 3120 αὐτῇ

2192 3140 2356 3211 νόμον
2410 3130 2702 3207 γενέσεώς,
2757 3140 2984 3202 δικαίως
3021 3139 3087 3192 ἂν
3113 3138 3238 3192 καθ’
3271 3141 3423 3209 ἡμᾶς
3458 3142 3783 3210 αἰτιαθήσε-

2191 3247 2303 3283 ται.
2326 3231 2435 3283 Καὶ
2466 3230 2520 3282 τί
2547 3230 2675 3299 τοὺς
2707 3230 2815 3284 ἀπὸ
2846 3229 3127 3291 Μάνεντος
3152 3230 3249 3281 καὶ
3289 3229 3422 3292 τοὺς
3469 3230 3582 3299 πρὸ
3612 3228 3779 3283 αὑτοῦ

508 3326 817 3389 luereticos,
850 3334 1076 3394 propter
1114 3325 1255 3378 hanc
1291 3314 1530 3392 quodam
1566 3323 1750 3388 modo,
1780 3334 1837 3378 et
1871 3325 2087 3379 unicam

2192 3322 2526 3391 αἱρετικοὺς,
2574 3321 2782 3391 ταύτης
2808 3320 2971 3372 ’ἑνεκα
3019 3320 3224 3389 τρόπον
3278 3319 3407 3373 τινὰ
3459 3321 3556 3374 καὶ
3614 3321 3782 3391 μόνης

505 3432 726 3471 causam
748 3417 858 3471 duo
892 3416 1163 3486 principia
1198 3416 1599 3470 substituentes
1630 3416 1916 3485 Deumque
1969 3417 2090 3470 uni-

506 3524 790 3563 versarum
831 3523 1017 3562 rerum
1068 3508 1438 3575 abnegautes,
1482 3517 1774 3576 postquam
1810 3523 1908 3561 vos
1943 3507 2090 3576 ipsos

506 3601 651 3656 idem
674 3600 818 3670 quod
851 3600 953 3662 illi,
975 3600 1079 3654 etsi
1104 3615 1213 3653 non
1238 3615 1335 3668 per
1365 3599 1581 3661 eadem,
1619 3606 1862 3653 statuere
1888 3598 2088 3668 depre-

505 3693 820 3746 hendistis‘?
847 3690 1005 3757 Quod
1034 3691 1077 3744 si
1119 3691 1454 3761 liacpropter
1479 3691 1810 3745 coexsistere
1838 3707 1938 3760 per
1957 3690 2090 3745 con-

504 3785 817 3853 ezptioncm
860 3797 986 3837 cum
1047 3798 1279 3853 corpore
1332 3783 1574 3837 animam
1638 3783 1967 3838 rationalem
2030 3789 2088 3837 et

505 3876 931 3931 intellectualem
976 3875 1209 3945 pudoris
1255 3884 1407 3929 metu
1458 3875 1645 3929 dicere
1700 3874 1975 3946 refugitis,
2014 3890 2085 3929 ne

506 3972 629 4033 post
679 3965 1044 4034 quadraginta
1093 3965 1319 4034 quidem
1378 3965 1520 4028 dies,
1568 3980 1671 4018 nec
1702 3974 1828 4033 post
1885 3979 2084 4019 novem

503 4055 847 4124 graviditatis
894 4070 1135 4119 menses,
1175 4071 1280 4109 nec
1311 4064 1437 4125 post
1465 4055 1636 4124 ipsam
1666 4064 1857 4123 partus
1880 4054 2084 4109 editio-

504 4160 653 4209 nem,
715 4153 843 4199 ante
899 4144 1268 4215 quadraginta
1323 4144 1672 4214 purgationis
1705 4144 1825 4197 dies
1862 4152 2083 4213 partum

504 4235 711 4291 habere
767 4239 1093 4292 rationalem
1138 4248 1306 4306 atque
1358 4236 1790 4290 intellectualem
1846 4236 2082 4290 animam

501 4326 688 4381 dicere
721 4326 1020 4401 audebitis.
1075 4327 1223 4382 Intra
1272 4326 1380 4381 hoc
1423 4327 1571 4380 enim
1602 4333 1819 4395 tempus
1865 4327 1931 4379 ad
1985 4326 2083 4381 Dei

412 4408 423 4413 ”
504 4416 771 4483 templum
801 4416 1074 4471 accedere
1097 4416 1296 4470 infanti
1318 4431 1429 4470 non
1454 4417 1605 4479 licet,
1635 4416 1839 4485 quippe
1866 4417 2084 4486 impuro

500 4506 811 4563 secundum
847 4508 986 4577 legis
1035 4507 1401 4561 sanctionem.
1436 4506 1517 4561 Ita
1562 4507 1843 4575 reliquum
1889 4516 1977 4562 cst
2023 4516 2084 4562 ut

2189 3414 2287 3482 τῆς
2321 3414 2523 3478 αἰτίας,
2556 3413 2650 3466 δύο
2674 3412 2850 3485 ἀρχὰς
2884 3413 3393 3483 ὑποστησαμένους,
3426 3414 3525 3466 καὶ
3562 3414 3653 3467 τὸν
3694 3415 3780 3467 ἐπὶ

2190 3504 2408 3556 πάντων
2461 3503 2596 3556 Θεὸν
2661 3504 3119 3575 ἀρνησαμένους,
3169 3504 3664 3574 ἀποστρεφόμεθα,
3722 3505 3779 3559 τὺ

2187 3595 2320 3647 αὐτὸ
2346 3595 2625 3664 λέγοντας,
2658 3597 2705 3647 εἰ
2733 3596 2828 3649 καὶ
2864 3595 2937 3667 μὴ
2969 3594 3060 3648 διὰ
3092 3595 3200 3648 τῶν
3239 3596 3446 3660 αὐτῶν,
3500 3599 3601 3649 καὶ
3639 3598 3779 3667 ὑμᾶς

2160 3685 2515 3755 ⁴εὑρηκότες
2552 3687 2613 3738 Εἰ
2641 3686 2699 3738 δὲ
2728 3687 2932 3756 ταύτης
2958 3686 3124 3738 ἓνεκα
3146 3686 3250 3756 τῆς
3282 3689 3469 3750 αἰτίας
3500 3690 3776 3760 συνυπάρ-

2186 3793 2304 3846 χειν
2330 3777 2407 3847 τῷ
2438 3776 2650 3848 σώματι
2677 3777 2821 3831 κατὰ
2848 3778 2949 3849 τὴν
2982 3777 3246 3849 σύλληψιν
3285 3778 3389 3850 τὴν
3440 3779 3671 3853 λογικήν
3719 3797 3774 3832 τε

2188 3869 2282 3920 καὶ
2307 3886 2393 3922 νοε
2404 3869 2501 3940 ρὰν
2522 3870 2702 3942 ψυχὴν
2720 3870 2900 3938 λέγειν
2933 3871 3000 3923 δι’
3021 3871 3287 3941 αἰσχύνης
3316 3872 3612 3926 εὐλάϐειαν
3638 3889 3775 3943 παρς

2186 3960 2427 4012 αιτεῖσθε
2471 3961 2608 4031 μηδὲ
2672 3960 2810 4032 μετὰ
2857 3962 3267 4036 τεσσαράκοντα
3326 3964 3584 4033 ἡμέρας,
3642 3965 3773 4033 μήτε

2189 4050 2329 4121 μετᾶ
2358 4051 2450 4104 τὸν
2476 4053 2895 4123 ὲννεαμηνιαῖον
2920 4054 3022 4124 τῆς
3052 4054 3358 4124 κυοφορίας
3382 4072 3417 4123 χ
3425 4056 3604 4125 ρόνον,
3641 4058 3772 4126 μήτε

2189 4144 2295 4214 μὴν
2334 4144 2474 4214 μετὰ
2505 4143 2598 4198 τὸν
2625 4145 2805 4209 τόκον,
2839 4146 2945 4217 πρὸ
2983 4145 3092 4198 τῶν
3135 4153 3188 4214 μ’
3216 4147 3445 4216 ἡμερῶν
3472 4148 3567 4200 τοῦ
3608 4149 3773 4201 καθα-

2188 4234 2387 4306 ρισμοῦ
2428 4235 2596 4302 φάναι
2633 4235 2932 4305 τολμήσετε
2984 4237 3044 4290 τὸ
3083 4238 3347 4308 γεννηθὲν
3375 4239 3526 4309 ἔχειν
3552 4243 3653 4310 τὴν
3684 4241 3770 4294 λο-

2185 4328 2351 4396 γικήν
2376 4344 2436 4380 τε
2480 4326 2575 4380 καὶ
2623 4326 2817 4396 νοερὰν
2873 4329 3074 4398 ψυχήν.
3124 4330 3198 4381 Oti
3239 4330 3351 4397 γὰρ
3403 4331 3667 4399 προσιτὸν
3696 4331 3770 4399 τῷ

2185 4418 2299 4488 ναῷ
2322 4418 2415 4471 τοῦ
2450 4417 2586 4471 Θεοῦ
2619 4417 2760 4482 τέως
2784 4419 2900 4471 ἐστὶ
2924 4419 2983 4471 τὸ
3007 4420 3220 4490 τεχθὲν,
3246 4419 3322 4482 ὡς
3357 4420 3671 4491 ἀκάθαρτον

2185 4510 2337 4581 νόμῳ
2373 4508 2765 4581 διοριζόμενον.
2806 4511 2893 4573 Ὠς
2918 4511 3108 4563 λοιπον
3143 4512 3305 4581 μέχρι
3336 4512 3440 4579 τῆς
3485 4513 3598 4564 τῶν
3635 4515 3766 4582 ἠμε-

499 4603 631 4651 ante
661 4595 782 4651 dies
824 4596 1170 4666 purgationis
1200 4598 1508 4669 completos
1538 4604 1729 4666 partus
1769 4614 1874 4652 nec
1909 4599 2080 4653 ratio-

2190 4601 2310 4671 ρῶν-
2341 4600 2434 4655 τοῦ
2477 4601 2821 4672 καθαρισμοῦ
2857 4600 3308 4672 σύμ-πληρώσεως
3369 4605 3445 4671 μὴ
3502 4602 3649 4672 ἔχειν
3709 4601 3764 4655 τὸ

502 4687 683 4740 salem
733 4702 837 4743 nec
885 4688 1319 4743 intellectualem
1352 4688 1590 4742 animam
1636 4688 1842 4743 habere
1879 4705 2080 4744 secun-

500 4776 632 4829 dum
667 4777 1170 4846 argumentationis
1202 4777 1652 4847 probabilitatem
1693 4780 1924 4848 putetis,
1960 4781 2078 4846 sed,

502 4878 561 4921 ut
604 4870 768 4938 paulo
797 4879 960 4925 antea
1014 4870 1148 4935 dixi,
1208 4874 1416 4929 habere
1463 4875 1702 4929 animam
1738 4876 1958 4945 plantae,
1987 4884 2082 4931 aut

500 4958 841 5015 irrationalis
874 4960 1127 5017 animalis
1174 4964 1408 5036 alicujus
1454 4960 1532 5020 de
1587 4982 1820 5021 numero
1882 4982 2079 5022 eorum

499 5064 623 5117 quae
658 5066 844 5105 rerum
875 5061 1073 5107 natura
1104 5057 1546 5125 comprehendit.
1585 5056 1909 5128 Cujusmodi
1957 5059 2080 5129 opi-

503 5140 683 5195 nionis
739 5144 784 5197 si
837 5144 978 5200 forte
1026 5145 1156 5201 inde
1186 5149 1537 5205 occasionem
1574 5151 1891 5220 sumpsistis
1928 5152 2078 5220 quod

501 5246 733 5300 magnus
760 5233 971 5304 Moyses
1004 5236 1229 5306 scripsit
1256 5239 1326 5292 ab
1355 5255 1423 5294 eo
1458 5256 1655 5309 pmnas
1690 5258 1802 5295 non
1829 5257 1949 5296 esse
1987 5258 2077 5297 re-

501 5322 765 5387 petendas
817 5327 910 5394 qui
945 5328 1227 5397 gravidam
1266 5331 1556 5387 mulierem
1590 5334 1905 5396 cecidisset,
1956 5344 2083 5390 ante

501 5411 866 5482 quadraginta
923 5418 1042 5475 dies
1093 5422 1136 5474 si
1184 5431 1412 5492 propter
1452 5425 1663 5494 plagam
1716 5428 1981 5498 embryon
2028 5429 2080 5481 in

500 5500 680 5553 lucem
719 5504 929 5570 ederet,
963 5509 1249 5565 sciendum
1297 5522 1382 5566 cst
1421 5515 1567 5582 quod
1619 5517 1839 5585 sapiens
1870 5520 2084 5589 Moyses

506 5604 616 5642 non
651 5591 930 5649 rationalis
958 5599 1032 5652 ibi
1068 5602 1262 5657 animae
1298 5604 1351 5657 in
1388 5620 1588 5673 corpus
1628 5607 1956 5676 ingressum,
1981 5611 2073 5662 sed

508 5676 802 5744 perfectam
822 5684 1327 5755 satis’igurationcm
1362 5694 1567 5747 absolvi
1603 5697 1743 5749 intra
1779 5698 1828 5751 ia!
1862 5708 2076 5761 tempus

2184 4693 2508 4764 τικτόμενον
2540 4691 2640 4763 τὴν
2670 4692 2904 4761 λογικήν
2937 4709 3000 4745 τε
3029 4691 3125 4744 καὶ
3171 4691 3368 4762 νοερὰν
3410 4691 3592 4762 ψυχὴν
3631 4691 3764 4744 κατά

2186 4784 2277 4839 τὸν
2305 4785 2493 4839 εἰκότα
2528 4784 2690 4852 λόγον
2722 4784 2993 4850 ὑπονοεῖν,
3028 4782 3165 4838 ἀλλά
3198 4800 3365 4846 τινος,
3397 4782 3474 4846 ὡς
3517 4784 3653 4853 ἔφην
3684 4800 3765 4851 μισ

2189 4876 2311 4947 κρῷ
2335 4878 2589 4949 πρόσθεν,
2619 4876 2788 4945 φυτοῦ
2813 4878 2845 4947 ἦ
2880 4876 3018 4942 ζώου
3054 4875 3252 4942 ἀλόγου
3282 4874 3390 4927 τῶν
3420 4877 3479 4928 ἐν
3501 4878 3616 4938 τοῖς
3650 4873 3761 4927 οὖσι

2186 4969 2611 5040 διειλημμένων.
2652 4969 2715 5021 Εἰ
2771 4968 2828 5021 δὲ
2859 4968 3132 5038 πρόφασις
3171 4967 3360 5038 (236
3395 4966 3451 5037 a)
3506 4968 3638 5035 ὑμῖν
3675 4963 3759 5018 τοῦ

2185 5063 2431 5115 τοιούτου
2466 5062 2627 5129 λόγου
2660 5061 2967 5132 καθέστηκε
2993 5062 3053 5114 τὸ
3079 5063 3419 5131 γεγραφέναι
3462 5061 3554 5113 τόν
3595 5060 3759 5129 μέγαν

2183 5152 2627 5224 Μωῦσῆν,δίκας
2662 5152 2735 5222 μὴ
2783 5152 3134 5206 ἀπαιτεῖσθαι
3186 5153 3281 5204 τὸν
3342 5151 3622 5221 πλήξαντα
3670 5151 3757 5219 τὴν

2184 5245 2562 5315 κυοφοροῦσαν
2588 5248 2851 5312 γυναῖκα,
2874 5244 2980 5314 πρὸ
3006 5244 3424 5315 τεσσαράκοντα
3455 5241 3679 5312 ἡμερῶν
3714 5242 3757 5292 εἰ

2184 5337 2428 5406 συμϐαίη
2457 5337 2544 5389 διὰ
2584 5339 2684 5407 τῆς
2737 5336 2954 5406 πληγῆς
3006 5336 3179 5405 αὐτὴν
3229 5334 3381 5405 παρὰ
3434 5334 3525 5386 τὸν
3575 5336 3757 5402 καιρὸν

2182 5426 2491 5480 ἀποθέσθαι
2537 5428 2598 5480 τὸ
2630 5428 2891 5497 ἔμϐρυον,
2953 5428 3127 5479 ἰστέον
3177 5427 3253 5489 ὡς
3304 5426 3367 5478 οὐ
3420 5424 3522 5495 τὴν
3574 5424 3655 5485 εἰς
3704 5419 3757 5472 τὸ

2183 5518 2344 5588 σῶμα
2365 5519 2491 5571 τότε
2525 5520 2624 5588 τῆς
2654 5519 2876 5586 λογικῆς
2906 5518 3085 5586 ψυχῆς
3107 5517 3404 5586 γινομένην
3432 5514 3634 5568 εἴσοδον
3662 5513 3755 5581 ὲμ-

2187 5611 2395 5678 φαίνων
2427 5612 2454 5663 ὁ
2483 5611 2644 5677 σοφὸς
2685 5609 2946 5687 Μωῦσῆς,
2982 5608 3119 5660 ἀλλὰ
3154 5609 3245 5660 τὸν
3293 5607 3497 5660 τέλειον
3536 5606 3635 5684 τοῦ
3666 5621 3755 5657 κα-

2186 5701 2549 5765 ταϐληθέντος
2583 5701 2953 5765 ἐξεικονισμὶν
2979 5700 3389 5766 ἀπαρτίζεσθαι
3408 5698 3527 5752 τότε
3567 5696 3750 5767 δηλῶν,
