4038 6146
317 325 446 393 1341

1536 331 1770 388 ΑΜΒῙῦ
1783 330 2054 390 UORUM
2093 333 2343 394 LiBER.

3403 338 3540 404 13452

311 444 452 505 τέως
479 443 620 494 κατά
645 440 736 495 τὸν
760 440 1050 513 πρόχειρον
1077 439 1202 494 νοῦν
1231 440 1387 492 τοῦτο
1416 441 1680 512 γέγραφε.
1712 443 1882 511 Προσ-

1997 445 2301 512 s'tgmlieans
2323 455 2372 512 η,
2407 444 2629 502 interim
2661 449 2717 504 in
2748 450 2895 505 hunc
2926 459 3148 506 sensum
3176 452 3293 507 hmo
3315 451 3548 519 scripse-

315 533 617 596 επιτούτοις
639 533 696 586 δέ
722 535 876 596 πᾶσι,
908 533 1122 586 δέδοικα
1158 531 1251 584 τὸν
1293 531 1534 584 τοιοῦτον
1591 532 1889 602 προσδέξα-

318 623 442 676 σθαι
469 625 648 692 λόγον,
683 625 878 694 μήπως
899 626 933 696 ἡ
965 623 1060 676 τοῦ
1090 624 1250 690 λόγου
1276 622 1396 675 καθ’
1423 623 1614 692 είρμδν
1652 625 1885 692 προϐαί-

317 732 482 768 νουσα
511 715 663 780 τάξις
702 715 949 786 φοϐερῶν
989 717 1190 786 ποιήσῃ
1229 733 1295 785 με
1336 717 1560 778 δικαίως
1607 715 1886 784 ἐγκλημά-

317 821 425 857 των
457 805 777 865 ὑπεύθυνον.
811 805 948 877 ὅπερ
977 805 1050 877 μὴ
1079 806 1241 874 θέμις
1268 809 1443 859 εἰπεῖν
1501 807 1624 858 ὅσον
1679 807 1743 858 ἐκ
1788 807 1886 874 τῆς

319 896 639 960 ἀκολουθίας
667 898 761 949 τοῦ
789 897 949 965 λόγου
969 913 1036 966 με
1063 895 1359 966 βιαζομένῃ
1386 895 1478 949 τὸν
1507 881 1888 966 Κύριον’ἡμῶν
1925 935 1933 943 .

321 988 416 1039 καὶ
450 987 583 1040 Θεὸν
601 987 803 1054 λέγειν,
845 986 1002 1056 εἴπερ
1041 987 1254 1056 ἀληθῶς
1288 987 1411 1041 καθ’
1448 989 1595 1058 ἡμᾶς
1632 985 1886 1054 γενέσθαι

320 1079 656 1147 κατηξίωσεν
701 1079 988 1149 ἄνθρωπος
1033 1081 1206 1148 χωρὶς
1237 1079 1534 1148 ἁμαρτίας,
1585 1077 1728 1131 κατά
1787 1079 1887 1146 τὴν

325 1168 582 1238 σύλληψιν
611 1169 814 1238 ἄψυχον
838 1169 932 1222 καὶ
961 1169 1124 1223 ἄνουν
1155 1168 1440 1238 ἄνθρωπον
1459 1169 1765 1237 γεγονέναι,
1799 1167 1893 1220 καὶ⁹

322 1258 419 1321 τὰς
442 1261 848 1328 τεσσαράκοντα
882 1259 1095 1328 ἡμέρας
1135 1257 1312 1322 οὑτως
1351 1258 1542 1329 ἔχοντα
1583 1258 1893 1328 μεμενηκέ-

322 1365 427 1411 ναι,
485 1349 596 1401 τῶν
659 1347 830 1415 ἁγίων
869 1349 1130 1418 Πατέρων
1186 1348 1344 1416 ἡμῶν
1399 1348 1497 1401 καὶΙ
1553 1347 1893 1401 διδασκάλων

323 1439 619 1512 διαρρήδην
655 1439 922 1508 βοώντων,
958 1439 1159 1507 μᾶλλον
1183 1439 1238 1490 δέ
1267 1440 1366 1508 τῆς
1391 1439 1458 1491 δι’
1484 1439 1664 1492 αὐτῶν
1703 1436 1894 1490 λαλούο

328 1545 427 1598 σης
449 1547 509 1582 τε
555 1529 651 1580 καλ¹
687 1529 1026 1598 λαλουμένης
1072 1527 1354 1597 ἀληθείας,
1401 1529 1517 1599 ἅμα
1561 1531 1630 1599 τῇ
1686 1529 1894 1598 καθόδῳ

323 1619 419 1673 τοῦ
448 1619 582 1672 Θεοῦ
607 1620 781 1686 Λόγου
813 1619 957 1672 κατὰ
984 1620 1082 1688 τὴν
1112 1619 1373 1689 σύλληψιν
1400 1619 1648 1689 ἀχρόνως
1673 1620 1762 1672 διὰ
1799 1619 1896 1688 μέ-

330 1727 429 1780 σης
458 1710 636 1780 ψυχῆς
666 1709 892 1779 λογικῆς
919 1712 1185 1780 ἐνωθῆναι
1222 1712 1388 1782 σαρκὶ
1425 1713 1516 1764 τὸν
1552 1711 1754 1780 Κύριον
1797 1711 1896 1761 αὐ-

327 1764 426 1856 τόινυ
445 1764 702 1854 καὶῆὀεὸν
734 1764 930 1870 λόγον,
958 1764 1166 1855 ἀλλ’.ού
1198 1764 1490 1872 διάιμέσης
1524 1764 1722 1871 σαρκὸς
1761 1799 1898 1869 atpo-
1927 1764 1970 1823 Β

328 1907 424 1958 χου
477 1889 704 1959 λογικὴν
759 1889 936 1960 ψυχὴν
991 1890 1386 1960 προσδέξασθαι
1443 1891 1895 1964 προσγινομένην,

330 1985 421 2034 καὶ
443 1983 545 2046 οὐκ
573 1983 780 2054 ἄψυχον
815 1983 974 2053 σῶμα
1002 1982 1280 2044 παντελῶς
1321 1980 1354 2047 ἢ
1387 1981 1546 2035 ἄνουν
1589 1978 1764 2050 ψυχὴν
1806 1980 1899 2032 καὶ

329 2074 519 2140 ἄλογον
547 2075 920 2144 ἀνειληφέναι,
939 2074 1075 2128 ἀλλά
1099 2074 1311 2126 τελείαν
1340 2071 1641 2135 ἀνελλιπῶς
1665 2073 1762 2140 τὴν
1800 2071 1900 2138 φύ-

331 2181 413 2220 σιν
432 2165 528 2236 τὴν
548 2167 612 2220 ἐκ
632 2165 812 2237 ψυχῆς
831 2165 1055 2234 λογικῆς
1085 2163 1200 2233 ἆμα
1228 2165 1322 2218 καὶ
1359 2163 1610 2234 σώματος
1644 2177 1899 2215 συνιστα-

333 2257 498 2327 μένην
535 2257 713 2328 ἐαυτῷ
743 2256 864 2310 καθ’
907 2255 1204 2314 ὑπόστασιν
1251 2255 1506 2328 ἀρρήτως
1544 2253 1762 2306 ἐνῶσαι.
1809 2251 1902 2304 Διὸ

333 2347 566 2410 μάλιστα
625 2347 948 2417 περιέχομαι
994 2344 1090 2398 τοῦ
1141 2345 1242 2414 τῆς
1293 2342 1676 2414 συνυπάρξεως
1714 2341 1898 2410 λόγου.

327 2441 454 2502 τοὺς
488 2440 572 2510 ἐφ’
600 2441 837 2510 ἑκάτερα
865 2440 930 2493 δι’
957 2439 1202 2502 ἐναντίας
1233 2438 1390 2501 ὄντας
1431 2437 1678 2506 ἀλλήλοις
1716 2453 1774 2488 τε
1804 2435 1901 2487 καὶ

329 2534 394 2600 τῇ
415 2532 668 2600 μεσότητι
695 2529 991 2600 προσφυῶς
1016 2529 1497 2599 ἀποπεμπόμενος,
1517 2528 1677 2581 αύτὶν
1693 2527 1783 2580 τὸν
1803 2527 1901 2596 τῆς

331 2621 543 2688 φύσεως
572 2621 802 2692 ποιητὴν
838 2621 976 2691 ἔχων
1007 2619 1086 2689 τῷ
1119 2620 1240 2674 καθ’
1275 2619 1466 2674 ἑαυτὸν
1497 2618 1780 2688 μυστηρίῳ
1805 2619 1900 2687 τῆς

329 2716 764 2785 ἐνσωματὼσεως
809 2713 905 2766 τοῦ
941 2714 1182 2766 τοιούτου
1213 2693 1392 2780 ’λόγου
1431 2711 1626 2782 (236
1669 2711 1719 2778 b)
1773 2727 1902 2761 συν-

331 2806 526 2876 ἡγορόν
547 2823 604 2859 τε
639 2805 732 2858 καὶ
775 2804 1089 2858 διδάσκαλον
1129 2802 1586 2872 ἀπαραλόγιστον,
1629 2801 1720 2852 τὸν
1747 2801 1902 2866 γενό-

333 2913 490 2964 μενον
533 2895 746 2966 ἀληθῶς
800 2895 1108 2964 ἄνθρωπον,
1165 2895 1260 2947 καὶ
1321 2891 1418 2962 τὴν
1473 2891 1634 2960 φύσιν
1683 2890 1900 2954 τελείως

331 2988 558 3058 ἔχουσαν
587 2985 702 3058 ἅμα
731 2986 808 3055 τῷ
840 2981 978 3039 εἶναι
1012 2987 1154 3040 κατά
1189 2985 1287 3056 τὴν
1320 2984 1536 3052 γένεσιν
1573 2981 1900 3050 ὑφίστασθαι

1991 535 2083 589 rit.
2107 537 2186 590 Ad
2213 538 2327 592 haec
2359 554 2490 593 vero
2517 541 2700 596 omnia
2726 542 2888 596 talem
2907 543 3195 598 admittere
3227 547 3554 599 sententiam

1989 626 2308 693 reformido,
2345 645 2414 684 ne
2445 646 2552 700 qua
2584 635 2855 690 sermonis
2895 636 3041 690 serie
3077 637 3386 704 procedens
3419 637 3558 690 nrdn

1991 715 2393 773 horrendorum
2427 736 2512 774 me
2543 723 2835 778 criminum
2875 726 3001 796 jure
3024 727 3324 780 obnoxium
3371 727 3555 790 faciat,

1989 809 2169 876 quoad
2224 825 2290 864 ex
2344 811 2736 880 disputationis
2796 817 3190 885 consequentia
3242 833 3328 872 me
3358 798 3558 872 ‘dicere

1991 913 2192 969 cogens
2233 902 2526 957 Dominum
2555 915 2807 960 nostrum
2859 923 2924 962 ac
2946 892 3142 972 Delum,
3171 909 3317 978 quod
3351 908 3559 962 dixisse

1993 990 2150 1045 nefas
2187 1001 2292 1056 est,
2333 993 2603 1062 siquidem
2631 1011 2760 1050 vere
2797 997 2863 1050 ad
2891 1013 2990 1052 nos
3015 999 3182 1052 homo
3221 998 3338 1053 ﬁeri
3369 999 3562 1068 digna-

1995 1086 2086 1132 tus
2115 1088 2219 1142 est,
2258 1083 2468 1150 peccati
2498 1092 2684 1140 tamen
2713 1101 2928 1156 expers,
2952 1087 3060 1142 hoc
3085 1101 3169 1142 est
3199 1088 3405 1143 dixisse
3429 1104 3560 1144 eum

1992 1167 2062 1222 de
2087 1172 2446 1238 conceptione
2475 1173 2832 1230 inanimatum
2845 1189 2901 1232 et
2919 1186 3106 1232 mente
3125 1193 3236 1232 non
3269 1179 3558 1248 praeditum

1993 1259 2274 1314 hominem
2307 1263 2564 1318 ell‘ectum
2615 1265 2804 1330 fuisse,
2837 1274 2896 1320 et
2921 1283 3022 1336 per
3046 1269 3410 1338 quadraginta
3442 1269 3562 1324 dies

1993 1348 2100 1403 hoc
2133 1359 2276 1405 statu
2325 1368 2727 1420 perseverasse,
2770 1373 2896 1411 cum
2935 1360 3111 1412 sancti
3145 1361 3338 1414 Patres
3389 1361 3557 1414 nostri

1993 1450 2157 1509 atque
2197 1441 2450 1496 doctores
2481 1443 2686 1498 diserte
2732 1448 3096 1512 conclament,
3147 1451 3260 1502 imo
3296 1451 3414 1518 ipsa
3461 1465 3562 1517 per

1993 1541 2092 1582 eos
2119 1527 2336 1583 Veritas
2369 1530 2600 1586 atiirmet
2622 1540 2678 1586 et
2716 1532 3039 1601 aﬂirmetur,
3079 1535 3242 1591 simul
3284 1552 3410 1590 cum
3461 1538 3559 1594 Dei

1995 1615 2162 1670 Verbi
2213 1633 2315 1686 per
2367 1623 2783 1690 conceptionem
2841 1625 3204 1683 descensione
3271 1630 3454 1684 statim
3505 1639 3562 1686 et

1995 1707 2150 1762 nullo
2195 1715 2440 1778 tempore
2471 1711 2762 1782 interjecto
2790 1731 2889 1784 per
2934 1717 3172 1772 mediam
3201 1719 3440 1774 animam
3473 1737 3564 1776 ra-

2001 1796 2258 1850 tionalem
2293 1799 2586 1856 Dominum
2633 1803 2808 1872 ipsum
2845 1817 2900 1859 et
2931 1809 3103 1861 Deum
3145 1809 3388 1864 Verbum
3414 1827 3560 1869 .cum

1996 1901 2160 1941 carne
2187 1889 2383 1954 coisse,
2426 1907 2536 1947 non
2568 1909 2698 1948 vero
2739 1910 2838 1968 per
2867 1897 3103 1952 mediam
3135 1914 3356 1954 carnem
3387 1901 3563 1956 inani-

1996 1987 2197 2032 matam
2233 1981 2470 2035 animam
2508 1983 2833 2040 rationalem
2861 1989 3224 2044 accedentem
3261 1992 3560 2060 recepisse,

1995 2077 2054 2122 et
2081 2085 2190 2122 non
2223 2069 2586 2126 inanimatum
2613 2089 2840 2142 prorsus
2870 2092 3074 2146 cor-pus
3095 2087 3190 2132 aut
3235 2081 3436 2135 mentis
3464 2097 3561 2136 ex-

1997 2168 2208 2228 pertem
2253 2161 2732 2234 irrationalemque
2787 2167 3026 2222 animam
3072 2169 3363 2240 adoptasse
3393 2212 3408 2236 ,
3462 2172 3560 2228 sed

1997 2248 2294 2318 perfectam
2339 2252 2498 2321 plene
2525 2265 2776 2310 naturam
2805 2271 2874 2311 ex
2902 2260 3082 2314 anima
3110 2261 3366 2316 rationali
3393 2263 3555 2317 simul

1997 2351 2054 2396 et
2079 2357 2310 2410 corpore
2331 2345 2724 2401 consistentem
2738 2347 2959 2404 sibimet
2980 2353 3284 2407 secundum
3311 2354 3567 2409 substan-

1999 2431 2129 2485 tiam
2165 2431 2432 2486 inell'abili
2461 2435 2699 2502 quodam
2759 2437 2924 2498 modo
2969 2439 3328 2493 coadunasse.
3365 2439 3566 2504 Quam-

1991 2522 2188 2598 obrem
2223 2523 2455 2578 maxime
2483 2526 2764 2595 amplexor
2797 2529 3199 2584 coexs-istcntiae
3223 2531 3562 2600 Opinionem,

2000 2622 2335 2683 ceterasque
2373 2614 2428 2668 in
2465 2623 2752 2686 utramque
2793 2626 3002 2688 partem
3040 2619 3418 2690 divergentes,
3445 2637 3566 2691 qua:

2001 2715 2111 2762 tam
2150 2709 2257 2762 sibi
2298 2709 2532 2764 invicem
2562 2725 2726 2780 quam
2768 2711 2949 2765 medio
2979 2711 3257 2765 contraria
3297 2720 3460 2773 sunt,
3499 2719 3561 2764 ut

2001 2807 2428 2854 consentaneum
2463 2807 2566 2864 est,
2601 2802 2798 2856 missas
2833 2801 3006 2862 facio.
3039 2811 3094 2856 et
3135 2802 3312 2872 ipsum
3355 2809 3567 2856 natura:

1999 2887 2360 2942 Conditorem
2416 2904 2517 2944 suo
2572 2890 2722 2958 quod
2774 2890 2878 2945 sibi
2943 2891 3108 2945 habet
3170 2891 3567 2946 incarnationis

1997 2979 2262 3052 mysterio
2285 2987 2574 3048 patronum
2606 2981 2771 3050 hujus
2804 2983 3080 3051 Opinionis
3099 2993 3263 3050 atque
3285 2983 3565 3036 doctorem

328 3081 393 3130 δι’
450 3077 640 3132 ἐαυτοῦ
699 3077 1154 3147 βεϐαιωσάμενον,
1209 3076 1304 3128 καὶ
1353 3074 1520 3145 μόνην
1573 3071 1899 3141 καινοτομή-

2003 3071 2350 3126 infallibilem
2395 3071 2594 3135 habeo,
2629 3073 2723 3142 qui
2753 3089 2880 3128 vere
2906 3082 2990 3128 est
3017 3075 3180 3128 homo
3211 3072 3408 3138 factus,
3440 3073 3568 3142 qui-

333 3188 498 3224 σαντα
547 3170 644 3239 τὴν
683 3168 1033 3237 καινοτομίαν
1089 3170 1189 3237 τῆς
1237 3165 1472 3236 φύσεως,
1512 3163 1655 3231 λέγω
1701 3164 1765 3232 δὴ
1800 3162 1896 3231 τὴν

329 3259 417 3312 διὰ
470 3262 677 3329 σπορᾶς
720 3259 978 3328 σύλληψιν
1017 3257 1111 3310 καὶ
1141 3257 1240 3326 τὴν
1269 3255 1357 3312 διὰ
1387 3255 1593 3322 φθορᾶς
1623 3252 1896 3320 γέννησιν,

331 3349 508 3420 ἇσπερ
547 3351 580 3419 ἡ
615 3349 776 3418 φύσις
829 3349 966 3419 μετά
1017 3347 1116 3418 τὴν
1166 3334 1476 3418 πᾰράεασιν
1529 3343 1896 3408 ἐπεσπάσατο,

331 3441 428 3510 τῆς
457 3440 610 3504 θείας
638 3440 988 3493 ἀποπεσοῦσα
1010 3442 1103 3493 καὶ.
1127 3439 1506 3508 πνευματικῆς
1557 3440 1636 3500 είς
1694 3435 1897 3503 πλῆθος

332 3523 631 3598 αὐξήσεως,
665 3523 784 3579 ἁλλ⁴
806 3527 867 3578 οὐ
897 3527 986 3579 τὸν
1037 3527 1193 3592 λόγον
1239 3525 1338 3594 τῆς
1387 3525 1608 3592 ,φύσεως
1664 3523 1782 3577 καθ’
1837 3524 1895 3577 δν

332 3614 447 3666 ἔστι
480 3633 538 3668 τε
571 3617 664 3668 καὶ
704 3616 947 3682 γίνεσθαι
980 3617 1223 3686 πέφυκεν
1259 3617 1374 3684 ἅμα
1403 3615 1482 3684 τῷ
1514 3612 1654 3668 εῖναι
1692 3617 1757 3669 ἐκ
1789 3615 1892 3687 ψυ-

332 3706 432 3773 χῆς
457 3707 678 3776 λογικῆς
705 3707 1040 3777 ὑφισταμένη
1071 3707 1164 3760 καὶ
1193 3705 1463 3776 σώματοςι

1999 3180 2108 3236 que
2143 3173 2416 3228 naturam,
2460 3165 2820 3232 simulatque
2846 3181 2968 3219 esse
2991 3165 3216 3234 incepit.
3262 3165 3567 3220 secundum
3645 3234 3650 3238 _

1998 3255 2408 3326 generationem
2469 3253 2776 3309 subsistere
2823 3256 3067 3324 perfecte
3119 3255 3413 3310 habentem
3469 3270 3568 3324 per

1999 3346 2352 3415 semetipsum
2397 3333 2834 3400 conﬁrmavit‘ct
2875 3347 3054 3400 solum
3099 3355 3310 3400 naturae
3338 3347 3567 3400 innova-

2003 3439 2204 3492 tionem
2239 3435 2541 3500 inchoavit,
2571 3435 2984 3507 conceptionem
3023 3451 3119 3509 per
3159 3436 3449 3502 sationem,
3487 3437 3568 3493 in-

2001 3545 2164 3600 quam
2192 3571 2207 3593 ,
2267 3537 2434 3598 atque
2485 3531 2892 3598 generationem
2961 3547 3058 3600 per
3089 3533 3394 3594 interitum,
3433 3546 3569 3599 quas

2001 3632 2198 3676 natura
2239 3629 2364 3691 post
2391 3623 2886 3691 transgressionem
2912 3624 3016 3677 sibi
3048 3631 3416 3685 contraxerat,
3441 3637 3568 3676 cum

2002 3712 2071 3766 de
2103 3710 2291 3764 divino
2320 3709 2660 3776 etspirituali
2693 3711 2748 3763 in
2785 3711 3196 3766 multitudinem
3224 3712 3569 3764 incremento

333 3795 550 3864 delapsa
581 3803 747 3858 esset,
767 3795 863 3849 sed
925 3811 1036 3850 non
1075 3802 1284 3850 naturae
1343 3795 1633 3860 rationem,
1663 3801 1964 3855 secundum
2005 3815 2166 3871 quam
2198 3808 2252 3854 et
2289 3808 2374 3856 est
2405 3807 2462 3854 et
2502 3798 2620 3854 ﬁeri
2653 3808 2854 3870 potest,
2891 3802 3058 3882 simul
3087 3818 3213 3857 eum
3247 3800 3571 3857 exsistentia

331 3902 395 3942 ex
431 3885 680 3939 rationali
711 3885 891 3938 anima
918 3893 1084 3954 atque
1112 3900 1342 3954 corpore
1377 3885 1734 3955 suscepisset.

332 4064 470 4133 Ῑιερὶ
509 4063 614 4118 τοῦ
661 4063 786 4130 πῶς
825 4064 1171 4134 καινοτομία
1209 4065 1434 4134 γίνεται
1474 4064 1596 4120 τῶν
1626 4085 1900 4122 καινοτο-

401 4155 712 4225 μουμένων
774 4155 1132 4226 πραγμάτων
1204 4159 1517 4224 μενόντων
1594 4159 1900 4225 ἀτρέπτων

400 4251 550 4302 arati:
583 4245 699 4314 τὴν
725 4248 936 4316 φύσιν.

2005 4069 2270 4136 Quomodo
2301 4071 2570 4123 innovatio
2598 4069 2698 4138 ﬁat
2746 4071 2870 4123 dum
2913 4086 2996 4123 res
3032 4071 3347 4126 innovandw
3399 4072 3568 4142 firma:

2371 4173 2566 4214 natura
2590 4177 2652 4216 ac
2681 4161 2892 4216 stabiles
2918 4171 3189 4215 maneant.

402 4364 557 4416 Πᾶσα
593 4361 700 4434 γὰρ
750 4360 982 4415 καθόλου
1043 4363 1208 4432 φάναι
1253 4365 1572 4433 καινοτομία
1626 4367 1754 4437 περὶ
1806 4367 1896 4418 τόν

2068 4359 2258 4416 Omnis
2285 4362 2510 4425 etenim,
2532 4369 2594 4416 ut
2617 4361 2870 4418 universe
2897 4362 3096 4424 dicam,
3126 4363 3402 4418 innovatio
3423 4364 3569 4420 circa

333 4453 530 4523 τρόπον
561 4452 658 4505 τοῦ
712 4453 1206 4522 καινοτομουμένου
1255 4456 1580 4524 πράγματος
1637 4458 1898 4524 πέφυκεν,

334 4544 446 4596 ἀλλ’
471 4544 532 4596 οὐ
568 4542 694 4612 περὶ
720 4542 808 4596 τὸν
845 4541 1002 4610 λόγον
1035 4542 1135 4611 τῆς
1175 4542 1391 4611 φύσεως
1423 4543 1690 4612 γίνεσθαι,
1713 4545 1902 4615 διόπερ

333 4637 360 4688 ό
397 4635 492 4703 μὲν
520 4634 675 4699 λόγος
703 4631 1189 4702 καιωτομούμενος
1221 4633 1434 4704 φθείρει
1468 4633 1566 4704 τὴν
1586 4635 1768 4704 φύσιν.
1802 4636 1902 4688 οὐκ

332 4726 558 4795 ἔχουσαν
587 4725 682 4777 τὸν
720 4723 846 4777 καθ’
883 4725 942 4777 ὃν
970 4725 1086 4776 ἐστι
1113 4723 1272 4790 λόγον
1307 4725 1762 4796 ἀρᾳδιούργητον,
1791 4729 1820 4781 ό
1845 4727 1902 4780 δέ

333 4820 530 4886 τρόπος
581 4815 1072 4884 καινοτομούμεγος
1115 4816 1526 4884 φυλαττομένου
1563 4818 1766 4888 δηλαδὴ
1803 4817 1901 4872 τοῦ

337 4906 476 4959 κατά
506 4904 666 4974 φύσιν
694 4905 854 4973 λόγου
885 4905 1160 4974 θαύματος
1189 4907 1520 4961 ἐνδείκνυται
1547 4909 1799 4979 δύναμιν,
1827 4909 1902 4974 ὡς

335 4992 434 5062 τὴν
485 4993 648 5062 φύσιν
702 4994 1104 5066 ἐνεργουμένην
1137 5013 1199 5048 τε
1245 4998 1342 5049 καὶ
1370 4996 1702 5068 ἐνεργοῦσαν
1763 5001 1904 5070 ὑπὲρ

336 5083 426 5136 τὸν
459 5084 658 5152 ἐαυτῆς
691 5085 1015 5146 ἀποδεικνὺς
1068 5083 1312 5154 δηλονότι
1361 5086 1582 5156 θεσμόν.
1635 5091 1808 5158 Λόγος
1847 5091 1903 5144 δέ

338 5173 550 5242 φύσεως
578 5174 926 5244 ἀνθρωπίνης
949 5175 1068 5226 ἐστὶ
1095 5175 1156 5228 τὸ
1183 5175 1362 5246 ψυχὴν
1397 5179 1490 5232 καὶ
1531 5179 1690 5248 σῶμα
1715 5183 1810 5235 καὶ
1839 5183 1904 5235 ἐκ

335 5265 514 5336 ψυχῆς
540 5267 765 5336 λογικῆς
797 5261 940 5318 εἶναι
987 5264 1084 5335 τὴν
1127 5267 1291 5334 φύσιν
1324 5269 1420 5321 καὶ
1451 5269 1723 5339 σώματος,
1775 5271 1902 5342 τρό-

338 5373 439 5419 πος
483 5357 598 5426 δὲὴ
636 5359 692 5408 ἐν
735 5355 814 5424 τῷ
861 5358 1103 5426 ἐνεργεῖν
1152 5357 1246 5410 καὶ
1273 5359 1612 5428 ἐνεργεῖσθαι
1659 5362 1904 5428 φυσικῶς

337 5445 489 5510 τάξις
527 5447 694 5507 ἐστὶν,
743 5445 1083 5516 ἀμειϐομένη
1125 5463 1185 5499 τε
1225 5449 1484 5514 πολλάκις
1530 5452 1624 5504 καὶ
1657 5453 1904 5507 ἀλλοιου-

341 5539 496 5608 μένη,
513 5539 612 5608 τὴν
641 5538 696 5591 δέ
723 5538 886 5606 φύσιν
915 5539 1082 5607 ἑαυτῇ
1104 5539 1382 5603 παντελῶς
1395 5539 1455 5606 ο,ύ
1480 5543 1901 5613 συναμείϐουσα.

409 5703 434 5731 ¹¹
466 5695 634 5748 litati.
674 5709 779 5752 XV,
821 5694 912 5748 ‘39..

2002 4453 2223 4507 modum
2244 4453 2325 4508 rei
2355 4453 2698 4517 innovandaa,
2718 4469 2828 4507 non
2863 4454 3013 4508 circa
3043 4455 3311 4509 rationem
3337 4463 3567 4519 naturae,

2001 4542 2116 4598 ﬁeri
2153 4549 2466 4612 comparata
2499 4550 2602 4606 est,
2655 4542 2785 4612 quia
2836 4541 2977 4596 ratio
3004 4541 3262 4596 innovata
3317 4551 3570 4597 naturam

2001 4633 2170 4698 laedit,
2201 4648 2325 4702 quae
2357 4647 2478 4687 eam
2511 4631 2813 4688 secundum
2849 4647 3012 4702 quam
3043 4632 3260 4686 exsistit
3300 4632 3568 4686 rationem

2001 4738 2111 4776 non
2129 4729 2309 4776 teneat
2325 4721 2722 4783 intemeratae],
2742 4720 2940 4775 modus
2952 4736 3081 4775 vero
3099 4719 3468 4784 innovandos,
3487 4721 3564 4775 ita

2000 4814 2259 4870 nimirum
2285 4821 2346 4869 ut
2371 4815 2636 4870 naturalis
2655 4813 2794 4868 ratio
2815 4821 3084 4876 servetur,
3114 4813 3368 4868 miraculi
3385 4821 3572 4868 osten-

2000 4907 2082 4962 dit
2127 4906 2408 4967 virtutem,
2465 4918 2590 4958 cum
2640 4911 2892 4958 naturam
2948 4917 3142 4972 nempe
3195 4911 3253 4958 et
3293 4887 3468 4957 actam
3513 4909 3572 4956 et

2001 5006 2249 5070 agentem
2275 4997 2418 5050 ultra
2439 5011 2593 5050 suam
2639 4996 2812 5064 ipsius
2839 4995 3012 5064 legem
3045 5011 3111 5049 ac
3147 5011 3395 5050 normam
3435 5011 3569 5065 pro—

2002 5095 2236 5144 moveat.
2267 5087 2428 5141 Ratio
2449 5095 2633 5140 autem
2676 5085 2930 5140 humanae
2959 5093 3170 5140 naturae
3201 5091 3287 5140 est
3331 5085 3569 5140 animam

2000 5189 2271 5251 etcorpus
2293 5188 2349 5234 et
2377 5193 2444 5234 ex
2476 5178 2660 5232 anima
2689 5177 2942 5232 rationali
2967 5187 3024 5232 et
3050 5193 3284 5248 corpore
3311 5183 3567 5232 naturam

2001 5289 2142 5337 csse,
2163 5280 2354 5327 contra
2372 5271 2568 5325 modus
2581 5280 2666 5326 est
2687 5270 2825 5325 ordo
2842 5285 2954 5338 quo
2967 5269 3145 5340 agitur
3164 5269 3490 5324 naturaliter
3511 5276 3566 5322 et

2002 5361 2134 5430 agit,
2154 5361 2247 5432 qui
2276 5377 2652 5430 saepenumero
2671 5361 2906 5416 vertitur
2925 5368 2982 5414 et
3006 5361 3348 5423 immolatur,
3364 5357 3460 5413 sed
3482 5371 3571 5412 na-

2003 5465 2180 5508 turam
2199 5469 2305 5508 una
2325 5469 2450 5507 cum
2475 5453 2770 5522 semetipso
2793 5452 3137 5506 omninonon
3154 5459 3350 5504 mutat.
3371 5450 3568 5515 Quem-

2003 5541 2294 5598 admodum
2333 5541 2498 5596 etiam
2549 5541 2602 5594 in
2644 5553 2968 5608 quacunque
3011 5555 3069 5592 re
3107 5538 3210 5590 alia
3249 5533 3363 5590 lteri
3407 5533 3568 5592 solet.
