4038 6146
300 234 436 308 13εεῦ

1534 235 1640 293 AM
1648 235 1991 295 BIGUORU
2003 237 2060 294 Μ
2101 235 2350 294 LIBER.

3420 233 3556 304 1346

294 351 713 422 ἐκαινοτόμησε,
756 347 1057 422 προσλήψει
1105 345 1308 418 σαρκὸς
1351 327 1652 415 διᾶιμέσης
1695 346 1861 417 ψυχῆς

1978 359 2085 414 per
2111 345 2280 416 quod,
2340 342 2703 398 novissimum
2755 357 2947 397 revera
2995 341 3318 414 mysterium
3355 357 3552 398 suum.

293 447 510 517 νοερᾶς,
549 445 806 516 ἀρῤήτως
838 441 1064 509 κυηθεὶς
1097 437 1226 492 ἄνευ
1257 438 1488 508 σπορᾶς,
1529 433 1624 488 καὶ
1677 452 1874 508 γεννη-

1973 450 2088 504 quo
2121 449 2342 490 carnem
2391 441 2624 504 promer
2664 448 2768 487 nos
2811 434 3094 504 ingressus
3122 441 3228 496 est,
3259 433 3408 487 circa
3435 450 3559 487 mu-

295 537 405 599 θεὶς
439 535 655 606 άληθῶς
681 535 810 588 ἄνευ
851 533 1056 602 φθορᾶς
1099 528 1386 600 ἄνθρωπος
1427 526 1656 590 τέλειος,
1694 526 1861 598 ψυχὴι

1974 525 2110 580 dum
2163 525 2479 596 perﬁciens,
2544 533 2600 579 at
2641 539 2754 579 non
2789 524 2938 579 circa
2971 524 3266 587 rationem,
3300 534 3555 578 naturam

291 627 487 698 νοερὰν
533 627 670 697 μετὰ
713 624 967 692 σώματος
997 621 1056 684 ἐξ
1077 619 1249 688 αὐτῆς
1288 619 1387 689 τῆς
1425 615 1709 688 ἀφράστου
1742 616 1871 670 συλ-

295 717 507 788 λήψεως
545 717 816 788 ἐσχηκώς.

297 817 598 878 conceptus
627 847 644 873 ,

1974 615 2284 681 innovavit,
2331 631 2498 670 carne
2527 630 2628 684 per
2661 615 2902 669 mediam
2944 614 3182 668 animam
3213 615 3558 670 intellectuaa

1971 706 2078 761 lem
2104 715 2403 776 assumpta,
2434 705 2702 762 ineﬂ‘abili
2735 705 2972 774 quodam
3005 705 3168 760 modo
3191 705 3312 759 sine
3345 705 3556 760 satione

725 815 782 861 ct
834 812 1128 876 generatus
1189 816 1322 856 vere
1375 801 1497 856 sine
1579 799 1936 870 corruptione
2003 799 2171 854 homo
2232 798 2547 869 perfectus,
2603 798 2844 852 animam
2925 797 3354 853 intellectualem
3427 812 3552 854 cum

291 913 662 969 corpore_ex
715 899 832 968 ipsa
896 911 1058 966 quam
1107 894 1456 964 interpretari
1504 909 1615 949 non
1657 894 1805 962 capit
1846 892 2205 962 conceptione
2227 901 2438 946 nactus.

297 1165 419 1217 Ὅτι
447 1161 616 1218 πᾶσα
643 1165 830 1232 φύσις
860 1163 939 1229 τῷ
967 1165 1166 1230 ama.)
1199 1165 1361 1235 λόγῳ
1387 1164 1716 1230 διαπαντὸς
1745 1164 1861 1235 ἔχει

1971 1163 2122 1230 Quod
2165 1167 2333 1221 omnis
2373 1173 2569 1220 natura
2611 1165 2832 1236 propria
2871 1180 3077 1235 semper
3114 1164 3320 1218 ratione
3361 1163 3552 1217 habeat

929 1255 996 1310 τὸ
1026 1256 1223 1322 τέλος.

360 1368 516 1420 Πᾶσα
549 1366 680 1436 γὰρ,
713 1365 1021 1430 καθολικῶς
1055 1368 1251 1432 εἰπεῖν,
1283 1367 1464 1435 φύσις,
1496 1369 1658 1437 νοητή
1689 1383 1748 1420 τε
1774 1367 1868 1420 καὶ

287 1458 542 1528 αἰσθητή,
568 1459 736 1530 ήγουν
765 1459 914 1528 ἁπλῆ
947 1461 1042 1513 καὶ
1071 1459 1346 1524 σύνθετος,
1391 1460 1518 1514 καθ’
1549 1461 1865 1529 οίονδήποτε

286 1550 490 1619 τρόπον
518 1553 583 1602 ὲκ
619 1550 818 1619 μέρους
857 1549 954 1618 τὴν
997 1550 1136 1620 πρὸς
1159 1551 1220 1603 τὸ
1253 1547 1394 1603 εἶναι
1441 1551 1542 1620 τῆς
1595 1549 1866 1618 γενέσεως

289 1641 486 1710 ἀρχὴν,
515 1640 770 1728 οὐδέποτε
801 1640 1040 1710 δέχεται,
1067 1639 1190 1693 οὔτε
1227 1640 1333 1710 μὴν
1371 1639 1430 1705 ἐξ
1456 1640 1715 1710 ἡμισείας
1751 1639 1868 1709 μοί-

293 1747 392 1802 ρας
441 1731 772 1798 ὑφίστασθαι
821 1730 1068 1783 δύναται.
1140 1729 1280 1783 Ἀλλ’
1343 1733 1392 1782 εί
1451 1731 1549 1800 μὲν
1609 1729 1866 1792 σύνθετος

291 1821 454 1889 φύσις
477 1823 648 1886 ἐστὶν,
681 1821 777 1891 ὅλη
804 1819 988 1874 τελεία
1019 1821 1246 1884 τελείοις
1274 1824 1390 1882 τοῖς
1435 1821 1665 1884 οἰκείοις,
1706 1821 1868 1892 μέρε-

291 1929 376 1966 σιν
409 1912 623 1984 ἁθρόως
653 1911 1068 1980 συνυφίσταται,
1107 1913 1180 1983 μὴ
1203 1913 1402 1984 ἔχουσα
1437 1913 1573 1984 πρὸς
1603 1912 1800 1982 ἑαυτὴν
1830 1911 1863 1982 ἦ

291 2003 431 2074 πρὸς
489 2003 696 2072 ἄλληλα
743 2003 852 2057 τῶν
890 2004 950 2068 ἐξ
987 1997 1062 2059 ὧν
1109 2005 1226 2057 ἐστι
1270 2003 1454 2076 μερῶν
1503 2003 1601 2074 τὴν
1649 2003 1866 2058 οίανοῦν

290 2095 434 2148 κατὰ
465 2095 556 2147 τὸν
573 2094 764 2166 χρόνον
791 2095 1094 2149 διάστασιν.
1128 2095 1192 2148 Εἰ
1237 2095 1293 2148 δὲ
1319 2095 1465 2166 άπλῆ
1506 2093 1669 2162 φύσις
1693 2095 1862 2159 ἐστὶν,

289 2187 460 2258 ἦγουν
506 2187 696 2258 νοητὴ,
747 2187 1013 2251 ὡσαύτως
1066 2187 1184 2258 ἅμα
1242 2190 1354 2250 τοῖς
1401 2186 1600 2256 ἑαυτῆς
1649 2187 1870 2258 ἀπαρα-

289 2277 528 2340 λείπτως
565 2279 747 2348 λόγοις
775 2279 956 2334 τελεία
997 2279 1226 2343 τελείοις
1269 2279 1482 2349 ἀθρόως
1537 2279 1865 2349 συνυφίστα-

293 2367 420 2421 σθαι
477 2367 716 2437 πέφυκε,
768 2368 966 2438 χρόνου
1005 2366 1150 2430 τινὺς
1180 2366 1242 2419 τὸ
1270 2365 1490 2419 σύνολον
1536 2366 1706 2437 αὐτὴν
1751 2364 1862 2418 τῶν

289 2456 508 2510 οἰκείων
529 2457 724 2526 λόγων,
755 2457 1006 2526 οὐδαμῶς
1048 2455 1440 2528 διακρίνοντος.
1496 2453 1633 2509 Οὔτε
1663 2453 1774 2524 γὰρ
1797 2448 1866 2524 ἦν

289 2563 425 2602 ποτε
459 2547 701 2601 καθόλου·
733 2565 818 2610 τις
856 2547 1020 2615 φύσις
1061 2549 1120 2600 ὲν
1171 2549 1285 2610 τοῖς
1317 2546 1491 2610 οὖσιν,
1533 2545 1658 2600 οὔτε
1696 2546 1864 2612 ἐστιν,

288 2639 416 2695 οὔτε
445 2639 599 2694 ἔσται
645 2639 790 2694 κατὰ
831 2623 936 2692 τὸν
962 2639 1161 2709 ἑαυτῆς
1195 2637 1354 2706 λόγον
1377 2639 1706 2709 ,ὑπάρχουσα
1729 2638 1866 2707 ὅπερ

289 2731 387 2786 νῦν
415 2733 516 2785 οὐκ
549 2730 718 2796 ἐστιν,
747 2728 873 2784 οὔτε
903 2729 1008 2800 μὴν
1061 2729 1266 2800 (238
1296 2712 1505 2798 α’)·νῦν
1563 2731 1713 2781 ἐστιν
1742 2727 1776 2800 ἢ
1808 2729 1867 2792 ἐς

289 2823 518 2892 ὕστερον
559 2807 714 2875 ἔσται
756 2822 893 2890 ὅπερ
924 2821 1026 2874 οὐκ
1070 2816 1141 2891 ἦν
1191 2821 1478 2892 πρότερον,
1510 2812 1611 2872 Ὧν
1659 2819 1766 2891 γὰρ
1818 2821 1866 2873 oi

289 2914 438 2982 λόγοι
477 2913 626 2982 παρὰ
650 2913 730 2982 τῷ
760 2912 878 2982 Θεῷ
906 2913 1023 2982 ἅμα
1061 2911 1137 2981 τῷ
1172 2907 1312 2964 εἶναι
1344 2912 1407 2965 τὺ
1447 2911 1654 2964 τέλειον
1684 2911 1864 2982 ἔσχον,

289 3003 494 3058 τούτων
523 3005 556 3073 ή
583 3003 727 3057 κατὰ
749 3004 876 3066 τοὺς
904 3003 1141 3066 οἰκείους
1188 3002 1379 3070 λόγους
1419 3002 1725 3072 παραγωγὴ
1769 3001 1866 3054 καὶ

2665 1255 2849 1324 ﬁnem.

2037 1363 2433 1428 Omnisenim,
2464 1373 2522 1418 ut
2557 1365 2860 1435 generatim
2895 1365 3109 1434 loquar,
3144 1374 3360 1430 natura,
3389 1366 3554 1422 intel-

1965 1454 2198 1526 ligibilis
2240 1465 2297 1511 et
2341 1455 2653 1519 sensibilis,
2690 1454 2776 1508 vel
2829 1455 3065 1524 simplex
3107 1463 3164 1509 et
3216 1457 3548 1526 composita.

1969 1562 2304 1618 quocunque
2346 1547 2512 1600 modo
2550 1546 2606 1600 id
2645 1555 2752 1610 est,
2783 1561 2848 1600 ex
2889 1554 3044 1615 parte
3073 1560 3368 1614 nunquam
3408 1545 3555 1615 capit

1973 1639 2193 1694 initium
2226 1638 2601 1709 generationis
2633 1639 2689 1692 in
2719 1637 3132 1702 cxsistentiam,
3161 1653 3340 1707 neque
3369 1637 3554 1707 profe-

1970 1738 2061 1784 cto
2085 1746 2153 1784 ex
2177 1729 2404 1784 dimidia
2431 1739 2588 1800 parte
2619 1730 2926 1784 subsistere
2955 1738 3160 1799 potest.
3191 1729 3296 1784 Sed
3325 1729 3372 1784 si
3400 1746 3553 1786 com-

1966 1818 2144 1888 posita
2173 1829 2258 1872 est
2288 1826 2510 1880 natura,
2542 1825 2653 1870 tota
2684 1816 2934 1871 subsistit
2959 1817 3204 1886 perfecta
3232 1818 3395 1873 simul
3423 1835 3550 1875 cum

1965 1909 2226 1979 perfectis
2265 1909 2383 1964 suis
2423 1909 2598 1978 ipsius
2638 1907 2950 1978 particulis,
2984 1923 3089 1962 nec
3129 1909 3212 1962 sui
3255 1909 3422 1965 habet
3457 1920 3554 1965 aut

1967 2000 2368 2070 particularum
2427 2016 2494 2055 ex
2547 1999 2750 2068 quibus
2808 2007 3024 2072 constat
3074 2001 3222 2054 inter
3273 2017 3330 2056 se
3383 2002 3550 2056 ullam

1967 2093 2269 2146 secundum
2320 2100 2537 2162 tempus
2585 2092 2926 2146 distantiam.
2969 2091 3172 2147 Verum
3226 2093 3271 2148 si
3319 2093 3550 2164 simplex

1967 2193 2162 2237 natura
2201 2192 2307 2249 est,
2336 2184 2451 2238 sive
2495 2183 2879 2253 intelligibilis,
2911 2183 3028 2253 pari
3069 2184 3236 2238 modo
3275 2201 3382 2239 una
3423 2200 3549 2240 cum

1969 2275 2084 2328 suis
2116 2274 2277 2343 plene
2309 2272 2620 2330 rationibus
2659 2273 2922 2344 perfectis
2962 2275 3077 2344 ipsa
3116 2275 3360 2344 perfecta
3400 2291 3582 2336 sum-.

1967 2365 2157 2418 malim
2185 2364 2459 2429 subsistit,
2484 2373 2732 2435 tempore
2755 2381 2986 2435 prorsus
3007 2367 3160 2421 nullo
3190 2384 3220 2421 a
3244 2369 3359 2436 suis
3385 2370 3552 2424 ratio-

1967 2455 2134 2510 nibus
2161 2463 2440 2526 utcunque
2466 2465 2744 2526 separata.
2769 2457 2960 2527 Neque
2987 2458 3134 2512 enim
3160 2467 3279 2513 erat
3309 2475 3548 2530 unquam

1967 2547 2196 2602 omnino
2225 2548 2408 2617 aliqua
2442 2556 2642 2602 natura
2679 2549 2734 2602 in
2769 2549 2850 2605 eis
2881 2565 3004 2618 quae
3037 2550 3336 2616 exsistunt,
3369 2566 3550 2622 neque

1966 2646 2071 2705 est,
2095 2655 2274 2709 neque
2299 2640 2406 2693 erit
2429 2639 2735 2694 secundum
2765 2655 2919 2694 suam
2947 2640 3122 2710 ipsius
3146 2642 3414 2696 rationem
3441 2643 3550 2698 tale

1967 2728 2101 2798 quid
2141 2738 2362 2784 exstans
2398 2729 2545 2799 quod
2587 2746 2737 2786 nunc
2776 2745 2888 2785 non
2927 2740 3043 2795 est,
3075 2747 3256 2802 neque
3301 2733 3550 2802 profecto

1968 2831 2116 2870 nunc
2155 2827 2240 2871 est
2276 2827 2373 2873 aut
2411 2819 2466 2872 in
2510 2819 2698 2873 futuro
2737 2819 2844 2874 erit
2883 2821 3029 2890 quod
3067 2831 3229 2877 antea
3271 2839 3383 2878 non
3421 2824 3546 2879 fuit.

1967 2904 2212 2971 Quorum
2243 2908 2389 2961 enim
2418 2908 2661 2963 rationes
2685 2910 2830 2979 apud
2860 2911 3030 2965 Deum
3060 2913 3224 2966 simul
3253 2929 3376 2967 cum
3403 2915 3549 2970 exsi-

1967 2997 2167 3053 stentia
2199 2997 2594 3067 perfectionem
2623 2999 2974 3066 habuerunt,
3003 3002 3202 3056 horum
3239 3005 3545 3060 secundum

287 3094 544 3156 οὐσίωσις
573 3093 898 3163 προσθήκης
929 3092 1111 3162 πάσης
1143 3091 1238 3144 καὶ
1269 3091 1562 3160 ἐλλείψεως
1607 3093 1706 3162 τῆς
1729 3091 1861 3162 πρὸς

1967 3105 2096 3145 suas
2124 3090 2366 3144 rationes
2391 3091 2682 3160 productio
2713 3101 2877 3161 atque
2902 3093 2954 3146 in
2982 3094 3278 3148 essentiam
3310 3095 3546 3164 prolatio

287 3185 350 3238 τὸ
383 3181 522 3238 εἶναι
553 3184 692 3255 ὅπερ
718 3183 848 3237 ὄντα
881 3183 1143 3255 τυγχάνει
1187 3183 1470 3248 παντελῶς
1501 3187 1648 3237 ἐστιν
1679 3183 1867 3238 ἀνεπί-

286 3275 514 3340 δεκτος.,
558 3275 698 3329 Ἀλλ’
753 3277 944 3348 ἀρκεῖν
1001 3271 1156 3346 οἶμαι
1207 3276 1349 3330 κατὰ
1409 3275 1508 3346 τὴν
1546 3277 1638 3329 τοῦ
1700 3276 1860 3344 λόγου

288 3365 635 3438 παρέκϐασιν
670 3367 764 3420 καὶ
796 3367 932 3437 πρὸς
961 3365 1189 3429 τούτους
1218 3365 1286 3420 τὰ
1311 3365 1406 3420 νῦν
1434 3365 1690 3438 ρηθέντα,
1724 3367 1860 3436 πρὸς

287 3457 350 3512 τὸ
377 3459 452 3529 μὴ
482 3457 895 3529 παρασύρεσθαι
927 3457 1126 3530 ῥᾳδίως
1151 3459 1231 3520 είς
1261 3457 1495 3521 ἀτόπους
1516 3457 1674 3522 δόξας
1709 3458 1860 3527 παρά

286 3549 398 3603 τῶν
440 3549 625 3603 πίστιν
664 3549 1008 3618 ποιουμένων
1049 3549 1150 3618 τὴν
1191 3549 1248 3602 ὲν
1273 3551 1394 3606 ταῖς
1436 3548 1727 3618 κομψείαις
1753 3548 1861 3602 τῶν

284 3640 460 3712 λόγων
488 3643 742 3712 τεχνικὴν
774 3641 1130 3712 πιθανότητα.

281 3947 386 4002 Διὰ
412 3948 470 4001 τί
492 3945 741 4017 συνῆψε
767 3945 842 4016 τῇ
874 3947 1175 4018 σαρκώσει
1198 3950 1312 4018 τήν
1341 3951 1412 4004 ἐκ
1434 3953 1857 4023 βαπτίσματος

667 4037 960 4108 γέννησιν
1009 4036 1058 4092 dx
1081 4037 1469 4106 διδάσκαλος.

351 4149 497 4220 Πρὸς
523 4149 579 4204 τί
620 4150 677 4204 δὲ
721 4151 933 4220 βλέπων
967 4152 1061 4206 καὶ
1084 4152 1227 4216 τίνος
1258 4154 1444 4208 ἕνεκεν
1486 4159 1549 4227 τῇ
1585 4157 1859 4230 σαρκώσει

282 4242 490 4312 συνῆψε
555 4243 666 4314 ,τὴν
689 4244 754 4296 ὲκ
785 4243 1156 4313 βαπτίσματος
1195 4245 1450 4316 γέννησιν
1481 4249 1510 4300 ὁ
1533 4247 1854 4313 διδάσκαλος

1972 3180 2329 3235 additamenti
2357 3181 2538 3236 omnis
2563 3190 2620 3236 et
2642 3181 2894 3238 defectus
2921 3183 2988 3238 ad
3015 3184 3392 3239 exsistentiam
3420 3199 3542 3240 eam

1970 3286 2132 3340 quam
2181 3270 2379 3324 sortita
2425 3278 2554 3325 sunt
2595 3281 2846 3342 expertes
2891 3281 2949 3328 et
2993 3289 3107 3328 non
3155 3289 3402 3344 capaces.
3435 3276 3544 3332 Sed

1965 3361 2103 3416 satis
2148 3377 2269 3416 esse
2315 3361 2514 3431 opinor
2556 3376 2680 3430 quae
2728 3377 2878 3416 nunc
2921 3363 3222 3417 secundum
3273 3365 3544 3422 sermonis

1961 3451 2358 3521 digressionem
2407 3451 2572 3505 etiam
2627 3451 2920 3506 adversum
2970 3453 3072 3508 llos
3116 3454 3423 3524 disputavi,
3467 3471 3542 3511 ne

1958 3544 2120 3598 facile
2157 3543 2213 3597 in
2245 3542 2514 3610 absurdus
2547 3541 2836 3611 opiniones
2870 3543 3331 3600 abstraherentur
3359 3547 3429 3601 ab
3457 3547 3542 3603 eis

1958 3633 2053 3704 qui
2095 3632 2451 3687 artificiosam
2487 3631 2938 3702 probabilitatem
2973 3633 3028 3686 in
3065 3649 3384 3690 sermonum
3421 3637 3539 3693 ele-

1957 3725 2160 3796 gantiis
2183 3739 2287 3796 pro
2318 3723 2424 3778 fide
2450 3723 2658 3778 habent
2683 3731 2850 3793 atque
2881 3725 3292 3780 commendant.

1959 3952 2140 4020 Quare
2178 3953 2427 4024 magister
2463 3969 2580 4006 cum
2616 3951 2984 4004 incarnatione
3017 3951 3350 4020 conjunmerit
3381 3966 3542 4021 gene-

2377 4043 2635 4096 rationem
2661 4058 2754 4112 per
2781 4041 3120 4112 baptismum.

2028 4158 2150 4226 Quo
2185 4166 2442 4227 respectu
2478 4167 2534 4211 et
2565 4171 2674 4226 qua
2707 4170 2872 4210 causa
2905 4155 3163 4226 magister
3193 4169 3321 4212 cum
3358 4157 3539 4213 incan-

1960 4252 2185 4306 natione
2225 4249 2574 4321 conjunxerit
2609 4249 3024 4319 generationem
3063 4265 3162 4319 per
3201 4249 3536 4319 baptismum

281 4335 478 4403 (τοῦτο
525 4334 636 4406 γὰρ
675 4335 756 4398 είς
789 4335 890 4406 τὴν
927 4335 1176 4402 ἐξέτασιν
1225 4337 1307 4392 ἐτι
1353 4337 1449 4391 τοῦ
1492 4341 1854 4411 προκειμένου

1964 4341 2088 4409 (hoc
2115 4342 2265 4396 enim
2297 4348 2467 4395 restat
2489 4339 2670 4394 adhuc
2692 4338 3052 4408 quaarendum
3082 4339 3138 4393 in
3163 4339 3268 4396 hac
3291 4341 3538 4410 disputa-

278 4425 522 4479 λείπεται
565 4425 776 4496 λόγου),
829 4427 1112 4498 συντόμως
1175 4428 1260 4494 ὡς,
1296 4428 1500 4499 ἔμαθον
1557 4430 1668 4504 ἐρῶ
1714 4431 1854 4486 κατά

276 4515 530 4588 δύναμιν.
587 4517 758 4570 Φασὶν
800 4519 850 4570 oi
903 4518 972 4571 τὰ
1013 4518 1132 4572 θεῖα
1167 4519 1443 4588 μυστικῶς
1501 4521 1856 4590 περιέποντες

277 4607 454 4674 λόγια,
483 4609 577 4662 καὶ
611 4609 722 4671 τοῖς
749 4605 1125 4678 ὑψηλοτέροις,
1162 4607 1239 4672 ὡς
1283 4608 1452 4673 εἰκὸς,
1480 4609 1622 4661 αὐτὰ
1651 4609 1854 4680 σεμνύ-

277 4715 462 4760 νοντες
511 4696 854 4770 θεωρήμασι,
899 4699 1024 4751 κατ’
1071 4699 1255 4752 εἰκόνα
1322 4698 1459 4752 Θεοῦ
1515 4699 1636 4752 κατ’
1682 4701 1856 4770 ἀρχὰς

277 4789 612 4860 γεγενῆσθαι
652 4789 746 4842 τὸν
783 4789 1093 4861 ἄνθρωπον.
1127 4789 1226 4846 ἐπὶ
1269 4789 1348 4859 τῷ
1399 4789 1619 4854 πάντως
1662 4806 1859 4863 γεννη-

277 4883 440 4953 θῆναι
464 4881 606 4936 ma
631 4881 954 4953 προαίρεσιν
980 4881 1276 4952 πνεύματι,
1310 4881 1405 4936 καὶ
1441 4882 1768 4953 προσλαόεῖν
1794 4883 1857 4936 τὸ

277 4971 402 5026 καθ’
429 4973 692 5043 ὁμοίωσιν
719 4972 808 5027 διὰ
844 4973 944 5043 τῆς
985 4974 1273 5044 τηρήσεως
1301 4973 1397 5044 τῆς
1454 4973 1605 5036 θείας
1633 4973 1856 5046 ἐντολῆς

274 5063 425 5135 αὐτῷ
451 5063 902 5134 προσγενόμενον,
940 5059 1076 5136 ἵνα
1100 5065 1129 5117 ό
1144 5063 1306 5128 αὐτὸς
1324 5063 1611 5136 ἄνθρωπος
1627 5063 1855 5134 πλάσμα

277 5154 378 5225 μὲν
407 5153 502 5206 τοῦ
529 5151 664 5206 Θεοῦ
689 5154 832 5206 κατὰ
861 5152 1045 5223 φύσιν,
1077 5151 1206 5218 Υίδς
1227 5151 1284 5207 δὲ
1311 5152 1448 5208 Θεοῦ
1481 5153 1577 5208 καὶ
1595 5154 1729 5216 Θεὸς
1765 5153 1856 5209 διὰ

274 5247 598 5316 Πνεύματος
645 5244 784 5300 κατὰ
829 5245 1014 5317 χάριν.
1048 5247 1122 5300 Οὐ
1151 5247 1261 5318 γὰρ
1301 5243 1370 5320 ἦν
1415 5247 1642 5303 δυνατὸν
1679 5248 1854 5314 ἄλλως

276 5333 408 5388 Υίδν
425 5334 813 5404 ἀποδειχθῆναι
836 5333 976 5388 Θεοῦ
999 5335 1097 5389 καὶ
1118 5335 1252 5390 Θεδν
1274 5335 1416 5390 κατὰ
1431 5337 1530 5408 τὴν
1553 5338 1618 5392 ὲκ
1632 5339 1855 5410 χάριτος

274 5426 474 5480 θέωσιν
511 5426 603 5479 τὸν
625 5425 920 5496 γενόμενον
944 5425 1254 5496 ἄνθρωπον,
1307 5427 1384 5500 μὴ
1414 5429 1684 5502 πρότερον
1711 5429 1853 5484 κατὰ

275 5517 602 5590 προαίρεσιν
623 5517 957 5587 γεννηθέντα
987 5517 1067 5589 τῷ
1083 5519 1383 5592 Πνεύματι,
1401 5520 1490 5575 διὰ
1511 5521 1607 5593 τήν
1625 5523 1853 5577 ἐνοῦσαν

275 5607 430 5680 αὺτῷ
461 5607 710 5678 φυσικῶς
739 5607 1100 5682 αὐτοκίνητον
1144 5611 1242 5666 καὶ
1273 5610 1570 5669 ἀδέσποτον
1599 5613 1847 5686 δύναμιν.

1957 4431 2164 4503 tione),
2193 4431 2248 4485 id
2279 4431 2528 4486 breviter
2550 4437 2610 4486 ut
2637 4429 2806 4485 didici
2837 4446 2938 4500 pro
2963 4431 3177 4486 viribus
3204 4431 3344 4486 meis
3373 4447 3538 4501 expo-

1955 4539 2104 4578 nam.
2129 4523 2235 4590 Qui
2266 4523 2452 4578 divina
2483 4522 2711 4594 mystice
2739 4529 2979 4576 tractant
3003 4521 3247 4585 oracula,
3276 4535 3340 4576 ac
3367 4521 3539 4576 subli-

1955 4617 2250 4678 mioribus,
2284 4625 2346 4670 ut
2374 4632 2474 4686 par
2504 4623 2610 4680 est,
2641 4614 3203 4684 contemplationibus
3236 4613 3534 4679 honorant,

1955 4704 2238 4762 hominem
2267 4707 2334 4762 ad
2363 4707 2457 4762 Dei
2485 4707 2778 4778 imaginem
2805 4707 2862 4760 in
2890 4706 3164 4776 principio
3187 4705 3390 4760 factum
3415 4721 3536 4761 esse

1956 4798 2215 4863 tradunt,
2238 4813 2364 4852 cum
2399 4799 2563 4868 plane
2597 4797 2902 4853 secundum
2937 4798 3273 4853 voluntatem
3306 4813 3538 4867 genera-

1957 4897 2046 4943 tus
2083 4898 2230 4944 esset
2271 4887 2514 4958 Spiritu,
2545 4896 2603 4944 et
2633 4889 3051 4960 similitudinem
3086 4889 3229 4943 hanc
3259 4889 3534 4958 accepisse

1957 4980 2278 5034 attributam
2329 4987 2561 5059 prapter
2607 4989 2886 5059 servatum
2932 4979 3030 5034 Dei
3075 4980 3427 5044 mandatum,
3473 4987 3536 5034 ut

1956 5069 2102 5126 idem
2145 5072 2314 5126 homo
2353 5057 2674 5142 figmentum
2712 5057 2938 5143 quidem
2979 5073 3054 5129 sit
3088 5073 3188 5128 Dei
3229 5073 3532 5128 secundum

1955 5172 2240 5228 naturam,
2288 5163 2385 5218 sed
2437 5163 2613 5220 Filius
2665 5165 2765 5219 Dei
2819 5175 2877 5220 et
2925 5164 3069 5220 Deus
3115 5180 3218 5234 per
3267 5164 3533 5234 Spiritum

1955 5254 2262 5311 secundum
2297 5255 2548 5325 gratiam.
2583 5256 2704 5311 Non
2743 5257 2891 5311 enim
2935 5257 3098 5311 aliter
3129 5256 3225 5311 Dei
3264 5255 3438 5310 Filius
3471 5271 3537 5311 ac

1953 5346 2100 5402 Deus
2144 5347 2451 5404 secundum
2495 5350 2682 5420 gratia
2723 5351 3130 5408 deificationem
3174 5350 3356 5422 potuit
3391 5349 3537 5406 desi-

1953 5435 2107 5508 gnari
2131 5437 2299 5492 homo
2323 5437 2521 5504 factus,
2543 5441 2650 5506 nisi
2680 5451 2842 5497 antea
2866 5441 3168 5498 secundum
3193 5441 3533 5497 voluntatem

1949 5537 2101 5584 esset
2139 5527 2346 5599 Spiritu
2386 5541 2702 5600 generatus,
2733 5533 2806 5589 ob
2842 5549 2963 5589 eam
3004 5548 3171 5603 quam
3207 5531 3537 5588 naturaliter

1954 5617 2010 5674 in
2045 5635 2104 5676 se
2136 5619 2305 5677 habet
2334 5629 2661 5692 potestatem
2695 5623 2858 5680 liberi
2889 5624 3134 5680 arbitrii.
3166 5624 3320 5680 Hanc
3363 5622 3535 5694 igitur
