4038 6146
481 168 614 232 ῙΒΠ

1649 160 1715 217 S.
1758 157 2040 216 ΜΑΧΙΜΙ
2083 157 2595 216 CONFESSOlllS

3659 157 3788 221 1343

475 279 731 333 deiﬁcam
773 287 938 345 atque
985 273 1227 327 divinam
1270 281 1326 325 et
1365 271 1783 324 innnaterialem
1822 285 2053 338 genera-

2173 269 2390 320 Ἠντινα
2423 268 2670 319 θεοποιδν
2703 271 2792 320 καὶ
2819 269 2966 322 θείαν
3007 275 3098 323 καί
3142 274 3315 326 ᾰῦλον
3363 273 3674 342 γέννησιν,
3704 276 3789 325 δή

479 371 685 424 tionem
716 385 840 422 eum
873 367 1082 434 primus
1105 365 1269 418 homo
1295 363 1647 442 deseruisse},
1669 361 1798 430 quia
1827 361 1908 415 eis
1936 376 2057 428 quae

469 461 795 516 intellectus
848 463 977 510 sunt
1023 463 1080 508 et
1131 455 1201 508 ob
1249 453 1539 508 oculorum
1595 452 1794 506 obtutu
1847 461 2055 504 remota

477 551 701 605 interim
751 548 910 604 bonis
959 546 1201 616 praetulit
1247 544 1563 599 sensibilem
1617 545 1954 612 voluptatem
2003 551 2058 594 et

473 641 850 701 manifestam,
888 637 1194 708 corporali,
1227 651 1350 705 quae
1387 651 1498 689 non
1535 635 1711 688 nostri
1743 648 1947 702 nempe
1986 633 2059 687 sit

475 734 727 796 arbitrii,
764 747 830 786 ac
871 729 1143 784 materiali
1186 736 1243 782 et
1279 729 1393 782 fato
1433 725 1788 782 concedenda
1825 742 2056 794 genera-

477 825 626 879 tione
650 823 964 884 damnatur,
983 821 1134 892 justo
1157 819 1252 874 Dei
1275 819 1508 889 judicio,
1532 817 1625 887 qui
1653 828 1847 886 sponte
1873 819 2058 886 pejora

475 914 787 986 praetulerit
831 913 1202 975 melioribus,~
1235 911 1288 965 id
1337 919 1422 964 est
1469 910 1877 981 generationem
1931 923 2058 976 pas-

481 1007 624 1062 sioni
652 1007 958 1075 subjectam
987 1012 1044 1058 et
1073 1003 1329 1058 servilem
1360 1011 1416 1056 et
1445 1009 1714 1064 coactam,
1747 999 1804 1052 in
1835 998 2058 1051 modum

478 1098 779 1154 bestiarum
814 1106 973 1150 terra:
1001 1095 1294 1148 brutarum
1325 1100 1382 1146 et
1404 1091 1632 1162 pecudis
1658 1098 2061 1144 menteacaren-

473 1191 573 1250 .tis,
607 1188 914 1258 prmtnlerit
957 1185 1201 1240 libertati
1246 1199 1310 1238 ac
1349 1181 1691 1252 generationi
1731 1197 1762 1234 a
1807 1181 2059 1250 passione

479 1282 668 1336 liberae
703 1287 758 1334 et
787 1278 872 1332 sui
912 1275 1127 1330 arbitrii
1165 1283 1220 1328 et
1255 1284 1476 1335 sant-tm,
1510 1280 1674 1338 atque
1712 1284 1813 1339 pro
1849 1269 2060 1322 honore

479 1389 604 1429 cum
641 1373 753 1426 Deo
797 1379 855 1424 et
893 1369 1085 1423 divino
1135 1376 1194 1420 et
1233 1363 1501 1418 ineﬂahiii
1545 1361 1781 1416 mercari
1820 1361 2060 1414 voluerit

473 1479 669 1534 parem
717 1477 843 1515 cum
893 1457 1188 1512 insensatis
1234 1456 1427 1510 bestiis
1470 1461 1525 1508 et
1571 1453 1954 1506 inhonoratam
2004 1452 2059 1504 in

481 1554 770 1608 materiam
813 1549 1224 1618 relegationem.
1255 1548 1370 1612 Qua
1411 1545 1690 1598 hominem
1729 1543 1968 1596 liberare
2005 1550 2062 1595 et

2157 361 2218 412 τὸ
2269 364 2606 432 προτιμῆσαι
2665 365 2776 417 τῶν
2834 371 3140 438 νοουμένων
3190 373 3292 424 καὶ
3363 371 3612 439 ἀδήλων
3659 373 3790 432 τέως

2159 451 2380 518 ἀγαθῶν
2445 454 2506 506 τὸ
2561 459 2681 508 κατ’
2732 457 2985 526 αἴσθησιν
3035 463 3278 531 τερπνὸν
3325 463 3438 515 καί
3499 462 3787 530 ἐπίδηλον.

2161 542 2482 614 παραλιπὼν
2529 548 2557 598 6
2601 548 2818 618 πρῶτος
2849 552 3156 622 ἄνθρωπος,
3212 553 3320 626 τὴν
3367 557 3445 608 ἐκ
3503 556 3792 624 σωμάτων

2159 635 2384 698 εἰκότως
2453 638 2814 710 ἀπροαίρετον
2879 644 2972 696 καὶ
3031 645 3224 716 ὑλικὴν
3297 649 3404 700 καὶ
3505 647 3788 720 ἐπίκηρον

2161 727 2365 798 (238
2397 729 2465 798 ὁ)
2504 730 2651 799 ἔχειν
2680 733 3100 800 καταδικάζεται
3125 739 3418 810 γέννησιν,
3453 739 3646 804 ἀξίως
3679 741 3790 810 κρί-

2159 836 2348 881 ναντος
2388 820 2482 872 τοῦ
2542 821 2678 875 Θεοῦ
2728 823 2821 878 τὸν
2864 827 3128 891 ἑκουσίως
3160 829 3272 883 τῶν
3324 831 3697 900 κρειττόνων
3724 833 3776 882 τέ

2160 912 2379 980 χείρονα
2417 912 2800 1000 προελόμενον,
2853 917 2951 986 τὴν
3011 919 3240 989 ἐμπαθῆ
3279 921 3380 974 καὶ
3431 921 3659 990 δούλην
3692 923 3777 975 καῖ

2161 1001 2718 1072 κατηναγκασμένην,
2747 1005 2868 1057 καθ’
2896 1006 3199 1078 ὁμοιότητα
3223 1011 3336 1062 τῶν
3364 1013 3467 1064 ἐπὶ
3509 1015 3634 1082 γῆς
3655 1014 3784 1067 ἀλέ-

2160 1109 2272 1159 γων
2305 1110 2364 1145 τε
2397 1095 2492 1146 καὶ
2514 1096 2758 1166 ἀνοήτων
2773 1098 2988 1168 κτηνῶν
3015 1100 3270 1170 γέννησιν
3292 1101 3400 1171 τῆς
3436 1103 3785 1174 ἐλευθερίας

2161 1183 2255 1236 καὶ
2277 1183 2522 1247 ἀπαθοῦς
2553 1187 2646 1238 καὶ
2696 1186 3026 1258 αύθαιρέτου
3072 1191 3167 1242 καὶ
3191 1192 3374 1262 ἁγνῆς
3420 1195 3782 1258 ἀπαλλάξαι

2160 1274 2486 1340 γεννήσεως,
2537 1276 2754 1346 καὶτῆς
2794 1277 2890 1330 σὺν
2927 1275 3044 1349 Θεῷ
3077 1283 3173 1334 καὶ
3202 1282 3355 1345 θείας
3387 1284 3492 1336 καὶ
3519 1285 3780 1339 ἀνεκλα-

2159 1363 2322 1432 λήτου
2355 1365 2526 1434 τιμῆς
2555 1365 2654 1436 τὴν
2712 1367 2852 1436 μετὰ
2890 1367 2998 1421 τῶν
3022 1370 3267 1440 ἀνοήτων
3301 1373 3536 1444 κτηνῶν
3565 1375 3783 1442 ἄτιμον

2160 1455 2468 1509 ἀντιλαύείν
2497 1457 3008 1528 συμπαρενύλησιν.
3037 1453 3299 1525 Ἦστινος
3322 1465 3418 1516 τὸν
3461 1464 3780 1534 ἄνθρωπον

2163 1547 2526 1624 ἐλευθερῶσαι
2585 1551 2680 1601 καὶ
2731 1549 2869 1618 πρὸς
2907 1549 3008 1620 τὴν
3057 1551 3208 1604 θείαν
3241 1553 3556 1622 εὐκληρέαν
3599 1557 3779 1606 ἐπαν-

475 1645 548 1700 ad
589 1642 985 1698 beatitudinem
1027 1639 1267 1692 divinam
1311 1637 1578 1690 reducere
1613 1635 1803 1687 volens
1843 1633 2057 1696 Sermo,

2171 1642 2392 1708 αγαγεῖν
2421 1621 2744 1709 βουλόμενος
2767 1641 2799 1693 ὸ
2828 1641 2926 1711 τὴν
2959 1641 3122 1710 φύσιν
3164 1643 3269 1695 τῶν
3298 1621 3630 1712 ἀνθρώπων
3674 1646 3774 1714 δη-

484 1753 693 1791 ιιειιιιται
734 1736 988 1801 humana:
1025 1731 1243 1793 artifex,
1272 1731 1436 1782 homo
1476 1744 1543 1781 ex
1583 1726 1906 1780 hominibus
1934 1739 2062 1778 vere

485 1829 544 1884 ti:
574 1837 738 1896 atque
771 1835 1067 1896 generatur
1099 1821 1466 1892 corporaliter
1502 1819 1620 1874 sine
1659 1828 1888 1888 peccato
1930 1831 2062 1886 pro-

484 1933 606 1990 pter
634 1921 932 1977 hominem,
967 1925 1023 1970 et
1054 1916 1388 1983 baptizatur,
1420 1921 1616 1982 sponte
1644 1910 1873 1965 subiens
1900 1923 2064 1978 gene-

485 2013 752 2067 rationem
806 2027 906 2078 pro
961 2009 1120 2062 nobis
1177 2009 1233 2060 in
1283 2005 1636 2073 adoptionem
1688 2001 2060 2072 spiritualem,

483 2102 852 2158 essentialiter
879 2101 1024 2154 Deus
1053 2106 1109 2152 ct
1137 2099 1228 2152 Dei
1262 2097 1565 2152 secundum
1594 2103 1846 2148 naturam
1872 2092 2064 2154 Filius,

487 2207 546 2248 ut
569 2195 873 2248 inllrmaret
897 2191 1243 2260 corporalem
1272 2187 1704 2258 generationem.
1730 2185 1866 2240 Cum
1897 2183 2066 2253 igitur

485 2283 580 2352 qui
615 2299 716 2336 nos
750 2283 901 2344 l'ecit,
935 2283 1142 2350 quique
1180 2280 1334 2334 solus
1372 2280 1518 2332 Patri
1559 2294 1681 2332 cum
1726 2277 1931 2346 Spiritu
1968 2291 2065 2345 par

485 2386 572 2429 est
594 2385 648 2428 et
675 2373 876 2426 deitate
907 2382 962 2426 et
989 2372 1159 2441 gloria
1190 2371 1362 2424 Filius
1390 2379 1446 2424 et
1477 2371 1690 2434 Sermo,
1717 2377 1940 2438 propter
1968 2383 2065 2422 nos

486 2464 631 2534 apud
675 2481 776 2516 nos
817 2479 884 2516 ex
923 2463 1084 2516 nobis
1117 2477 1250 2515 vere
1288 2461 1454 2514 homo
1493 2460 1586 2523 ﬁt,
1617 2468 1673 2514 et
1709 2458 2066 2527 corporaliter

489 2557 733 2611 nascitur
758 2555 877 2608 sine
905 2562 1152 2623 peccato,
1175 2565 1231 2606 et
1254 2552 1666 2622 generationem
1697 2551 1765 2604 de
1792 2549 2066 2618 baptismo

489 2651 542 2706 in
585 2649 942 2718 adoptionem
985 2647 1328 2716 spiritualem
1373 2663 1473 2716 pro
1519 2647 1679 2700 nobis
1721 2644 2064 2698 subeundam

489 2741 734 2810 suscepit
781 2739 1107 2808 naturaliter
1155 2739 1332 2802 Deus,
1378 2739 1584 2792 idcirco
1633 2753 1758 2791 cum
1809 2738 2065 2791 incarna-

493 2829 661 2890 tione,
693 2836 753 2881 ut
786 2827 920 2880 mihi
955 2826 1200 2888 videttir,
1230 2827 1492 2894 magister
1520 2827 1808 2892 conjunxit
1837 2841 2070 2894 genera-

493 2920 700 2972 tionem
737 2934 804 2970 ex
837 2917 1132 2984 baptismo,
1165 2925 1225 2969 ut
1256 2917 1360 2969 hoc
1392 2916 1733 2970 inﬁrmanda:
1761 2916 2068 2984 capiandm-
2095 2948 2136 3003 (Σ

491 3025 600 3080 que
633 3007 933 3076 corporalis
968 3007 1344 3076 generationis
1376 3008 1552 3077 gratia
1587 3009 1789 3060 factum
1823 3023 1943 3062 esse
1982 3008 2064 3060 in-

494 3099 838 3170 terpreteris.
869 3099 1005 3153 Nam
1040 3099 1187 3168 quod
1219 3098 1392 3152 Adam
1432 3099 1865 3168 (generationem
1899 3098 2064 3167 spiri-

494 3191 697 3245 tualem
725 3189 779 3243 in
807 3189 1240 3254 deiﬁcationem,
1269 3188 1524 3260 inquam)
1559 3199 1754 3258 sponte
1786 3188 2066 3250 deseruit,
2108 3196 2112 3202 ‘

495 3293 554 3358 ιιι
588 3283 862 3352 corporali
899 3283 955 3336 in
987 3282 1273 3337 interitum
1305 3283 1661 3353 generatione
1691 3283 2064 3347 damnaretur,

493 3377 604 3434 hoc
641 3383 836 3444 sponte
876 3391 996 3438 sua,
1031 3383 1092 3427 ut
1133 3374 1311 3430 bonus
1352 3389 1409 3430 et
1447 3375 1730 3429 hominum
1769 3390 1979 3437 amans,
2013 3373 2070 3426 in

493 3478 684 3523 nostro
718 3470 873 3536 lapsu
908 3467 1074 3521 homo
1103 3467 1303 3531 lactus,
1328 3483 1496 3536 seque
1533 3468 1711 3537 ipsum
1747 3481 1872 3520 cum
1910 3466 2070 3519 nobis

493 3559 702 3628 pariter
724 3557 1119 3619 condemnatis,
1137 3556 1230 3626 qui
1259 3557 1410 3610 solus
1433 3556 1573 3610 liber
1591 3565 1650 3610 et
1675 3556 1794 3610 sine
1819 3565 2066 3624 peccato,

493 3660 551 3705 et
569 3649 914 3718 corporalem
939 3648 1349 3716 generationem
1371 3647 1716 3702 subeundam
1738 3647 2065 3716 suscipiens,

498 3743 555 3794 in
593 3754 698 3808 qua
741 3737 1216 3792 condcmnationis
1257 3746 1466 3792 nostrae
1501 3737 1684 3790 adhuc
1717 3737 1804 3790 vis
1843 3737 2067 3798 inesset,

498 3831 844 3900 spiritualem
880 3831 1107 3900 mystice
1141 3830 1555 3900 generationem
1591 3829 1881 3898 reparavit,
1910 3836 2071 3896 atque

495 3922 694 3976 solutis
725 3920 1094 3991 generationis
1125 3920 1430 3989 corporalis
1462 3935 1564 3989 pro
1594 3917 1756 3972 nobis
1789 3917 1844 3970 in
1875 3925 2073 3972 semet-

499 4015 622 4082 ipso
651 4011 890 4066 vinculis
923 4027 1022 4080 per
1055 4011 1396 4080 Spiritualem
1428 4009 1728 4064 voluntatis
1761 4011 2072 4079 generatio-

497 4118 626 4162 nem
659 4103 851 4166 nobis,
879 4102 974 4171 qui
1007 4101 1290 4156 credimus
1326 4101 1381 4153 in
1415 4101 1535 4170 ejus
1565 4115 1798 4162 nomen,
1831 4107 2073 4167 potesta-

499 4207 612 4251 tem
643 4195 797 4249 dedit
823 4201 885 4248 ut
915 4194 1009 4248 Dei
1039 4192 1135 4246 lilii
1165 4208 1268 4262 pro
1298 4191 1482 4245 carnis
1509 4206 1574 4244 ac
1602 4189 1886 4259 sanguinis
1916 4189 2075 4242 ﬁere-

2167 1731 2502 1802 μιουργήσας
2525 1730 2718 1799 Λόγος.
2749 1731 3035 1802 ἅνθρωπος
3079 1733 3141 1798 ἐξ
3185 1734 3497 1806 ἀνθρώπων
3530 1737 3778 1806 ἀληθῶς

2163 1823 2376 1890 γίνεταί
2406 1840 2464 1875 τε
2504 1827 2598 1877 καὶ
2629 1826 2889 1891 γεννᾶται
2919 1827 3245 1895 σωματικῶς
3269 1829 3441 1898 χωρὶς
3465 1830 3776 1899 ἁμαρτίας

2162 1914 2252 1966 διὰ
2277 1915 2368 1968 τὸν
2399 1917 2708 1983 ἄνθρωπον,
2732 1917 2828 1969 καὶ
2859 1916 3198 1986 βαπτίζεται,
3233 1921 3329 1988 τὴν
3360 1923 3443 1984 εἰς
3471 1921 3775 1977 υἱοθεσίαν

2164 2009 2544 2079 πνευματικὴν
2605 2009 2749 2076 ὑπὲρ
2819 2011 2976 2080 ἡμῶν
3041 2011 3300 2076 ἑκουσίως
3367 2015 3772 2084 ὑπερχόμενος

2163 2099 2438 2170 γέννησιν,
2472 2103 2500 2154 6
2531 2101 2652 2154 κατ’
2682 2103 2870 2156 ούσίαν
2908 2101 3041 2166 Θεὸς
3068 2105 3164 2157 καὶ
3199 2103 3341 2157 Θεοῦ
3389 2107 3540 2160 κατὰ
3593 2107 3773 2176 φύσιν

2165 2189 2314 2254 Υἱὸς,
2370 2192 2451 2255 είς
2489 2191 2752 2262 ἀθέτησιν
2798 2197 2896 2263 τῆς
2945 2195 3010 2247 ὲκ
3073 2195 3338 2263 σωμάτων
3407 2197 3765 2266 γεννήσεως.

2178 2281 2393 2353 Ἐπειδὴ
2419 2282 2600 2336 τοίνυν
2631 2283 2698 2335 δι’
2729 2285 2874 2352 ἡμᾶς
2918 2285 2948 2336 6
2989 2286 3220 2353 ποιήσας
3253 2287 3401 2356 ἡμᾶς
3445 2287 3550 2340 καὶ
3595 2288 3768 2356 nam;

2165 2371 2242 2440 τῷ
2277 2374 2453 2444 Πατρὶ
2480 2375 2620 2442 μετὰ
2648 2379 2744 2428 τοῦ
2778 2375 3343 2446 Πνεύματοςὸμὸθεος
3367 2380 3462 2431 καὶ
3489 2381 3766 2448 ὀμόδοξος

2166 2463 2291 2524 Υἱὸς
2321 2466 2414 2516 καὶ
2449 2465 2620 2531 Λόγος
2669 2465 2790 2518 καθ’
2825 2468 2974 2534 ἡμᾶς
3003 2465 3063 2530 ἐξ
3094 2467 3252 2535 ἡμῶν
3277 2468 3502 2538 ἀληθῶς
3535 2470 3765 2541 ἄνθρω-

2166 2568 2266 2613 πος
2292 2553 2522 2619 γίνεται,
2565 2554 2664 2626 και
2695 2553 3024 2623 σωματικῶς
3071 2557 3328 2621 γεννᾶται
3360 2557 3538 2627 χωρὶς
3565 2559 3764 2630 ἁμαρ-

2163 2636 2306 2702 τίας,
2339 2640 2434 2692 καὶ
2463 2642 2562 2708 τὴν
2585 2644 2648 2693 ἐκ
2674 2639 3048 2710 βαπτίσματος
3079 2644 3158 2704 είς
3189 2643 3464 2698 υἱοθεσίαν
3499 2661 3761 2716 πνευμα-

2167 2729 2323 2800 τικὴν
2353 2729 2498 2802 ὑπὲρ
2523 2730 2680 2798 ἡμῶν
2721 2731 2975 2784 ὑπελθεῖν
3023 2733 3384 2802 καταδέχεται
3434 2735 3705 2804 γέννησιν
3735 2742 3763 2791 ὁ

2170 2821 2331 2888 φύσει
2353 2820 2508 2884 Θεὸς,
2541 2809 2628 2873 διὰ
2654 2821 2811 2874 τοῦτο
2842 2823 3046 2892 συνῆψε
3089 2826 3156 2893 τῇ
3207 2824 3512 2896 σαρκώσει,
3569 2829 3761 2892 καθὼς

2169 2907 2344 2982 οἶμαι,
2377 2913 2475 2981 τὴν
2507 2913 2572 2964 ἐκ
2604 2911 2982 2981 βαπτίσματος
3037 2914 3293 2982 γέννησιν
3335 2915 3364 2966 6
3400 2916 3758 2980 διδάσκαλος,

2167 3001 2244 3065 ὼς
2265 3003 2345 3065 εἰς
2370 3003 2627 3072 ἀθέτησιν
2654 3005 2748 3056 καὶ
2781 3003 2934 3057 λύσιν
2975 3003 3075 3072 τῆς
3121 3006 3187 3058 ἐκ
3224 3007 3499 3074 σωμάτων
3534 3011 3757 3078 ἐπινοη-

2169 3091 2327 3162 θῆναι
2357 3095 2684 3164 γεννήσεως.
2721 3095 2900 3166 Ὅπερ
2929 3089 3037 3166 γ’ἆρ
3068 3097 3096 3148 6
3132 3096 3307 3166 Ἀδὰμ
3353 3097 3534 3168 (λέγω
3561 3101 3615 3152 δὲ
3657 3102 3756 3172 τὴν

2167 3187 2246 3248 εἰς
2273 3183 2469 3237 θέωσιν
2501 3187 2564 3237 ἐκ
2588 3185 2897 3254 πνεύματος
2935 3185 3225 3256 γέννησιν)
3263 3189 3538 3252 ἑκουσίως
3574 3207 3756 3258 παρα-

2168 3274 2340 3329 λιπὼν
2369 3275 2664 3344 γεννᾶσθαι
2708 3277 3036 3346 σωματικῶς
3073 3280 3153 3340 εἰς
3184 3279 3399 3350 φθορὰν
3427 3283 3754 3352 κατεκρίθη,

2169 3368 2324 3422 τοῦτο
2345 3369 2488 3423 κατὰ
2519 3369 2742 3439 θέλησιν
2780 3369 2857 3434 ὡς
2895 3371 3099 3437 ἀγαθὸς
3143 3373 3241 3424 καὶ
3277 3374 3663 3445 φιλάνθρωπος
3697 3379 3754 3428 ἐν

2168 3457 2246 3528 τῷ
2297 3457 2456 3527 ἡμῶν
2501 3459 2910 3529 παραπτώματι
2943 3461 3238 3530 γενόμενος
3289 3464 3602 3534 ἄνθρωπος,
3660 3467 3757 3518 καὶ

2171 3552 2608 3623 συγκατακρίνας
2632 3555 2763 3623 ημῖν
2787 3554 2977 3607 ἑαυτὸν
3003 3555 3292 3620 ἑκουσίως,
3339 3559 3368 3610 6
3405 3559 3571 3628 μόνος
3597 3558 3756 3610 ἐλεύ-

2176 3646 2332 3712 θερος
2383 3643 2478 3696 καὶ
2505 3644 2912 3714 ἀναμάρτητος,
2950 3645 3043 3698 καὶ
3069 3645 3170 3713 τὴν
3200 3647 3269 3698 ὲκ
3311 3647 3589 3717 σωμάτων
3633 3665 3759 3715 γεν-

2174 3734 2358 3806 (239
2395 3736 2448 3803 a)
2483 3735 2714 3804 νηθῖμαι
2743 3735 3177 3807 καταδεξάμενος
3217 3737 3502 3807 γέννησιν,
3553 3743 3612 3791 ὲν
3697 3739 3757 3792 τὸ

2173 3828 2372 3893 κράτος
2435 3826 2646 3897 ὑπῆρχε
2701 3827 2802 3895 τῆς
2849 3827 3006 3897 ἡμῶν
3067 3830 3476 3898 κατακρίσεως,
3543 3831 3645 3901 τὴν
3697 3833 3756 3882 ἐν

2173 3917 2442 3987 πνεύματι
2493 3917 2774 3988 μυστικῶς
2829 3916 3179 3986 διωρθώσατο
3211 3919 3490 3990 γέννησιν,
3524 3922 3621 3973 καὶ
3654 3920 3758 3990 τῆς

2175 4010 2493 4079 σωματικῆς
2521 4009 2831 4078 γεννήσεως
2878 4007 3045 4071 λύσας
3083 4010 3227 4078 ὑπὲρ
3259 4010 3418 4080 ἡμῶν
3471 4014 3529 4064 ἐν
3579 4011 3758 4080 ἑαυτῷ

2175 4103 2241 4155 τὰ
2261 4101 2443 4172 δεσμὰ
2457 4100 2686 4154 δέδωκεν
2711 4101 2844 4168 ἡμῖν
2873 4099 3120 4162 ἐξουσίαν
3140 4101 3230 4154 διὰ
3249 4102 3350 4170 τῆς
3379 4104 3522 4156 κατὰ
3543 4103 3760 4172 πνεῦμα

2175 4195 2482 4264 γεννήσεως
2519 4189 2660 4244 κατὰ
2696 4191 2935 4260 θέλησιν,
2983 4191 3149 4242 τέκνα
3201 4191 3342 4244 Θεοῦ
3388 4193 3514 4246 ἀντὶ
3560 4194 3761 4264 σαρκῦς

500 4303 644 4342 mus.
678 4286 990 4341 lncarnatio
1024 4285 1196 4354 igitur
1228 4292 1392 4351 atque
1425 4281 1727 4350 corporalis
1757 4281 1910 4349 prius
1945 4297 2072 4350 pro-

2180 4285 2272 4336 καὶ
2303 4283 2535 4351 αἵματος
2573 4279 2825 4348 γενέσθαι
2865 4282 2976 4343 τοῖς
3003 4279 3358 4332 πιστεύουσιν
3387 4283 3468 4344 εις
3501 4282 3563 4333 τι
3591 4282 3760 4350 ὄνομα

504 4389 646 4450 pter-
675 4391 854 4431 meam
901 4373 1310 4429 damnationem
1365 4371 1420 4424 in
1467 4369 1704 4424 Domino
1756 4380 1942 4422 secuta
1993 4377 2080 4423 est

500 4469 806 4541 generatio,
839 4477 896 4521 et
935 4465 1015 4519 sic
1051 4479 1172 4534 quae
1207 4462 1421 4532 reliqua
1460 4471 1580 4517 erat
1616 4477 1712 4530 per
1747 4461 2077 4530 baptismum

503 4558 809 4630 spiritualis
849 4557 1097 4610 insecuta
1137 4562 1224 4608 est
1263 4553 1574 4625 generatio,
1603 4568 1704 4622 pro
1743 4552 1920 4606 salute
1960 4567 2082 4605 mea

504 4647 808 4702 secundum
859 4646 1088 4714 gratiam
1130 4631 1186 4698 et
1229 4641 1611 4706 revocatione,
1646 4649 1768 4705 aut,
1805 4649 1867 4694 ut
1910 4641 2082 4710 magis

507 4735 799 4805 perspicue
843 4734 1054 4798 dicam,
1089 4733 1407 4798 relictione,
1455 4747 1566 4800 qua
1613 4732 1758 4786 Deus
1803 4731 1954 4784 circa
1997 4745 2082 4782 me

506 4829 729 4898 copulat
756 4826 1093 4881 exsistentiaa
1120 4841 1258 4880 meae
1281 4833 1339 4878 et
1367 4824 1524 4878 bona:
1553 4822 1886 4878 exsistentiu:
1915 4821 2083 4875 ratio-

510 4933 632 4982 nes,
660 4929 716 4973 et
739 4933 860 4972 eam
890 4932 1012 4985 quae
1042 4933 1074 4970 a
1103 4931 1190 4970 me
1215 4916 1356 4970 facta
1383 4924 1505 4969 erat
1533 4914 1726 4969 harum
1757 4913 2084 4967 divisionem

513 5018 679 5078 atque
720 5007 1037 5062 distantiam
1079 5005 1386 5070 contrahit,
1420 5020 1628 5074 perque
1674 5004 1790 5058 hazc
1834 5003 1900 5057 ad
1939 5001 2086 5056 exsi-

515 5101 732 5155 stentiaa
767 5109 988 5153 aeterna:
1023 5098 1296 5151 rationem
1337 5097 1616 5164 sapienter
1655 5093 1965 5164 compellit,
1998 5110 2087 5148 se-

515 5191 756 5246 cundum
811 5205 978 5259 quam
1031 5205 1212 5258 neque
1272 5189 1491 5258 parient
1545 5188 1780 5256 amplius
1837 5187 2090 5240 homines

516 5295 698 5348 neque
743 5280 1054 5348 parientur,
1086 5294 1210 5333 cum
1253 5293 1448 5333 eorum
1491 5294 1614 5348 quae
1657 5277 1913 5332 videntur
1955 5275 2090 5330 ordo

517 5369 766 5439 pariendi
793 5369 958 5424 ﬁnem
987 5369 1230 5440 attigerit
1261 5385 1355 5439 per
1381 5384 1629 5440 magnam
1659 5378 1716 5424 et
1743 5383 2092 5424 communem

519 5461 1022 5526 resurrectionem,
1066 5478 1188 5531 quas
1235 5463 1292 5517 in
1343 5461 1815 5516 immortalitatem
1867 5469 2096 5530 generet

523 5551 800 5608 hominem
846 5553 1149 5608 secundum
1195 5553 1612 5609 subsistentiam
1662 5545 2130 5618 immutabilem,“

2179 4373 2366 4427 αὐτοῦ.
2415 4373 2696 4442 Σάρκωσις
2739 4367 2833 4424 οῦν
2862 4371 2955 4422 καὶ
3003 4370 3296 4440 σωματικὴ
3352 4374 3620 4442 πρότερον
3663 4374 3763 4441 τῆς

2181 4467 2322 4535 ἐμῆς
2351 4465 2514 4518 ἕνεκα
2546 4463 2922 4532 κατακρίσεως
2968 4462 3059 4513 ἐπί
3107 4460 3200 4514 τοῦ
3251 4464 3461 4532 Κυρίου
3511 4481 3759 4534 παρηκο-

2182 4557 2410 4628 λούθησε
2433 4555 2706 4625 γέννησις,
2735 4554 2829 4607 καὶ⁸
2858 4551 3032 4616 οὕτως
3070 4556 3103 4622 ἠ
3139 4553 3230 4606 διὰ
3256 4554 3354 4608 τοῦ
3387 4555 3763 4624 βαπτίσματος

2183 4651 2240 4702 ἐν
2260 4647 2532 4718 πνεύματι
2563 4645 2996 4718 παραλειφθεῖσα
3025 4644 3443 4716 ἐπηκολούθησε
3492 4647 3760 4714 γέννησις.

2185 4739 2327 4809 ὑπὲρ
2373 4738 2472 4808 τῆς
2500 4738 2640 4807 ἐμῆς
2673 4735 2816 4788 κατὰ
2861 4735 3023 4806 χάριν
3064 4736 3350 4806 σωτηρίας
3389 4741 3486 4791 καὶ
3534 4737 3766 4807 ἀνακλήο

2188 4847 2345 4897 σεως,
2390 4830 2424 4899 ἢ
2467 4830 2799 4899 σαφέστερον
2845 4830 3018 4881 εἰπεῖν
3066 4829 3466 4893 ἀναπλάσεως’
3507 4825 3598 4884 οἷα
3649 4848 3768 4883 συν-

2189 4922 2452 4984 άπτοντος
2505 4921 2634 4993 περὶ
2663 4921 2763 4990 ἐμὲ
2803 4919 2897 4972 τοῦ
2930 4919 3065 4974 Θεοῦ
3092 4919 3188 4972 τόν
3220 4938 3283 4974 τε
3329 4921 3425 4974 τοῦ
3481 4917 3628 4977 εἶναί
3675 4939 3769 4992 μου

2188 5013 2346 5080 λόγον
2375 5013 2468 5065 καὶ
2497 5011 2589 5064 τὺν
2611 5011 2706 5064 τοῦ
2744 5007 2801 5063 εὖ
2829 5004 2994 5070 εἴναι,
3027 5011 3121 5063 καὶ
3155 5011 3257 5082 τὴν
3299 5015 3608 5085 γενομένην
3647 5014 3772 5084 παρ’

2189 5103 2326 5173 ἐμοῦ
2355 5102 2560 5156 τούτων
2595 5101 2961 5162 ἑνοποιοῦντος
2997 5101 3173 5171 τομὴν
3204 5103 3304 5156 καὶ
3332 5103 3645 5168 διάστασιν,
3685 5105 3774 5158 καὶ

2189 5193 2278 5246 διὰ
2322 5193 2530 5246 τούτων
2581 5191 2720 5262 πρὸς
2769 5189 2860 5243 τὸν
2897 5188 2991 5242 τοῦ
3041 5191 3130 5243 ἀεὶ
3199 5189 3346 5246 εἶναι
3397 5193 3558 5262 λόγον
3603 5193 3777 5264 costi);

2195 5283 2633 5346 συνελαύνοντος,
2683 5281 2808 5334 καθ’
2855 5281 2914 5332 ὃν
2947 5279 3133 5333 οὐκέτι
3178 5281 3244 5334 τὸ
3301 5284 3494 5355 φέρειν
3541 5286 3658 5339 ἔστι
3691 5285 3780 5337 καὶ

2195 5375 2456 5445 φέρεσθαι
2487 5375 2617 5444 περὶ
2659 5374 2749 5428 τὸν
2802 5373 3110 5443 ἄνθρωπον,
3167 5373 3452 5448 λαϐούσης
3476 5377 3635 5439 τέλος
3663 5377 3782 5445 περὶ

2195 5463 2257 5516 τὸ
2283 5463 2545 5534 φέρεσθαι
2573 5463 2671 5532 τῆς
2712 5463 2820 5515 τῶν
2853 5462 3195 5528 φαινομένων
3225 5466 3553 5536 οἰκονομίας
3584 5467 3674 5520 διὰ
3693 5467 3782 5533 τῆς

2201 5555 2445 5625 μεγάλης
2493 5555 2588 5608 καὶ
2642 5553 2826 5623 κοινῆς
2885 5552 3263 5618 ἀναστάσεως,
3340 5558 3424 5620 είς
3491 5559 3782 5611 ἀθανασίαν
