4038 6146
284 231 423 296 1349

265 439 333 494 δι’
361 437 420 491 δν
445 435 554 490 τῶν
585 432 924 504 φαινομένων
957 434 988 502 ἡ
1021 431 1182 501 φύσις
1209 431 1272 484 τὸ
1300 429 1438 485 εἶναι
1466 432 1610 486 κατὰ
1630 431 1848 500 γένεσιν

266 528 479 599 εἴληφε,
520 525 614 580 ttat
649 525 771 594 μεθ’
803 516 864 577 οὗ
895 522 1122 593 λήψεται
1160 523 1347 593 χάριτι
1393 523 1453 575 τὸ
1495 525 1612 576 κατ’
1657 524 1848 577 οὐσίαν

271 621 349 692 μὴ
375 618 718 690 φθείρεσθαι.
778 616 917 670 Ἀλλ’
957 617 1006 670 εί
1047 615 1195 668 δοκεῖ
1236 614 1348 668 τῶν
1375 615 1682 686 εἰρημένων
1729 617 1852 668 κατ’

267 711 536 782 ἐπιτομὴν
563 708 997 780 ἐπιμνησθέντες
1031 707 1130 776 τὴν
1161 706 1416 776 δύναμιν,
1461 705 1854 774 κεφαλαιώσω-

271 821 392 874 μεν.
435 802 676 880 Ἐχομεν
700 802 798 872 τὴν
843 803 908 854 ὲκ
939 816 1053 870 amp
1066 799 1210 852 ἀτων
1256 798 1512 867 γέννησιν
1544 797 1637 851 τοῦ
1670 799 1854 868 Σωτῆ-

271 911 364 964 ρος
406 893 564 964 ήμῶν
613 893 738 945 κατ’
775 890 1021 944 ἐπίνοιαν
1050 889 1420 960 διαιρεθεῖσαν
1455 890 1534 952 είς
1587 889 1677 942 τὸν
1715 905 1853 960 προ-

267 985 572 1055 ηγούμενον
606 983 704 1053 τῆς
747 981 963 1052 φύσεως
991 980 1147 1049 λόγον
1182 981 1275 1034 καὶ
1303 983 1380 1044 είς
1411 980 1503 1035 τὸν
1551 981 1646 1034 νῦν
1691 976 1850 1044 αὖθις

270 1077 588 1147 ὑπάρχοντα
615 1073 734 1128 καθ’
765 1073 932 1144 ἡμᾶς,
981 1073 1060 1135 είς
1093 1071 1152 1125 ὃν
1181 1071 1525 1145 ἐτελεύτησε,
1566 1073 1658 1126 καὶ
1690 1071 1856 1126 πάλιν

270 1169 350 1231 είς
375 1168 464 1220 τὸν
500 1165 643 1220 κατά
692 1164 860 1235 φύσιν
910 1163 1010 1234 τῆς
1039 1163 1307 1230 γενέσεως
1335 1164 1494 1231 λόγον
1527 1164 1620 1218 καὶ
1653 1165 1734 1227 είς
1761 1163 1857 1216 τὸν

268 1259 369 1327 τῆς
397 1257 704 1327 γεννήσεως
735 1257 958 1327 τρόπον,
993 1255 1219 1325 προσέτι
1249 1271 1313 1322 γε
1344 1253 1450 1326 μὴν
1477 1255 1573 1308 καὶ
1602 1255 1682 1317 είς
1728 1253 1855 1317 τοὺς

268 1349 560 1420 διαφόρους
615 1347 856 1418 τρόπους
909 1346 1012 1416 τῆς
1061 1348 1182 1399 κατ’
1234 1347 1422 1399 οὐσίαν
1453 1349 1722 1414 γενέσεως
1753 1345 1856 1412 τῆς

269 1440 448 1510 ψυχῆς
468 1441 564 1492 καὶ
586 1437 682 1492 τοῦ
714 1435 968 1508 σώματος
990 1442 1082 1490 καὶ
1117 1437 1570 1509 προσεπιτούτοις
1594 1437 1783 1506 (239
1801 1435 1854 1504 b)

271 1534 350 1595 εἰς
376 1532 472 1602 τὴν
515 1531 642 1584 ἄνευ
671 1532 880 1600 σπορᾶς
911 1528 1172 1600 σύλληψιν
1213 1529 1310 1582 καὶ
1354 1528 1453 1598 τὴν
1487 1529 1617 1582 ἄνευ
1649 1527 1856 1596 φθορᾶς

271 1623 545 1692 γέννησιν.
591 1619 708 1690 Ἐφ’
752 1621 881 1690 ὑμῖν
924 1616 1017 1673 οὖν
1066 1620 1213 1670 ἐστιν
1242 1619 1316 1680 ὡς
1362 1621 1578 1688 κριταῖς
1622 1617 1856 1678 δικαίοις

268 1715 377 1774 τῶν
426 1714 768 1783 λελεγμένων
805 1711 1070 1779 ὲπιδολῶν
1109 1712 1360 1780 ὲγκρῖναι
1411 1709 1509 1779 τὴν
1547 1707 1855 1779 κρείττονα.
1894 1697 1936 1750 Β

276 1888 387 1945 Τοῦ
437 1886 623 1944 αὑτοῦ
645 1887 712 1940 ἐκ
764 1884 871 1938 τοῦ
923 1884 1110 1938 αὐτοῦ
1163 1885 1374 1952 λόγου,
1425 1885 1513 1946 είς
1566 1883 1656 1944 τὸ,
1722 1899 1741 1931 ι
1789 1883 1854 1936 Τί

335 1980 616 2049 φάρμακα
661 1973 983 2042 ἐπιζητεῖς,
1038 1971 1112 2026 τὰ
1160 1973 1357 2042 μηδὲν
1403 1971 1748 2041 ὀνήσονταξ
1801 1972 1860 2026 τί

341 2070 610 2140 κριτικὸν
661 2067 894 2136 ἱδρῶτα,
947 2066 1096 2133 ἴσως
1161 2064 1540 2135 ,παρεστῶτος
1598 2063 1704 2118 τοῦ
1759 2063 1860 2130 ἐξ·

341 2163 508 2216 οδίου
532 2176 548 2223 ;
595 2160 704 2229 (53)
732 2178 750 2210 ι

342 2253 534 2314 Τοῦτο,
581 2247 764 2310 καθὼς
813 2249 1052 2318 ἔφασκεν
1094 2249 1123 2300 ὀ
1165 2246 1434 2318 μακάριος
1482 2247 1682 2316 γέρων,
1725 2245 1858 2318 πρδς

271 2343 398 2406 τοὺς
431 2338 900 2412 ὑπερτιθεμένους
917 2339 978 2391 τὸ
1005 2338 1312 2408 βάπτισμα,
1342 2339 1402 2391 τὸ
1429 2341 1589 2409 ῤηὶν
1615 2339 1859 2418 τέθεικεν

253 2435 301 2488 ηδ
351 2431 692 2496 διδάσκαλος,
759 2430 936 2483 ἑλπίδι
993 2428 1086 2482 τοῦ
1144 2429 1406 2499 ζήσεσθαι
1456 2430 1516 2482 τὸ
1578 2427 1860 2501 βάπτισμα

273 2524 586 2596 φιληδονίας
629 2523 814 2576 ἕνεκεν
865 2521 1350 2592 ὑπερτιθεμένους,
1397 2521 1490 2576 καί
1533 2539 1687 2591 φησι,
1745 2542 1762 2573 ι
1795 2522 1860 2576 Τί

262 2617 405 2687 ’παρ’
445 2614 607 2669 ἄλλου
629 2613 724 2684 δὲῃ
757 2611 950 2682 μαθεῖν
972 2613 1070 2682 τὴν
1091 2607 1291 2676 ἔξοδον,
1316 2611 1410 2663 τοῦ
1441 2611 1558 2682 βίου
1589 2611 1858 2681 δηλονότι,

271 2707 386 2760 ἀλλ’
425 2709 526 2776 οὐχ
564 2707 638 2768 ὡς
680 2705 782 2776 ἤδη
831 2703 1118 2774 παρούσης
1159 2703 1446 2776 διανοὴσῃ;
1492 2704 1558 2756 Τί
1593 2705 1860 2774 φάρμακα

273 2797 578 2870 ἐπιζητεῖς,
615 2799 684 2849 ut
719 2797 888 2866 μηδὲν
917 2795 1222 2862 ὀνήσοντα;
1258 2795 1316 2848 τί
1354 2795 1600 2865 κριτικὸν
1639 2796 1860 2867 ἱδρῶτα,

275 2890 406 2952 ἴσως
456 2885 810 2956 παρεστῶτος
851 2885 944 2938 τοῦ
989 2885 1232 2952 ὲξοδίου;
1280 2904 1299 2936 ι
1347 2887 1575 2956 Ἐπειδὴ
1600 2887 1708 2956 γὰρ
1735 2885 1860 2939 τέσ-

276 2996 450 3048 σαρας
477 2977 694 3049 ἡμέρας
724 2975 1017 3046 κρισίμους
1067 2971 1210 3030 εἷναί
1252 2993 1415 3044 φασιν
1446 2976 1646 3047 ἰατρῶν
1672 2977 1858 3038 παῖδες

275 3072 334 3124 ὲν
363 3073 477 3132 τοῖς
503 3067 859 3139 πυρεκτιῶσι,
917 3067 1014 3137 τὴν
1045 3069 1108 3132 δ’,
1155 3069 1248 3120 καὶ
1287 3066 1386 3140 τὴν
1429 3068 1494 3132 ζ’,
1539 3069 1630 3122 καὶ
1653 3069 1750 3139 τὴν
1789 3069 1856 3132 θ’,

277 3165 372 3232 καὶ
397 3163 496 3234 τὴν
549 3138 636 3225 ια’,
669 3159 834 3230 τυχὸν
881 3159 936 3212 δὲ
973 3161 1068 3214 καὶ
1112 3158 1210 3230 τὴν
1257 3158 1328 3226 ιγ’
1344 3138 1435 3229 (ἐν
1481 3138 1716 3223 ταύταις
1746 3159 1854 3230 γὰρ
1884 3138 1926 3194 C

277 3257 344 3312 ἀν
383 3255 615 3326 εὕρωσιν
644 3257 700 3307 ὲν
731 3253 808 3323 τῷ
839 3253 1102 3315 νοσοῦντι,
1140 3250 1322 3314 καθώς
1358 3269 1510 3320 φασι,
1539 3252 1852 3320 νενοτισμέ-

273 3363 364 3401 νον
413 3347 472 3412 ὲξ
518 3345 740 3416 ἱδρῶτος
791 3343 851 3397 τὸ
901 3342 1064 3412 σῶμα
1107 3340 1470 3411 τεκμηριοῦσι
1524 3339 1710 3412 ζήσειν
1761 3341 1852 3394 τὸν

275 3437 574 3508 κείμενον),
616 3435 704 3489 ἵνα
737 3430 828 3488 οὖν
864 3433 940 3504 μὴ
995 3431 1188 3485 τοῦτον
1217 3431 1570 3502 ἐκδεχόμενος
1614 3433 1642 3483 ὁ
1681 3431 1853 3484 νοσῶν

227 3555 233 3561 ~
273 3529 364 3580 τὸν
403 3526 604 3596 ἱδρῶτα
647 3523 996 3586 κακοδούλως
1039 3519 1390 3592 ὑπερτίθεται
1438 3521 1498 3574 τὸ
1551 3521 1851 3591 βάπτισμα,

275 3617 525 3687 περίοδον
589 3614 832 3682 οἰόμενος
894 3610 1038 3682 ἔχειν
1090 3609 1252 3673 ἐτῶν,
1307 3609 1660 3679 συμϐουλεύει
1710 3611 1852 3664 πάνυ

216 3693 230 3704 ’
277 3707 474 3775 σοφῶς.
507 3708 538 3758 ὁ
590 3704 904 3767 διδάσκαλος
950 3701 1027 3772 τῷ
1083 3701 1370 3770 κάμνοντι,
1427 3699 1502 3772 μὴ
1550 3700 1724 3768 τούτῳ
1775 3701 1853 3772 τῷ

278 3799 462 3866 ἱδρῶτι
491 3799 711 3866 θαρρεῖν
749 3799 840 3848 καὶ
881 3793 1060 3864 μάτην
1081 3791 1406 3862 ἐρείδεσθαι,
1439 3789 1667 3844 δυνατοῦ
1705 3791 1853 3854 ὄντος

276 3891 397 3944 ἀντὶ
455 3888 646 3943 τούτου
702 3887 795 3940 τὸν
857 3885 1061 3950 ἐξόδιον
1130 3883 1329 3954 ἱδρῶτα
1386 3881 1702 3952 συμϐῆναι,
1761 3883 1854 3936 τὸν

279 3977 487 4049 βοῶντα
520 3979 620 4048 τῆς
659 3974 942 4046 παρούσης
989 3971 1137 4042 ζωῆς
1174 3970 1236 4023 τὸ
1287 3970 1458 4036 τέλος,
1513 3971 1600 4024 ἵνα
1644 3973 1740 4042 μὴ,
1775 3972 1854 4034 ὼς

276 4064 450 4130 εἷπον,
483 4066 570 4118 διὰ
618 4065 807 4118 τοῦτον
860 4060 1222 4132 ἀπατώμενος
1260 4061 1288 4113 ὁ
1317 4061 1488 4112 νοσῶν
1528 4060 1621 4113 τὸν
1655 4061 1854 4131 ἱδρῶτα

275 4163 374 4230 τῆς
407 4158 502 4228 μὲν
535 4155 803 4226 προδήλου
837 4153 931 4207 καὶ
961 4151 1110 4214 θείας
1147 4148 1295 4220 ζωῆς
1321 4151 1416 4204 καὶ
1438 4149 1548 4202 ἀει
1571 4148 1855 4220 διαμενού-

279 4267 380 4319 σης
429 4246 879 4317 ἀλλοτριούμενος
925 4241 1085 4313 λάθῃ,
1133 4241 1234 4310 τὴν
1280 4239 1339 4293 δὲ
1386 4239 1734 4310 ἀνθρωπίνην
1760 4240 1855 4294 καὶ

277 4342 540 4412 ἐπίκηρον
581 4339 671 4390 καὶ
717 4337 936 4402 πάντως
985 4331 1368 4404 λυθησομένην
1420 4333 1617 4404 εὑρεθῇ
1693 4350 1852 4402 περι-

276 4429 446 4493 έπων,
479 4427 787 4498 ἀκράτητον
832 4423 976 4479 κατὰ
1005 4422 1168 4492 φύσιν
1217 4421 1568 4492 ὑπάρχουσαν
1619 4422 1712 4476 καὶ
1765 4423 1853 4476 ἀεὶ

1441 292 1451 302 ,
1516 229 1768 291 .AMBIG
1779 231 2052 293 UORUM
2094 233 2343 292 LIBER.

269 338 550 411 γεννώσης
579 337 672 392 τὸν
710 336 997 407 ἄνθρωπον
1047 336 1171 390 καθ’
1203 335 1436 406 ὕπαρξιν
1467 337 1848 404 ἀναλλοίωτον,

1959 356 2069 410 qua
2119 357 2308 396 rerum
2357 341 2912 399 visibilium-natura
2965 345 3348 402 exsistentiam
3404 359 3556 424 eeplt
3651 373 3658 380 ’

3413 239 3555 308 1350

1959 431 2317 500 originalem,
2363 443 2420 488 et
2467 449 2594 488 cum
2643 451 2753 504 qua
2803 451 2903 505 per
2944 437 3176 506 gratiam
3234 440 3552 508 impetrabi‘

1960 523 2096 577 illud
2139 533 2197 578 ut
2242 526 2614 581 essentialiter
2655 543 2765 582 non
2812 527 3071 584 intereat.
3107 529 3214 584 Sed
3259 531 3304 585 si
3348 533 3548 602 placet,

1953 629 2151 670 eorum
2182 633 2305 686 quae
2339 617 2749 688 disputavimus
2783 621 3114 696 brevifacta
3148 638 3552 679 commemora-

1956 709 2107 762 tione
2132 709 2313 776 capita
2341 710 2674 765 recolamus.
2692 710 2972 766 Habemus
2999 713 3346 782 corporalem
3369 715 3549 769 nostri

1957 799 2264 855 Salvatoris
2324 803 2742 872 generationem
2801 804 3140 874 cogitatione
3201 805 3432 860 divisam
3489 807 3549 860 in

1956 887 2322 958 principalem
2359 899 2571 947 natura:
2604 893 2878 948 rationem
2912 903 2970 948 et
3001 894 3059 948 in
3089 910 3212 949 eam
3246 910 3370 964 qua:
3399 911 3550 950 nunc

1962 995 2158 1036 rursus
2183 997 2354 1051 penes
2382 999 2485 1038 nos
2514 984 2759 1049 exsistit,
2786 985 2844 1038 in
2873 1001 3038 1055 quam
3067 995 3152 1040 est
3183 995 3466 1052 mortuus,
3490 997 3549 1042 et

1958 1086 2156 1126 rursus
2179 1073 2417 1128 divisam
2444 1074 2500 1129 in
2527 1078 2836 1131 naturalem
2866 1077 3244 1146 generationis
3273 1077 3546 1132 rationem

1958 1171 2015 1216 et
2041 1161 2095 1216 in
2123 1165 2500 1234 generationis
2528 1167 2775 1232 modum,
2803 1177 3069 1238 praeterea
3091 1168 3259 1222 etiam
3285 1168 3343 1221 in
3365 1168 3549 1223 diver-

1955 1268 2048 1308 sos
2075 1255 2268 1310 modos
2297 1257 2612 1313 essentialis
2639 1260 2872 1330 originis
2905 1259 3111 1314 mentis
3141 1267 3310 1328 atque
3343 1273 3546 1329 corpo-

1956 1344 2067 1410 ris,
2101 1353 2157 1400 et
2197 1347 2253 1400 in
2301 1349 2722 1418 conceptionem
2769 1351 3012 1420 denique
3053 1351 3173 1404 sine
3222 1340 3437 1406 satione
3487 1357 3548 1406 et

1956 1437 2370 1507 generationem
2399 1439 2518 1494 sine
2549 1440 2802 1496 interitu.
2829 1441 3004 1495 Penes
3030 1456 3129 1496 vos
3157 1449 3241 1495 est
3268 1441 3458 1511 igitur,
3483 1453 3546 1497 ut

1957 1541 2129 1595 penes
2159 1544 2350 1598 atquos
2380 1530 2628 1599 judiees,
2660 1533 3032 1601 expositarum
3066 1532 3392 1602 opinionum
3422 1547 3548 1605 qua}

1959 1619 2159 1672 melior
2185 1621 2257 1674 sit
2285 1631 2468 1675 vestra
2495 1637 2727 1676 censura
2755 1606 3012 1692 probare.
3107 1651 3112 1656 -

1957 1887 2210 1960 Ejusdem
2241 1909 2305 1947 ea:
2336 1893 2514 1948 eodem
2546 1909 2804 1958 sermone,
2832 1893 2886 1947 in
2920 1893 3056 1948 illud
3089 1911 3108 1948 :
3147 1913 3168 1946 ί
3203 1893 3341 1960 Quid
3373 1896 3542 1950 medi-

2029 1993 2271 2038 camenta
2317 1986 2538 2053 quaeris,
2576 1985 2710 2040 nihil
2757 1985 3079 2055 profutura?
3123 1987 3251 2057 quid
3299 1986 3542 2042 criticum

2027 2073 2293 2140 sudorem,
2321 2092 2439 2129 cum
2467 2076 2689 2146 fortasse
2719 2075 2892 2130 letalis
2918 2076 3098 2130 adsit?
3134 2095 3152 2128 ι

2031 2245 2172 2312 Hoc,
2215 2256 2275 2301 ut
2319 2247 2458 2302 dixit
2502 2248 2702 2302 beatus
2751 2249 2846 2302 ille
2887 2264 3089 2314 senex,
3127 2248 3397 2306 adversus
3441 2265 3542 2309 eos

1959 2339 2146 2408 posuit
2181 2339 2390 2392 dictum
2426 2341 2685 2408 magister
2722 2341 2816 2409 qui
2853 2341 3186 2410 baptismum
3225 2341 3539 2408 differrent,

1959 2439 2014 2485 et
2040 2447 2134 2499 spe
2161 2432 2283 2485 vitae
2311 2432 2609 2500 voluptatis
2643 2432 2934 2487 lenociniis
2965 2449 3023 2487 se
3056 2433 3324 2488 dedentes
3354 2434 3540 2502 bapti-

1927 2539 1930 2542 '
1959 2535 2136 2574 smum
2167 2518 2476 2585 dili‘er‘rent,
2503 2532 2559 2576 et
2588 2540 2600 2576 :
2637 2543 2654 2573 ι
2684 2523 2826 2589 Quid
2855 2539 2994 2593 opus
3022 2532 3128 2588 est,
3153 2524 3356 2594 inquit,
3379 2533 3439 2581 ut
3466 2529 3533 2582 de

1959 2614 2107 2666 exitu
2148 2622 2241 2666 tuo
2280 2615 2348 2666 ab
2387 2614 2496 2668 aiio
2539 2614 2744 2668 certior
2783 2616 2910 2681 ﬁas,
2951 2634 2970 2666 ι
3011 2615 3066 2670 id
3101 2623 3185 2669 est
3217 2615 3288 2670 de
3332 2635 3350 2666 ι
3387 2615 3538 2673 exitu

1959 2705 2118 2768 vitae,
2151 2721 2214 2758 ac
2245 2721 2353 2758 non
2391 2705 2507 2774 ipse
2541 2707 2726 2775 potius
2757 2705 2826 2760 de
2857 2721 2926 2760 eo
2956 2713 3212 2776 tanquam
3245 2707 3359 2778 jam
3396 2721 3542 2778 prm—

1959 2801 2116 2848 sente
2140 2794 2382 2864 cngitas?
2405 2793 2548 2859 Quid
2574 2795 2977 2849 medicamenta
3001 2787 3224 2864 quaeris,
3247 2794 3388 2850 nihil
3414 2811 3540 2866 pro—

1959 2879 2178 2934 futura?
2211 2880 2351 2947 Quid
2387 2882 2642 2935 criticum
2675 2881 2955 2946 sudorem,
2982 2898 3106 2937 cum
3141 2883 3375 2938 fortasse
3407 2883 3542 2938 lett-

1959 2971 2028 3026 lis
2057 2972 2232 3027 adsit?
2267 2993 2284 3024 ι
2320 2973 2458 3028 Cum
2484 2975 2632 3028 enim
2663 2982 2901 3044 quatuor
2924 2974 3045 3029 dies
3069 2975 3414 3030 medicorum
3439 2975 3540 3030 ﬁlii

1945 3064 2019 3142 -in
2054 3065 2501 3122 febricitantibus
2527 3067 2750 3123 criticos
2781 3082 2903 3124 esse
2939 3067 3156 3132 dicant,
3194 3077 3447 3138 quartam
3483 3077 3542 3124 et

1959 3157 2248 3225 septimam
2285 3166 2342 3212 et
2372 3173 2574 3212 nonam
2611 3167 2666 3213 et
2699 3159 3080 3224 undecimam,
3119 3159 3352 3215 fortasse
3390 3159 3542 3214 deci-

1959 3259 2106 3298 mam
2150 3247 2366 3300 tertiam
2411 3262 2632 3316 quoque
2678 3249 2758 3318 (in
2803 3247 2890 3302 his
2925 3249 3074 3302 enim
3118 3249 3187 3314 si,
3225 3260 3288 3304 ut
3323 3249 3538 3314 dicunt,

1959 3349 2160 3404 corpus
2183 3335 2387 3390 sudore
2410 3336 2776 3391 madefactum
2806 3339 3110 3408 reperiunt,
3135 3339 3545 3397 convaliturum

1959 3441 2081 3480 esse
2119 3434 2382 3496 aegrotum
2424 3427 2798 3499 conjectant),
2832 3445 2902 3484 ne
2947 3430 3114 3500 igitur
3154 3431 3304 3486 hunc
3341 3447 3538 3502 exspe-

1959 3522 2114 3567 ctans
2147 3514 2406 3569 sudorem
2422 3507 2693 3571 'inﬁrmus
2732 3518 2877 3572 malo
2913 3520 3146 3574 consilio
3185 3537 3318 3576 usus
3356 3505 3537 3592 bapti-

1960 3618 2076 3657 sma
2119 3604 2368 3668 diﬁ‘erat,
2401 3621 2672 3660 annorum
2716 3606 2973 3675 opinatus
3017 3607 3221 3664 habere
3259 3624 3538 3666 commea-

1961 3703 2107 3760 tum,
2141 3695 2420 3766 sapicnter
2446 3696 2642 3750 doctor
2667 3699 2955 3767 aegrotanti
2987 3701 3280 3754 consilium
3311 3701 3424 3764 dat,
3463 3717 3538 3757 ne

1960 3785 2092 3841 huic
2125 3787 2313 3842 sudori
2345 3787 2587 3842 conﬁdat
2617 3797 2674 3844 et
2705 3775 2908 3844 frustra
2940 3790 3229 3858 innitatur,
3257 3806 3383 3847 cum
3415 3792 3536 3848 ﬁeri

1958 3879 2134 3948 possit
2182 3886 2242 3932 ut
2271 3878 2466 3934 mortis
2491 3878 2661 3934 sudor
2683 3879 2804 3949 ejus
2830 3880 2953 3935 loco
2980 3883 3219 3945 eveniat,
3247 3883 3537 3953 praesentis

1958 3971 2084 4025 vitae
2109 3970 2273 4025 ﬁnem
2303 3971 2738 4040 praedicaturus;
2769 3987 2860 4035 ne,
2885 3981 2947 4026 ut
2972 3971 3244 4037 dicebam,
3271 3973 3444 4028 falsus
3467 3989 3536 4028 eo

1958 4073 2228 4132 aagrotans
2270 4062 2472 4118 sudore
2514 4078 2546 4117 a
2587 4073 2739 4118 certa
2780 4071 2837 4118 et
2873 4062 3066 4116 divina
3107 4073 3164 4117 et
3198 4063 3532 4133 sempiterna

1940 4155 2072 4210 'vita
2121 4154 2504 4225 imprudenter
2547 4155 2891 4211 abalienatus
2938 4155 3234 4208 humanam
3281 4169 3346 4210 ac
3395 4156 3533 4210 sorti

1959 4244 2251 4300 obnoxiam
2274 4253 2331 4301 et
2349 4261 2578 4315 prorsus
2595 4245 2947 4300 interituram
2980 4259 3178 4298 curans
3199 4243 3532 4309 inveniatur,

1960 4337 2320 4406 impotentem
2355 4336 2684 4392 naturaliter
2711 4352 2775 4390 ac
2791 4349 3008 4404 semper
3036 4350 3136 4404 per
3162 4333 3448 4388 interitum
3477 4343 3536 4389 et

1960 4430 2399 4486 immutationem
2423 4429 2707 4497 ﬂuentem,
2729 4439 2786 4484 et
2808 4419 3044 4484 celerius
3066 4444 3259 4484 eorum
3288 4429 3384 4498 qui
3411 4444 3534 4482 eam

279 4519 366 4570 διὰ
395 4483 596 4586 φθοράς
630 4483 721 4568 καὶ
755 4483 1098 4574 ἀλλοιώσεως
1125 4483 1502 4582 ῥέουσανῖκαὶ
1537 4509 1854 4577 Odi-crowd;

1959 4530 2148 4576 tenere
2176 4522 2282 4576 sibi
2307 4521 2569 4576 videntur
2594 4536 2790 4576 manus
2819 4519 3174 4591 eﬁugientem
3205 4534 3370 4590 quam
3395 4534 3534 4574 vana

275 4610 384 4662 τῶν
418 4608 560 4678 ἔχειν
611 4607 940 4678 νομιζόντων
968 4607 1158 4676 χεῖρας
1205 4601 1390 4674 (240
1439 4602 1494 4673 a)
1531 4601 1856 4672 διαφεύγου-

278 4717 376 4754 σαν
410 4701 442 4772 ἢ
466 4701 596 4772 δναρ
623 4698 997 4753 ἀνυπόστατον
1018 4695 1308 4767 βλέποντα.

289 4887 384 4939 Ἐκ
413 4883 518 4937 τοῦ
541 4881 725 4936 αὐτοῦ
753 4880 962 4949 λόγου,
993 4881 1080 4943 εις
1107 4877 1196 4938 τὸ,
1231 4897 1250 4927 ι
1294 4880 1377 4932 Ob
1407 4877 1517 4946 γὰρ
1555 4865 1853 4946 “admixti:-

347 4973 600 5042 Χριστὸς
651 4971 817 5040 φιλεῖ
847 4970 1272 5038 κλεπτόμενος,
1306 4970 1405 5023 καὶ
1449 4971 1503 5021 εὶ
1543 4970 1686 5024 λίαν
1719 4970 1852 5024 ἐστὶ

346 5063 783 5134 φιλάνθρωπος.
820 5060 929 5131 (40)
961 5077 982 5112 ι

347 5157 412 5211 'l‘i.
462 5150 687 5226 δῆποτε,
722 5152 886 5229 φασιν
935 5149 1170 5204 ἐνταῦθα
1215 5151 1309 5204 τοῦ
1365 5149 1526 5218 λόγου
1572 5151 1851 5222 γενόμενοί

273 5265 440 5312 τινες,
475 5247 668 5301 είλίαν
716 5245 836 5296 ἐστὶ
883 5241 1270 5312 φιλάνθρωπος
1309 5245 1338 5297 ὁ
1369 5243 1520 5307 Θεὸς,
1574 5245 1668 5296 καὶ
1703 5245 1854 5314 πηγὴ

277 5337 690 5410 φιλανθρωπίας
731 5333 1106 5398 ἀνέκλειπτος,
1153 5333 1295 5386 ὥστε
1345 5333 1472 5404 μηδ’
1519 5333 1696 5386 ὁτιοῦν
1751 5334 1856 5387 ὑπὸ

274 5431 383 5486 τῶν
414 5427 733 5500 ἀρυομένων
767 5423 1146 5488 ἐλαττοῦσθαι,
1175 5424 1250 5494 μὴ
1282 5424 1430 5494 φιλεῖ
1452 5423 1852 5496 κλεπτόμενος;

275 5517 433 5572 Οὕτω
457 5519 568 5588 γὰρ
607 5515 674 5570 ἂν
709 5513 910 5586 μᾶλλον
957 5513 1019 5566 τὸ
1056 5513 1440 5586 φιλάνθρωπον
1485 5515 1850 5583 ἐπεδείκνυτο,

347 5639 461 5711 (59)
487 5637 648 5708 Greg.
672 5635 804 5711 Nam
832 5635 926 5690 0r.
949 5635 1583 5711 insangumliaptisma.
1611 5653 1732 5708 cap.
1759 5637 1851 5704 12,

277 5730 335 5784 p.
358 5705 491 5777 ⁷699,
526 5705 659 5765 tom.
695 5707 736 5760 Ι.
767 5706 930 5781 Opp.,
961 5705 1098 5762 edit.
1141 5705 1347 5761 Bened.

1957 4615 2327 4669 somniantem
2357 4613 2538 4668 noctis
2565 4613 2762 4684 imago.

1956 4880 2042 4935 Ex
2071 4881 2250 4934 eodem
2277 4897 2517 4935 sermone
2561 4883 2614 4934 in
2647 4879 2782 4934 illud
2805 4897 2823 4934 :
2855 4899 2872 4931 ι
2911 4879 3028 4934 Νοη
3055 4880 3195 4933 enim
3217 4893 3355 4948 swpe
3381 4876 3534 4934 Chri-

2025 4979 2140 5026 stus
2171 4972 2267 5026 sibi
2301 4971 2502 5042 aliquid
2534 4970 2734 5042 subripi
2769 4979 2945 5036 amat,
2975 4963 3184 5024 tametsi
3216 4970 3349 5022 mire
3380 4969 3528 5023 beni-

2025 5079 2158 5134 gnus
2187 5071 2235 5116 et
2266 5061 2452 5133 facilis.
2490 5081 2508 5112 ι

2025 5149 2167 5218 Qtﬁd
2198 5151 2442 5219 tandem,
2467 5151 2623 5207 aiunt
2643 5151 2889 5222 quidam,
2915 5167 3040 5206 cum
3069 5151 3123 5205 in
3149 5151 3296 5206 hunc
3325 5150 3531 5205 oratio-

1952 5243 2038 5299 nis
2064 5244 2247 5300 loeum
2269 5253 2665 5314 pervenerunt,
2693 5245 2740 5300 si
2763 5243 2923 5300 valde
2949 5243 3222 5313 benignus
3249 5253 3334 5297 est
3359 5243 3526 5306 Deus,

1950 5343 2008 5390 et
2041 5334 2398 5406 benignitatis
2429 5334 2552 5390 fons
2584 5335 2878 5404 perennis,
2909 5336 3047 5389 adeo
3080 5343 3140 5388 ut
3173 5336 3326 5389 nullo
3362 5335 3528 5389 modo

1950 5425 2126 5496 possit
2148 5425 2458 5492 exhauriri,
2488 5425 2593 5481 sibi
2623 5426 2833 5496 aliquid
2860 5427 3074 5496 subripi
3105 5442 3212 5479 non
3243 5427 3422 5480 amat?
3449 5427 3528 5480 lta

1949 5517 2100 5572 enim
2127 5518 2301 5588 magis
2326 5519 2571 5574 elueeret
2595 5518 2928 5590 benignitas,
2959 5533 3072 5572 non
3101 5517 3367 5572 exhausta
3399 5517 3528 5573 inde

1951 5638 2142 5762 ne(4(5)
2184 5637 2332 5694 Idem
2355 5639 2506 5704 ibid.,
2529 5653 2650 5708 cap.
2687 5638 2774 5703 55,
2811 5653 2866 5708 p.
2903 5637 3028 5702 717,
3052 5645 3184 5692 tom.
3211 5635 3233 5690 ι
3263 5633 3400 5704 Opp.
3433 5633 3527 5690 ed.

2028 5724 2095 5762 ne
2143 5749 2154 5760 .
2437 5731 2452 5744 -

2028 5724 2154 5763 neu.
2437 5731 2452 5744 '
