4038 6146
309 286 444 354 1353

1544 285 1650 350 ΑΜ
1661 289 2063 352 BIGUORUM
2102 291 2353 354 LIBER.

3421 283 3558 356 1354

309 397 522 470 προτοῦ
587 387 1036 470 παραπτώματος
1094 397 1343 468 κράσεως
1404 396 1497 450 τοῦ
1543 401 1884 470 ἀνθρωπίνου

1998 419 2084 459 cor
2136 405 2302 476 igitur
2355 400 2504 474 quod
2554 404 2972 476 temperamenti
3019 403 3268 476 corporis
3319 404 3546 459 humani

309 491 562 560 σώματος
607 491 666 542 ὲν
720 489 796 560 τῷ
846 489 1150 560 προπάτορι
1219 489 1390 558 Ἀδὰμ
1452 489 1586 560 πρὸς
1634 491 1732 561 τὴν
1789 491 1884 544 νῦν

308 581 690 652 θεωρουμένην
747 585 805 635 ὲν
857 583 992 651 ἡμῖν
1037 582 1131 634 καὶ
1187 581 1496 650 κρατοῦσαν
1552 582 1886 649 ἐνδείξασθαι

307 673 634 746 βουλόμενος
687 671 864 726 ταῦτά
919 688 1084 741 φησιν
1143 671 1172 724 ὁ
1219 671 1539 736 διδάσκαλος
1571 713 1586 739 ,
1641 673 1716 736 ὡς
1765 676 1887 728 τότε

304 764 506 836 δηλαδὴ
566 764 662 818 τοῦ
727 762 1012 834 ἀνθρώπου
1073 763 1344 827 ἐναντίαις
1409 766 1508 817 καὶ
1560 763 1889 835 φθαρτικατς

306 850 553 920 ἀλλήλων
573 850 719 905 κατά
744 851 842 922 τὴν
867 853 1064 920 κρᾶσιν
1090 851 1182 904 τοῦ
1210 851 1461 922 σώματος
1493 853 1568 924 μὴ
1606 853 1889 926 διελκομέ-

309 959 400 996 νου
431 943 716 1014 ποιότησιν
740 985 755 1008 ,
793 943 910 997 ἀλλ’
945 943 1206 1006 ὡσαύτως
1233 944 1448 1014 ἔχοντος
1474 945 1597 1014 δίχα
1632 947 1761 1017 ῥοῆς
1796 948 1890 1000 καὶ

309 1037 606 1108 ἀπορροῆς,
657 1037 752 1090 καὶ
795 1035 896 1106 τῆς
944 1037 1030 1105 ἐφ’
1068 1035 1305 1106 ἑκάτερα
1363 1036 1567 1090 τούτων
1615 1039 1754 1091 κατά
1791 1039 1888 1108 τὴν

309 1131 416 1185 τῶν
468 1130 768 1200 ποιοτήτων
820 1129 1178 1199 ἐπικράτειαν
1240 1127 1499 1197 συνεχοῦς
1549 1127 1890 1190 ἀλλοιώσεως

309 1220 593 1291 ἐλευθέρου
639 1219 1001 1290 τυγχάνοντος
1027 1261 1042 1285 ,
1106 1214 1196 1272 οἷα
1253 1220 1318 1290 δὴ
1383 1220 1484 1290 τῆς
1537 1219 1680 1274 κατὰ
1729 1219 1890 1290 χάριν

310 1312 487 1385 (241
523 1312 600 1382 ιι.)
634 1311 935 1376 ἀθανασίας
961 1313 1063 1364 οὑκ
1110 1309 1489 1381 ἀμοιροῦντος,
1540 1309 1635 1364 καὶ
1665 1310 1762 1380 τὴν
1793 1309 1889 1364 νῦν

312 1403 685 1474 μαστιγοῦσαν
708 1404 870 1458 αὑτὸν
897 1405 1008 1466 τοῖς
1029 1403 1230 1470 ἑαυτῆς
1259 1404 1508 1473 κέντροις
1553 1400 1759 1473 φθοράν
1788 1402 1890 1454 οὑκ

311 1493 550 1563 ἔχοντος,
589 1493 703 1546 ἀλλ’
727 1494 920 1562 ἑτέραν
945 1493 1188 1562 δηλονότι
1223 1492 1541 1562 πρέπουσαν
1577 1492 1724 1563 αὑτῴ
1752 1495 1890 1564 κρᾶ-

311 1601 396 1638 σιν
447 1585 543 1637 τοῦ
598 1583 872 1654 σώματος,
928 1583 1162 1652 ἀμάχοις
1220 1582 1317 1636 καὶ
1382 1583 1582 1646 ἀπλαῖς
1642 1585 1892 1654 ποιότησι

299 1673 699 1746 συνεχομένην.
749 1673 896 1758 me;
912 1672 979 1742 ἢν
1024 1673 1230 1742 γυμνὸς
1269 1667 1336 1743 ἦν
1371 1674 1399 1725 ό
1434 1673 1651 1744 πρῶτος
1677 1673 1890 1746 ἀνθρω-

313 1782 434 1830 πος,
481 1766 580 1835 οὑχ
629 1764 705 1828 ὡς
747 1754 987 1833 ἄσαρκος
1031 1761 1126 1816 καὶ
1161 1761 1476 1832 ἀσώματος,
1516 1761 1630 1816 ἀλλ’
1681 1764 1757 1828 ὡς
1793 1765 1893 1836 τὴν
1925 1754 1967 1810 Β

313 1856 625 1926 παχυτέραν
674 1854 777 1924 τὴν
841 1852 1022 1922 σάρκα
1079 1849 1342 1906 ποιοῦσαν
1389 1852 1483 1904 καὶ
1541 1851 1742 1924 θνητὴν
1795 1855 1891 1909 καὶ

312 1950 602 2005 ἀντίτυπον
636 1947 836 2018 κρᾶσιν
873 1944 1155 2014 οὑκέχων.
1193 1944 1349 1996 Κατὰ
1369 1942 1559 1997 τοῦτον
1585 1945 1677 1999 τὸν
1719 1945 1892 2016 μέγαν

313 2039 634 2094 διδάσκαλον
681 2040 923 2108 ἀτέχνως
973 2052 1032 2088 τε
1087 2033 1184 2104 ἔζη
1232 2035 1308 2105 μὴ
1358 2033 1748 2105 διαπνεόμενος
1793 2035 1892 2106 τὴν

314 2131 462 2196 ἅπαξ
493 2128 765 2192 οὑσιωδώς
797 2129 1042 2182 δοθεῖσαν
1079 2124 1228 2195 αὑτῷ
1263 2127 1500 2196 φυσικὴν
1536 2124 1774 2190 εὐεξίαν,
1798 2125 1892 2178 καὶ

315 2222 607 2294 περιϐολῆς
643 2221 889 2291 ὑπῆρχεν
921 2216 1247 2290 ἀπροσδεὴς,
1287 2217 1378 2271 διά
1421 2233 1482 2269 τε
1523 2217 1623 2286 τὴν
1667 2214 1894 2270 ἐνοῦσαν

315 2311 584 2364 ἀπάθειαν
645 2309 910 2379 αίσχύνην
969 2306 1045 2378 μὴ
1103 2303 1454 2376 ὑφορώμενος
1521 2305 1618 2359 καὶ
1682 2303 1746 2359 τὸ
1820 2303 1898 2376 μὴ

315 2403 549 2474 κρυμοῖς
613 2402 710 2456 καὶ
777 2400 1038 2454 θάλπεσιν
1098 2397 1262 2452 αὑτὸν
1327 2397 1670 2462 ὑποκεῖσθαι,
1731 2396 1798 2451 δι’
1860 2396 1900 2452 ἃ.

317 2491 554 2564 μάλιστα
602 2490 704 2562 τῆς
756 2506 815 2544 τε
875 2489 984 2543 τῶν
1033 2489 1200 2543 οίκων
1257 2489 1352 2542 καὶ
1415 2487 1523 2542 τῶν
1572 2486 1899 2559 ἐσθημάτων

317 2585 611 2658 περιϐολῆς
639 2586 668 2639 δ
699 2584 900 2658 τρόπος
924 2585 1038 2650 τοῖς
1070 2581 1379 2656 ἀνθρώποις
1413 2584 1777 2655 ἐπινενόηται.

694 2864 890 2932 Ἄλλη
917 2860 1050 2930 περὶ
1078 2856 1266 2915 αὑτοῦ
1297 2859 1528 2929 θεωρία.

393 2977 464 3030 Ἦ
516 2976 726 3048 μήποτε
763 2976 854 3030 καλ¹
887 2977 953 3029 ὲκ
998 2975 1110 3028 τῶν
1139 2972 1236 3028 νῦν
1285 2974 1416 3043 περὶ
1465 2974 1560 3029 τὸν
1607 2969 1896 3047 ἄνθρωπον

1908 2796 1982 2814 ρο

1986 494 2118 548 Adae
2151 495 2468 564 propatoris
2512 496 2673 566 quale
2712 496 2882 551 fuerit
2911 506 3036 551 ante
3067 496 3559 569 transgressionem

1987 585 2360 641 differentiam
2407 586 2477 641 ab
2507 604 2574 642 eo
2607 588 2755 658 quod
2808 590 2864 642 in
2887 587 3050 643 nobis
3079 587 3242 644 ho'die
3281 589 3562 658 spectatur

1987 687 2044 732 et
2089 677 2306 732 obtinet
2347 678 2660 748 signiﬁcare
2691 679 2882 734 volens
2935 678 3195 750 magister
3235 678 3353 733 haec
3402 677 3558 740 dicit,

1987 784 2112 824 cum
2135 770 2229 824 illo
2265 769 2521 824 videlicet
2543 780 2788 840 tempore
2839 771 3007 824 homo
3035 769 3398 839 qualitatibus
3420 784 3558 823 eon-

1989 860 2175 914 trariis
2197 868 2252 914 et
2275 860 2380 915 sibi
2405 861 2642 916 invicem
2671 860 2992 916 exitialibus
3016 860 3320 916 secundum
3351 869 3564 929 tempe-

1989 961 2297 1006 ramentum
2341 953 2593 1024 corporis
2623 968 2735 1008 non
2761 952 3190 1018 distraheretur,
3219 951 3315 1006 sed
3342 951 3566 1020 quietus

1988 1052 2259 1108 maneret,
2294 1043 2364 1098 ab
2384 1044 2533 1098 omni
2568 1043 2720 1098 ﬂuxu
2747 1044 3050 1098 et'detiuxu
3095 1046 3361 1108 intaCtus,
3397 1051 3453 1097 et
3492 1041 3566 1096 ab

1990 1143 2254 1204 perpetua
2285 1151 2342 1188 ιιι
2377 1136 2526 1190 hunc
2569 1135 2794 1190 illumve
2845 1147 2946 1205 pro
2977 1134 3292 1206 principatu
3325 1134 3565 1205 qualita-

1993 1233 2107 1280 tum
2136 1226 2518 1282 immutatione
2539 1226 2705 1292 liber,
2733 1237 2922 1298 utpote
2949 1228 3044 1298 qui
3095 1227 3400 1297 setun‘dum
3434 1243 3562 1299 gra-

1991 1314 2123 1369 tiam
2165 1331 2270 1370 nec
2315 1317 2750 1372 immortalitatis
2800 1326 2946 1374 esset
3013 1333 3236 1388 expers,
3295 1334 3402 1374 nec
3459 1319 3560 1372 ha-

1989 1404 2149 1460 beret
2175 1404 2462 1460 interitum
2493 1405 2590 1476 qui
2639 1420 2790 1461 nunc
2833 1421 2962 1460 eum
3012 1406 3259 1460 stimttiis'
3299 1406 3564 1476 exagitat,

1991 1512 2184 1552 verum
2212 1495 2363 1552 aliud
2406 1496 2668 1552 nimirum
2705 1497 2966 1553 idoneum
3011 1499 3118 1568 ipsi
3149 1497 3402 1568 corporis
3427 1506 3568 1550 tem-

1993 1597 2394 1656 peramentum,
2443 1588 2812 1644 concordibus
2859 1588 3314 1660 simplicibusque
3335 1587 3570 1658 quaiita-i

1997 1679 2148 1734 tibus
2194 1679 2584 1734 constrictum.
2650 1678 2970 1735 Secundum
3017 1679 3166 1750 quod
3214 1677 3397 1734 nudus
3451 1683 3570 1733 erat

1995 1771 2210 1843 primus
2227 1771 2414 1836 homo,
2441 1787 2554 1826 non
2569 1771 2726 1841 quasi
2749 1773 2870 1826 sine
2908 1786 3075 1827 carne
3099 1787 3165 1826 ac
3191 1782 3447 1841 corpore,
3471 1769 3570 1824 sed

1997 1871 2060 1918 ut
2093 1863 2338 1918 crassius
2358 1863 2504 1934 quod
2569 1879 2793 1920 carnem
2847 1863 3034 1930 efﬁcit,
3061 1865 3350 1919 mortaier'n
3377 1873 3435 1918 et
3470 1861 3574 1916 dus

1997 1969 2138 2019 ram,
2169 1961 2672 2024 temperamentum
2705 1969 2816 2010 non
2845 1954 3082 2010 habens:
3117 1953 3436 2010 Secundum
3463 1969 3573 2007 ma-

1997 2059 2168 2116 gnum
2219 2045 2370 2102 hunc
2409 2045 2695 2102 doctorem
2735 2055 2890 2103 certe
2930 2046 3153 2102 vivebat
3203 2047 3278 2102 ita
3323 2055 3384 2101 ut
3426 2047 3573 2100 bona

1999 2137 2250 2207 corporis
2275 2138 2394 2210 ejus
2425 2138 2694 2195 habitudo
2716 2139 3008 2203 naturalis,-
3041 2155 3149 2210 qua
3173 2136 3343 2196 semel
3385 2142 3574 2193 es‘sen-

2002 2229 2208 2284 tialiter
2259 2237 2408 2286 esset
2461 2229 2792 2302 impertitus,
2821 2245 2934 2286 non
2967 2220 3354 2296 evanesceret,
3401 2237 3576 2300 utque

1999 2318 2119 2388 ipse
2156 2318 2534 2390 integumento
2561 2329 2674 2374 non
2695 2323 2903 2392 egeret,
2937 2335 3064 2376 cum
3086 2318 3256 2374 nullis
3293 2315 3577 2388 passio'ni-I

1994 2408 2103 2465 bus
2127 2409 2404 2477 obnoxius
2431 2410 2700 2482 pudorem
2731 2409 2883 2466 haud
2935 2417 3234 2476 metueret,
3258 2405 3439 2478 neque
3469 2405 3576 2462 fri-’

1995 2498 2225 2571 goribus
2271 2509 2331 2556 et
2381 2500 2628 2556 aestubus
2678 2500 2962 2572 subjectus
3020 2507 3185 2563 esset,
3232 2499 3475 2568 quorum
3515 2495 3578 2551 ιιι

1998 2588 2196 2660 primis
2238 2605 2405 2646 causa
2433 2588 2700 2644 domuum
2741 2595 2801 2644 et
2835 2587 3298 2643 vestimentorum
3349 2585 3576 2655 integu-7

1997 2681 2172 2738 menti
2193 2681 2538 2739 consuetudo
2563 2680 2632 2736 ab
2655 2679 2977 2737 hominibus
3014 2677 3328 2752 excogitata
3359 2679 3471 2734 est;
3513 2745 3516 2748 ,

2259 2859 2446 2916 Altera
2479 2858 2543 2914 de
2567 2858 2747 2913 eodem
2775 2857 2886 2912 loco
2933 2833 3326 2924 contemplatio.

2075 2969 2177 3028 Vel
2209 2971 2446 3026 fortasse
2483 2969 2654 3025 etiam
2673 2980 2742 3024 es
2771 2966 2854 3023 eis
2891 2981 3014 3036 quae
3053 2961 3219 3020 hodie
3249 2963 3307 3018 in
3353 2963 3582 3018 nomine

318 3070 709 3143 θεωρουμένων
732 3069 802 3122 τὰ
836 3066 958 3122 τότε
1005 3067 1132 3136 περὶ
1166 3064 1328 3119 αὑτὸν
1357 3064 1486 3118 ὅντα
1515 3067 1582 3136 τῇ
1619 3067 1899 3138 περιαιρέ-

2008 3059 2860 3134 spectanturcomprehensione
2877 3063 3080 3112 eorum
3111 3065 3234 3124 quae
3258 3065 3410 3110 nunc
3433 3053 3489 3108 in
3509 3049 3585 3108 eo

321 3176 404 3214 σει
444 3159 554 3214 τῶν
607 3159 703 3213 νῦν
759 3157 888 3228 περὶ
941 3155 1106 3210 αὑτὸν
1159 3154 1330 3222 ὄντων
1382 3155 1810 3226 παραδείκνυσιν
1867 3160 1898 3220 ό

317 3251 650 3314 διδάσκαλος.
695 3251 944 3304 Κινεῖται
985 3249 1095 3320 γὰρ
1137 3247 1234 3300 νῦν
1275 3248 1304 3300 ὁ
1343 3246 1653 3317 ἄνθρωπος,
1705 3248 1900 3320 ἢπερὶ

320 3342 624 3411 φαντασίας
652 3342 883 3410 ἀλόγους
910 3337 1097 3392 παθών
1127 3337 1184 3403 ἐξ
1212 3336 1427 3406 ἀπάτης
1451 3337 1540 3392 διά
1567 3339 1898 3410 φιληδονίαν,

321 3435 354 3506 ἢ
383 3436 512 3506 περὶ
537 3434 729 3502 λόγους
756 3434 961 3504 τεχνῶν
979 3436 1043 3486 ἐκ
1061 3433 1434 3502 περιστάσεως
1457 3431 1546 3486 διὰ
1566 3433 1664 3499 τὴν
1686 3432 1900 3503 χρείαν,

319 3525 354 3597 ἢ
395 3526 522 3597 περὶ
575 3526 840 3594 φυσικοὺς
872 3525 1065 3593 λόγους
1108 3523 1170 3577 ὲκ
1213 3523 1306 3576 τοῦ
1350 3520 1516 3594 νόμου
1545 3525 1646 3593 τῆς
1685 3521 1902 3590 φύσεως

319 3617 408 3672 διὰ
441 3617 698 3689 μάθησιν,
737 3608 990 3670 ὧινοὺδὲν
1016 3617 1137 3670 κατ’
1176 3615 1352 3686 ἀρχὴν
1391 3614 1618 3677 εἰκότως
1647 3615 1704 3680 ἐξ
1736 3613 1904 3682 ἀνάγ-

327 3729 424 3780 κης
453 3706 604 3764 εἷλκε
646 3711 736 3764 τὸν
765 3710 1072 3782 ἄνθρωπον,
1125 3709 1382 3779 ὑπεράνω
1420 3706 1636 3760 πάντων
1679 3705 1906 3777 γενόμε-

323 3798 432 3858 νόν.
465 3800 620 3856 Οὑτω
648 3803 758 3874 γὰρ
784 3801 1022 3873 ἔπρεπεν
1061 3795 1199 3852 εἷναι
1237 3799 1328 3853 τὸν
1358 3797 1454 3852 ἀπ’
1484 3797 1679 3867 ἀρχῆς,
1714 3796 1904 3867 μηδενὶ

323 3895 384 3949 τὸ
442 3891 660 3946 σύνολον
711 3889 1130 3962 περισπώμενον
1171 3887 1278 3941 τῶν
1319 3887 1413 3941 ὑπ’
1459 3887 1644 3950 αὑτὸν,
1693 3885 1726 3952 ἢ
1773 3887 1906 3958 περὶ

324 3981 508 4046 αὑτὸν,
547 3979 581 4050 ἢ
617 3982 739 4034 κατ’
774 3979 958 4040 αὑτὸν,
991 3977 1088 4031 καὶ
1141 3975 1276 4046 πρὸς
1308 3975 1589 4028 τελείωσιν
1649 3973 1768 4037 evo;
1811 3973 1908 4044 μό-

324 4089 418 4125 νου
443 4071 858 4143 προσδεόμενον,
897 4069 1000 4139 τῆς
1054 4067 1193 4138 πρὸς
1225 4068 1315 4121 τὸν
1344 4066 1488 4138 ὑπὲρ
1521 4065 1704 4131 αὑτὸν,
1761 4067 1906 4136 φημὶ

321 4161 382 4214 δὲ
429 4158 522 4214 τὸν
565 4161 716 4226 Θεὸν,
769 4159 892 4214 καθ’
944 4158 1070 4228 ὅλην
1117 4157 1217 4228 τὴν
1274 4154 1621 4226 ἀγαπητικὴν
1675 4153 1905 4235 δύναμιν

325 4257 554 4328 ἀσχέτου
585 4255 878 4326 κινήσεως.
933 4251 1177 4322 ’Δπαθὴς
1224 4250 1332 4321 γὰρ
1359 4249 1542 4328 χάριτι
1581 4245 1657 4300 ὢν
1687 4247 1906 4316 ἀπάτην

325 4344 516 4398 παθῶν
573 4343 875 4412 φαντασίας
942 4341 1010 4394 δι’
1062 4338 1263 4410 ἡδονῆς
1335 4339 1397 4391 οὑ
1455 4337 1750 4409 προσίετο·
1809 4337 1904 4389 καὶ

326 4436 628 4508 ἀπροσδεὴς
659 4436 922 4506 ὑπάρχων
973 4433 1072 4503 τῆς
1125 4432 1252 4501 περὶ
1279 4432 1474 4500 τέχνας
1509 4430 1902 4501 περιστατικῆς

325 4530 567 4599 ἀνάγκης
613 4528 700 4580 διά
748 4527 846 4598 τὴν
889 4525 1078 4596 χρείαν
1127 4516 1526 4594 ἐλεύθερος-ἦν
1553 4538 1566 4551 ’
1614 4519 1709 4574 καὶ
1740 4519 1902 4587 σοφὸς

324 4618 400 4674 ὢν
425 4623 523 4691 τῆς
551 4619 681 4690 περὶ
725 4618 823 4688 τὴν
867 4615 1029 4684 φύσιν
1061 4613 1292 4684 θεωρίας
1325 4612 1582 4682 ὑπεράνω
1614 4610 1902 4680 καθειστήσ-

325 4729 410 4766 κει
468 4711 558 4766 διὰ
611 4708 711 4780 τὴν
766 4708 988 4776 γνῶσιν.
1052 4705 1218 4760 Οὐδὲν
1267 4700 1359 4759 οὖν
1412 4701 1560 4774 εἶχεν
1617 4705 1646 4756 ὁ
1687 4701 1902 4772 πρῶτος

325 4804 610 4874 ἄνθρωπος
660 4797 862 4870 μεταξὺ
911 4796 1048 4850 Θεοῦ
1099 4797 1196 4850 καὶ
1243 4794 1410 4850 αὑτοῦ
1462 4793 1902 4866 προϐεϐλημένον

325 4895 464 4966 πρὸς
497 4893 721 4962 εἴδησιν,
772 4889 952 4961 (241
991 4886 1063 4958 b)
1114 4888 1208 4940 καὶ
1253 4886 1462 4940 κωλύον
1498 4885 1663 4940 αὑτοῦ
1707 4883 1810 4956 τὴν
1833 4883 1900 4938 δι’

325 4985 548 5052 ἀγάπης
602 4982 922 5050 αὐθαίρετον
971 4977 1116 5032 κατά
1171 4979 1271 5048 τὴν
1325 4977 1461 5048 πρὸς
1517 4976 1648 5029 Θεὸν
1693 4976 1902 5044 κίνησιν

325 5073 700 5146 γενησομένην
745 5071 1061 5138 συγγένειαν
1087 5111 1100 5136 ,
1155 5069 1389 5122 καὶ-διά
1437 5069 1610 5122 τοῦτο·
1647 5087 1666 5119 ι
1699 5070 1903 5139 γυμνὸς

326 5171 396 5240 τῇ
443 5166 710 5234 ἁπλότητι
761 5183 779 5214 ι
837 5161 1254 5232 προσηγορεύθη
1315 5160 1394 5231 τῷ
1454 5161 1777 5232 διδασκάλῳ,
1829 5162 1905 5225 ὡς

328 5259 586 5328 ὑπεράνω
618 5257 798 5326 πάσης
823 5257 922 5324 τῆς
958 5255 1098 5306 κατὰ
1122 5253 1282 5322 φύσιν
1315 5254 1574 5324 ὑπάρχων
1602 5251 1900 5322 ζητήσεως,

327 5355 423 5408 καὶ
471 5371 492 5405 ι
526 5352 638 5422 ζωῇ
668 5353 734 5419 τῇ
785 5349 1016 5418 ἀτέχνῳ,
1052 5367 1070 5398 ι
1113 5347 1188 5409 ὡς
1233 5347 1411 5415 πάσης
1442 5346 1645 5416 τεχνῶν
1695 5345 1904 5408 ἐνδεοῦς

328 5440 652 5515 καθαρεύων
682 5439 848 5509 ζωῆς,
878 5439 972 5491 καὶ
1010 5457 1024 5490 ι
1055 5437 1175 5508 δίχα
1215 5437 1412 5501 παντὸς
1456 5437 1906 5506 ὲπικαλύμματος

331 5537 426 5590 καὶ
471 5531 878 5604 προϐλήματος,
915 5549 932 5581 ι
970 5525 1058 5581 οἷα
1105 5529 1203 5600 τῆς
1253 5530 1388 5600 πρὸς
1434 5529 1503 5582 τά
1539 5527 1772 5598 αἰσθητά
1795 5527 1904 5580 τῶν

329 5623 635 5694 αἰσθήσεων
656 5619 936 5692 ὲμπαθοῦς
956 5619 1273 5690 συμπλοκῆς
1294 5619 1576 5690 τυγχάνων
1597 5617 1783 5672 ὲλεύθε
1793 5635 1903 5688 ρος,

332 5708 412 5782 οἷς
445 5714 664 5784 ὑπήχθη
692 5713 914 5775 δικαέως
945 5711 1190 5782 ὕστερον,
1232 5711 1480 5782 ἐλλείξας
1518 5711 1612 5782 τὴν
1647 5711 1903 5780 ἔλλειψιν,

501 5807 770 5873 Parnm.
802 5805 919 5865 Gs.
954 5804 1112 5865 XCI.

1999 3166 2130 3212 sunt
2156 3153 2430 3218 instituta,
2472 3151 2737 3222 magister
2764 3148 3038 3222 signiﬁcat
3075 3147 3146 3202 ea“
3172 3157 3294 3218 quae
3345 3154 3489 3202 tum
3521 3146 3582 3200 in

1999 3261 2068 3302 eo
2105 3245 2333 3300 fuerint.
2365 3243 2620 3298 Movetur
2668 3241 2820 3296 enim
2863 3251 3016 3294 nunc
3043 3238 3234 3301 homo,
3285 3237 3381 3293 vel
3426 3237 3579 3293 circa

2000 3336 2260 3407 ﬁgmenta
2283 3333 2626 3388 irrationalia
2680 3330 3001 3402 passionum
3047 3344 3148 3400 per
3185 3327 3438 3384 fraudem
3482 3341 3584 3384 ναί

1998 3427 2226 3496 luptatis
2251 3423 2514 3494 cupidine
2548 3421 2832 3486 induetus,
2871 3419 2962 3474 vel
3009 3419 3154 3475 circa
3207 3419 3454 3474 rationes
3490 3434 3581 3474 ar-

2003 3520 2141 3575 tium
2172 3534 2240 3572 ex
2279 3513 2694 3571 circumstantia
2721 3511 2962 3567 utilitate
2992 3509 3279 3576 invitatus,
3305 3509 3394 3566 vel
3431 3511 3582 3566 circa

2003 3609 2290 3665 naturales
2315 3607 2562 3661 rationes
2587 3620 2654 3660 ex
2681 3605 2799 3674 lege
2829 3611 3043 3657 naturae
3083 3601 3426 3672 cognitiOnis'
3457 3617 3580 3674 gra-

2004 3703 2102 3766 tia,
2135 3715 2372 3774 quorum
2404 3697 2543 3753 nihil
2581 3695 2920 3752 videlicet’in
2947 3693 3232 3766 principio
3271 3695 3576 3760 hominem,

2005 3797 2172 3851 rebus
2221 3792 2484 3849 omnibus
2532 3789 2882 3860 superiorem
2930 3787 3135 3843 factum
3165 3827 3180 3853 ,
3231 3789 3584 3845 necessitatis

2002 3887 2228 3942 vinculo
2275 3883 2553 3939 trahebat.-
2613 3878 2906 3952 Ejusmodi
2951 3879 3157 3934 etenim
3213 3879 3579 3936 conveniebat

2003 3993 2125 4034 esse
2142 3976 2452 4048 principem
2477 3973 2786 4038 hominem,
2815 3979 2877 4027 ut
2930 3969 3166 4042 prorsus
3199 3971 3270 4026 ab
3312 3973 3465 4028 nullo
3485 3983 3582 4028 e04

2001 4086 2125 4126 rum
2151 4085 2274 4140 quae
2303 4076 2400 4123 aut
2431 4057 2681 4138 subjecta
2707 4065 2821 4120 sibi
2847 4071 2944 4119 aut
2962 4063 3179 4119 cireum'
3210 4077 3332 4119 sese
3355 4066 3586 4136 juxtave

2003 4153 2233 4217 haberet
2284 4159 2718 4224 distraheretur,
2777 4165 2836 4212 et
2890 4155 2956 4212 ad
3005 4154 3411 4226 perfectiOnem
3467 4173 3589 4212 uno

2003 4254 2188 4308 solum
2217 4251 2512 4322 indigeret,
2547 4248 2600 4303 id
2625 4256 2711 4304 est
2738 4247 2985 4302 motione
3013 4246 3080 4300 ad
3103 4259 3236 4301 eum
3281 4247 3374 4317 qui
3404 4247 3588 4300 hami-

2004 4360 2131 4400 nem
2188 4351 2434 4414 superat,
2474 4342 2670 4407 Deum,
2721 4341 2974 4410 inquam,
3021 4338 3324 4394 secundum
3359 4355 3581 4394 omnem

1935 4420 1978 4476 ί)
2006 4435 2292 4492 charitatis
2319 4435 2432 4490 vim
2457 4433 2764 4490 irrevoca'ta
2789 4441 2956 4502 atque
2985 4430 3237 4487 victrice.
3273 4429 3410 4486 Cum
3432 4433 3590 4488 enim

2009 4539 2106 4595 per
2156 4524 2388 4594 gratiam
2431 4519 2788 4592 passionibus
2845 4518 3119 4574 obnoxius
3171 4519 3344 4575 nullis
3411 4529 3580 4586 esset,

2009 4615 2255 4670 fraudem
2283 4614 2603 4684 passionum
2629 4627 2820 4668 rerum
2853 4609 3103 4665 i'rianium
3135 4611 3323 4666 studio
3348 4627 3460 4666 non
3487 4612 3592 4668 ad-'

2009 4709 2189 4774 misit;
2227 4716 2284 4763 et
2316 4721 2443 4762 cum
2481 4705 2656 4760 nihilo
2687 4704 2991 4775 indigeret,
3017 4703 3220 4758 artium
3257 4703 3476 4776 quoque
3514 4706 3592 4760 ab‘

2007 4801 2208 4856 infesta
2249 4807 2473 4870 propter
2502 4797 2864 4868 indigentiam
2909 4795 3240 4852 necessitate
3274 4796 3589 4862 liber‘fuiti

2007 4901 2064 4948 et
2101 4907 2228 4948 cum
2255 4891 2476 4960 sapiens
2525 4896 2695 4954 esset,
2721 4896 2936 4942 natura;
2975 4887 3441 4958 contemplatione
3465 4898 3586 4944 erat

2008 4983 2264 5053 superior
2286 4981 2464 5036 factus
2491 4997 2588 5050 per
2619 4981 3010 5052 cognitionem.
3036 4973 3182 5036 Nihil
3216 4991 3350 5051 ergo
3373 4981 3589 5051 primus

2009 5078 2177 5131 homo
2237 5074 2381 5128 inter
2433 5073 2606 5127 Deum
2671 5080 2728 5128 et
2780 5074 3174 5144 semeptipsum
3231 5073 3471 5130 habebat
3515 5075 3585 5130 ad

2011 5167 2296 5246 scientiam
2355 5164 2672 5235 obiectum,
2715 5169 2971 5236 quodque
3019 5181 3175 5222 suam
3240 5179 3338 5236 per
3397 5165 3584 5222 chari-

2012 5267 2176 5314 tatcm
2211 5256 2580 5312 voluntariam
2633 5257 2938 5314 secundum
2972 5259 3271 5314 motionem
3314 5257 3382 5313 ad
3409 5258 3583 5314 Deum

2011 5352 2250 5406 futuram
2272 5349 2569 5420 impediret
2599 5351 3004 5420 cognationem,
3033 5359 3090 5408 et
3119 5351 3374 5406 idcirco:
3403 5351 3586 5406 nudus

2011 5442 2409 5512 simplicitate»
2476 5457 2506 5496 a
2542 5443 2804 5512 magistro
2859 5452 2946 5496 est
3000 5443 3327 5513 appellatus,
3393 5450 3586 5512 utpote

2012 5531 2266 5602 superior
2295 5531 2537 5584 naturali
2593 5531 2872 5587 desiderio
2919 5531 3095 5587 factus
3131 5533 3305 5598 omni,
3345 5541 3400 5587 et
3433 5551 3451 5582 ι
3473 5533 3594 5587 vita‘

2013 5620 2248 5676 artiﬁcio
2272 5630 2515 5686 carente,
2541 5641 2560 5672 ι
2591 5630 2783 5692 utpote
2839 5623 2989 5678 omni
3029 5625 3140 5680 vita
3168 5625 3382 5680 artibus
3442 5621 3588 5678 indi.

2013 5721 2173 5782 gente
2197 5727 2387 5782 purus,
2419 5720 2476 5768 et
2505 5731 2522 5766 ‹
2547 5715 2726 5769 omnis
2755 5713 3116 5788 iutegumenti
3165 5727 3223 5771 et
3251 5710 3590 5770 munimenti

3116 5805 3192 5866 1.3
