4038 6146
521 228 655 294 1255
1806 227 2087 285 MAXIM!
2132 227 2268 285 CON
2285 226 2641 285 PESSORIS
3701 219 3818 281 1355

518 358 736 411 expers,
758 362 774 392 ι
806 342 1006 411 quippe
1028 341 1121 416 qui
1146 342 1283 396 liber
1308 352 1425 396 erat
1455 360 1481 395 a
1506 344 1847 397 connexionc
1880 341 2096 395 allecti-

2216 340 2295 391 ιαὶ
2334 338 2430 391 τοῦ
2485 339 2698 408 πλήρης
2747 333 2884 391 εἶναι
2940 338 3000 390 τὸ
3051 340 3203 402 κενὸς
3267 340 3519 392 πάντων
3573 336 3817 405 γενεσθαι

520 436 626 488 lms
646 435 803 503 plena
822 449 1081 487 sensuum
1102 447 1225 487 eum
1257 434 1632 498 sensibilibus,
1671 432 1875 503 quibus
1906 441 2095 502 postea

2216 427 2544 496 ιύθαιρὲτως
2577 429 2854 498 ἐλόμενος,
2888 430 3037 483 κάτω
3074 432 3379 501 γενόμενος
3429 424 3519 483 ὦν
3576 428 3821 493 ὑπεράνω

519 529 737 596 estjurc
766 525 1048 590 subactus,
1077 540 1200 579 cum
1220 524 1491 578 defectum
1521 540 1715 593 passus
1729 531 1894 586 esset,
1932 537 1994 576 ac
2024 522 2101 575 lo-

2216 520 2451 590 ρυσιπῶς
2480 519 2692 590 ὑπῆρχε
2716 522 3096 591 γεγενημένος.

520 633 585 671 co
618 616 980 686 plenitudinis
998 616 1244 671 omnium
1273 617 1602 670 vacuitatem
1618 624 1809 685 Sponte
1834 613 2136 677 maluisset,
2156 612 2383 667 inferior
2413 611 2664 666 redditus
2682 612 2886 683 quibus
2900 613 3225 668 naturaliter
3236 619 3373 668 ante
3391 611 3675 682 superior
3693 617 3819 665 erat.

799 789 919 843 Alia
960 790 1022 842 de
1052 790 1229 843 eodem
1273 790 1383 843 loco
1422 791 1813 862 contemplatio.

593 901 693 960 Vel
720 902 952 958 fortasse
994 903 1234 965 «nudus,
1263 923 1279 955 ι
1321 913 1381 959 ut
1440 906 1721 975 magister,
1772 902 1922 957 varia
1950 904 2097 958 circa

2566 794 2759 860 ’Ἄλλη
2791 791 2923 860 περὶ
2949 792 3133 846 αὐτοῦ
3165 792 3412 859 θεωρία.

2270 907 2339 959 Ἣ
2378 907 2595 977 μήποτε
2650 924 2668 957 ι
2706 905 2943 975 γυμνὸς.
2975 925 2993 956 ι
3054 904 3128 970 ὥς
3170 923 3342 975 φησιν
3390 906 3425 957 ό
3458 902 3821 965 διδάσκαλος,

521 1005 775 1052 naturam
820 996 1286 1067 contemplatione
1333 1004 1390 1051 et
1426 995 1766 1067 cognitione,
1821 1004 1878 1049 et
1943 1012 1960 1046 ι
1987 994 2100 1048 vita

2216 995 2296 1067 τῆς
2348 996 2479 1068 περὶ
2536 994 2700 1065 φύσιν
2758 995 3015 1063 ποικίλης
3069 995 3305 1064 θεωρίας
3368 994 3476 1047 καί
3531 991 3821 1062 γνώσεως,

522 1087 758 1142 artiﬁcio
794 1097 1037 1151 carente,
1067 1105 1085 1138 ι
1144 1097 1298 1142 extra
1356 1086 1716 1155 multiplicem
1747 1084 1891 1141 circa
1926 1085 2100 1140 actio-

2216 1087 2292 1140 ιαὶ
2325 1104 2344 1138 ι
2377 1086 2492 1157 ζωῇ
2522 1089 2590 1158 τῇ
2618 1084 2852 1156 ἀτέχνῳ,
2879 1105 2897 1137 ι
2936 1086 3033 1157 τῆς
3064 1088 3194 1155 περὶ
3226 1086 3443 1156 πρᾶξιν
3477 1085 3587 1138 καὶ
3620 1084 3824 1154 ἀρετὴν

523 1194 648 1234 nem
672 1186 729 1235 et
758 1178 1019 1233 virtutem
1051 1179 1356 1234 collocatus
1390 1178 1639 1232 fraudem
1667 1175 1973 1231 secundum
2001 1178 2100 1231 ba-

522 1270 699 1324 bitum
758 1269 1047 1340 possidens
1096 1271 1367 1324 virtutum
1438 1269 1681 1323 rationes
1737 1268 2094 1337 impollutas,

529 1362 863 1431 «omnisque
916 1361 1279 1431 integumcnti
1327 1369 1383 1415 et
1427 1359 1757 1414 munimenti
1805 1374 2040 1429 expers,
2071 1378 2089 1410 ι

523 1453 884 1524 intelligentia
932 1468 1126 1508 eorum
1181 1468 1302 1522 quae
1333 1451 1591 1507 videntur
1618 1451 1860 1507 sensuali
1898 1451 1975 1506 ad
2007 1466 2101 1507 co-

522 1545 838 1616 gnoscenda
852 1544 1039 1601 divina
1064 1544 1447 1616 principaliter
1469 1559 1580 1599 non
1600 1559 1791 1615 egens,
1824 1543 1943 1599 solo
1967 1543 2101 1599 sim-

523 1636 665 1705 plice
720 1636 1015 1691 uniformis
1067 1645 1126 1690 et
1180 1635 1476 1706 simplicis,
1528 1650 1760 1706 quaeque
1791 1634 2096 1690 secundum

523 1729 697 1783 Deum
717 1736 846 1783 sunt
866 1726 1312 1793 conservatricis,
1339 1726 1562 1781 virtutis
1584 1734 1750 1796 atque
1768 1724 2099 1796 cognitionis

2205 1177 2547 1246 πολυτρόπου
2607 1175 2891 1247 μεθοδείας
2941 1175 3201 1247 ὑπάρχων
3254 1177 3454 1239 ἐκτὸς,
3520 1175 3688 1228 κατὰ
3732 1175 3824 1244 τὴν

2204 1268 2317 1331 ἕξιν
2348 1266 2489 1337 ἔχων
2516 1267 2643 1329 τοὺς
2670 1264 2778 1321 τῶν
2800 1266 3013 1334 ἀρετῶν
3041 1266 3384 1335 ἀμολύντους
3414 1266 3640 1332 λόγους
3667 1303 3685 1328 ,
3738 1266 3825 1317 καὶ

2211 1377 2230 1410 ι
2260 1358 2384 1429 δίχα
2436 1358 2640 1421 παντὸς
2682 1357 3142 1426 ἐπικαλύμματος
3188 1358 3284 1410 καὶ
3327 1356 3816 1427 προόλήματοςμ

2207 1450 2305 1518 τῆς
2355 1451 2441 1517 ἐπ’
2476 1449 2768 1519 αἰσθήσεσι
2827 1449 2938 1500 τῶν
2983 1449 3323 1518 φαινομένων
3369 1446 3639 1510 διανοίας
3692 1448 3824 1517 sq);

2152 1574 2157 1577 λ
2208 1539 2538 1610 κατανόησιν
2584 1538 2693 1592 τῶν
2739 1539 2938 1603 θείων,
2996 1538 3427 1608 προηγουμένως
3462 1539 3533 1590 οὐ
3567 1538 3821 1609 χρῄζων,

2209 1628 2379 1701 μόνην
2408 1630 2507 1700 τὴν
2535 1629 2712 1697 ἁπλῆν
2738 1629 2840 1699 τῆς
2865 1628 3131 1693 ἐνοειδοῦς
3158 1631 3253 1682 καὶ
3279 1629 3467 1699 ἁπλῆς
3495 1632 3605 1683 καὶ
3629 1647 3820 1683 συνεκ-

2204 1724 2368 1791 τικῆς
2416 1722 2524 1776 τῶν
2559 1720 2861 1792 μετάθεὺν
2895 1721 3099 1790 ἀρετῆς
3128 1737 3190 1774 τε
3237 1721 3332 1774 καὶ
3364 1721 3652 1788 γνώσεως
3686 1722 3823 1791 ἔχων

523 1818 869 1875 munimento
924 1827 1172 1880 ornatus,
1237 1816 1385 1885 quod
1417 1816 1655 1870 activam
1714 1825 1771 1870 et
1819 1824 2101 1870 strenuam

2216 1817 2506 1887 προϐολὴν,
2537 1816 2636 1882 τῆς
2663 1814 2751 1865 ἐπ’
2774 1813 3030 1882 ἐνεργείᾳ
3062 1814 3230 1882 μόνης
3251 1814 3530 1881 κινήσεως
3558 1812 3718 1883 πρὸς
3737 1812 3821 1865 ἔκ-

522 1907 1105 1963 duntaxatmotionem
1136 1906 1205 1960 ad
1257 1905 1684 1976 patefactionem
1717 1905 2089 1960 voluntariam

522 2000 822 2054 desiderat.
852 1998 1016 2054 Certe
1059 1999 1379 2070 quicunque
1411 2014 1441 2052 a
1465 1998 1690 2068 generis
1717 1998 1891 2053 nostri
1913 2008 2098 2052 aucto-

525 2090 600 2143 ris
650 2089 807 2158 lapsu
844 2087 1173 2159 philosopha
1239 2090 1454 2142 ratione
1513 2103 1802 2159 resurgere
1835 2088 2091 2157 cupiunt,

522 2177 761 2248 primum
809 2176 1163 2247 passionibus
1200 2191 1452 2247 prorsus,
1502 2174 1704 2231 deinde
1730 2176 2095 2246 occupatione

522 2271 666 2324 circa
714 2269 921 2324 artium
966 2269 1212 2324 rationes
1255 2268 1383 2324 exui
1410 2267 1703 2338 incipiunt,
1735 2283 1798 2322 ac
1832 2267 2098 2337 denique,

522 2371 815 2433 postquam
881 2360 1187 2417 naturalem
1240 2360 1984 2431 suprawontemplationem
2039 2373 2099 2414 se

525 2454 870 2515 sustulerint.
902 2452 955 2507 in
982 2452 1403 2508 immaterialem
1433 2451 1808 2523 cognitionem
1833 2452 2100 2522 introspi-

524 2543 699 2605 ciunt,
748 2543 939 2599 formae
991 2558 1160 2600 sensu
1185 2558 1482 2613 expressae,
1514 2543 1599 2598 vel
1645 2542 1871 2614 cogitati
1914 2542 2099 2612 prola-

526 2637 676 2690 tione
698 2636 968 2691 sermonis
995 2634 1383 2705 comprehensi
1405 2633 1569 2704 plane
1588 2642 1894 2704 expertem,
1910 2647 2103 2703 quem-

525 2730 826 2786 admodum
859 2730 1005 2785 Deus
1035 2729 1314 2800 principio
1338 2728 1579 2799 primum
1626 2727 1887 2783 eﬂecerat
1926 2726 2104 2781 homi-

525 2838 677 2890 nem,
705 2820 1040 2892 cognitionis
1079 2819 1434 2890 simplicitate
1490 2820 1715 2890 vitaque
1754 2819 2100 2882 indistracta,

524 2923 583 2971 et
610 2914 732 2984 lege
761 2914 947 2968 carnis
968 2912 1296 2967 mortiﬁcata
1322 2912 1458 2967 nudi
1501 2911 1653 2967 lacti.
1687 2912 1960 2967 llaberem
1997 2912 2106 2966 uti-

525 2992 775 3074 que°alio
811 3018 1031 3073 quoque
1055 3002 1238 3068 modo,
1274 3012 1331 3059 et
1355 3003 1700 3069 sublimiore,
1734 3004 1802 3059 de
1844 3003 2105 3075 praesenti

530 3095 841 3167 quaestione
870 3096 1378 3166 contemplandum,
1401 3096 1498 3152 sed
1522 3112 1671 3151 nunc
1694 3097 1918 3167 quidem
1945 3096 2108 3151 omit-

2203 1925 2398 1978 φανσιν
2453 1906 2778 1975 αὐθαίρετον
2828 1906 3155 1975 χρῄζουσαν.
3211 1905 3426 1972 Ἀμέλει
3487 1904 3640 1971 γοῦν
3706 1906 3820 1957 ὅσοι

2202 1999 2477 2069 φιλοσόφῳ
2502 1998 2647 2067 λόγῳ
2676 1997 2775 2067 τῆς
2803 1996 2899 2048 τοῦ
2930 1994 3274 2067 προπάτορος
3303 1994 3546 2065 ἐγείρειν
3578 1995 3821 2058 esu-.05;

2207 2095 2487 2165 βούλονται
2542 2092 2996 2164 παραπτώσεως,
3061 2091 3278 2163 πρῶτον
3311 2091 3680 2161 ἀπάρχονται
3719 2092 3819 2160 τῆς

2203 2185 2312 2238 τῶν
2364 2184 2557 2238 παθῶν
2606 2183 2906 2246 παντελοῦς
2948 2182 3313 2253 ἀφαιρέσεως,
3354 2177 3459 2234 εἷθ’
3489 2181 3682 2245 οὕτως
3720 2184 3816 2249 τῆς

2205 2278 2332 2347 περὶ
2377 2278 2505 2338 τοὺς
2550 2274 2741 2343 λόγους
2773 2275 2883 2328 τῶν
2913 2273 3118 2344 τεχνῶν
3145 2274 3439 2344 ἀσχολίας,
3499 2274 3606 2325 καὶ
3660 2274 3815 2337 τέλος

2207 2368 2301 2437 τὴν
2353 2367 2588 2437 φυσικὴν
2643 2365 3057 2438 ὑπερκύψαντες
3106 2365 3338 2435 θεωρίαν
3380 2364 3464 2427 είς
3502 2364 3617 2434 τὴν
3648 2364 3817 2418 ἄῦλον

2207 2458 2632 2529 παρακύπτουσι
2683 2457 2886 2527 γνῶσιν
2911 2498 2925 2522 ,
2982 2459 3081 2527 τὴν
3136 2456 3211 2527 μὴ
3246 2443 3481 2526 ἔχουσαν
3516 2456 3815 2520 παντεώ

2207 2552 2460 2621 αἰσθήσει
2490 2550 2842 2620 τυπουμένην
2874 2547 3107 2619 μορφὴν,
3142 2548 3175 2618 ἦ
3211 2548 3392 2618 νόημα
3418 2550 3698 2620 προφορᾷ
3726 2550 3812 2602 λό-

2207 2659 2307 2711 γου
2340 2640 2691 2712 χωρούμενον
2712 2679 2728 2703 ,
2789 2638 2972 2702 καθὼς
3020 2639 3080 2703 ἐξ
3120 2639 3295 2710 ἀρχῆς
3325 2638 3419 2692 τὸν
3449 2639 3691 2711 πρῶτον
3718 2641 3811 2694 άν-

2210 2732 2428 2805 θρωπον
2458 2733 2716 2802 ἐποίησεν
2752 2731 2938 2804 (242
2961 2731 3016 2801 a)
3046 2734 3074 2785 ό
3098 2731 3255 2797 Θεὸς,
3292 2731 3494 2802 γυμνοὶ
3527 2735 3599 2803 τῇ
3636 2734 3811 2787 ἁπλό-

2209 2840 2330 2894 τητι
2382 2822 2482 2893 τῆς
2529 2821 2784 2890 γνώσεως
2830 2824 2923 2876 καὶ
2960 2825 3026 2893 τῇ
3060 2822 3455 2892 ἀπερισπάστῳ
3492 2824 3613 2895 ζωῇ
3641 2863 3659 2888 ,
3718 2824 3813 2879 καὶ

2209 2916 2277 2984 τῇ
2307 2912 2574 2983 νεκρώσει
2621 2913 2716 2967 τοῦ
2756 2914 2925 2984 νόμου
2973 2914 3075 2983 τῆς
3106 2914 3311 2983 σαρκὸς
3340 2915 3664 2985 γενόμενοι.
3704 2911 3813 2969 Ἦν

2215 3002 2397 3074 μέντοι
2445 3005 2541 3056 καὶ
2572 3005 2693 3057 κατ’
2718 3003 2876 3059 ἄλλον
2902 3004 3106 3074 τρόπον
3138 3004 3493 3075 ὑψηλοτέροις
3523 3005 3814 3078 θεωρῆσαι

2213 3093 2274 3147 τὸ
2320 3095 2682 3166 προκείμενον
2733 3095 2979 3168 ἄπορον,
3035 3095 3176 3150 ἀλλὰ
3216 3097 3503 3168 παρείσθω
3549 3103 3623 3153 τὰ
3655 3099 3755 3153 νῦν
3770 3100 3815 3131 ³⁸

531 3197 640 3244 tam
673 3203 740 3243 ea
772 3186 839 3242 de
874 3202 1040 3242 causa
1068 3203 1231 3257 quam
1265 3188 1426 3243 initio
1452 3188 1617 3259 hujus
1658 3188 1931 3244 sermonis
1986 3201 2104 3242 sum

2216 3186 2279 3239 δι’
2304 3187 2371 3257 ἢν
2404 3186 2712 3257 ἀρχόμενος
2738 3188 2833 3242 τοῦ
2861 3189 3024 3257 λόγου
3052 3191 3323 3259 προεῖπον
3348 3189 3559 3246 αἰτίαν.

529 3275 809 3348 praefatus.

519 3457 783 3537 Ejusdem
805 3459 1062 3511 sermonis
1091 3458 1145 3510 in
1162 3456 1296 3511 illud
1317 3475 1335 3512 .'
1374 3477 1390 3509 ι
1415 3456 1705 3512 Anniculus
1735 3475 1914 3529 porro,
1943 3470 2001 3514 ut
2028 3463 2108 3517 sol

592 3549 841 3622 justitiaz,
864 3548 945 3603 vel
972 3565 999 3601 e
1046 3547 1173 3602 caelo
1222 3549 1583 3620 progrediens,
1638 3547 1720 3603 vel
1752 3558 2011 3619 quantum
2038 3552 2109 3605 ad

600 3650 808 3714 partem
832 3656 951 3694 eam
978 3656 1096 3711 qua:
1131 3640 1293 3694 oculis
1317 3642 1570 3706 cernitur,
1597 3642 2023 3713 circumscriptus
2047 3661 2110 3697 ac

601 3731 868 3800 deﬁnitus.
904 3750 921 3782 ι

601 3842 771 3898 Multa
804 3841 1110 3899 Salvatoris
1148 3844 1323 3900 nostri
1351 3854 1480 3900 sunt
1528 3846 1776 3911 nomina,
1805 3862 1870 3900 ac
1918 3847 2105 3901 multi-

533 3931 658 3999 plex
676 3929 981 3986 secundum
1041 3946 1197 3986 suam
1257 3934 1526 4004 cujusque
1597 3934 2108 4004 interpretationem

534 4022 777 4094 mysticae
803 4023 1288 4093 contemplationis
1350 4034 1456 4079 stat
1491 4026 1709 4090 modus,
1751 4025 1880 4096 quia
1909 4027 2111 4083 multas

533 4113 836 4170 secundum
898 4116 1208 4170 naturalem
1282 4117 1809 4186 contemplationem
1870 4118 1950 4173 rei
2011 4134 2110 4189 per

530 4205 843 4276 exemplum
888 4204 944 4260 in
992 4220 1196 4261 nomen
1227 4206 1445 4261 Domini
1490 4216 1723 4278 sumpta
1763 4210 2111 4280 contempla-

533 4306 846 4352 mentorutn
874 4297 1005 4352 licet
1024 4296 1315 4351 admittere
1345 4297 1463 4352 vias
1504 4308 1560 4352 ct
1594 4298 2107 4368 interpretationes.

530 4386 1004 4455 Quemadmodum
1051 4388 1300 4457 profecto
1348 4388 1403 4442 in
1434 4390 1688 4457 praesenti
1734 4399 1920 4444 nostra
1959 4407 2111 4461 qua:-

533 4479 711 4535 stionc
739 4495 798 4534 se
825 4494 914 4532 res
946 4478 1132 4532 habet.
1156 4476 1293 4532 Cum
1328 4479 1475 4533 enim
1518 4488 1746 4550 propter
1780 4480 2109 4536 brevitatem

2220 3464 2329 3519 Τοῦ
2353 3464 2538 3519 αὐτοῦ
2563 3467 2748 3534 λόγου
2776 3466 2862 3531 εὶς
2884 3464 2970 3518 τό·
3005 3482 3025 3516 ι
3048 3465 3395 3521 Ἐνιαύσιυν
3422 3465 3507 3529 δὲ,
3538 3467 3625 3533 ὡς
3640 3467 3821 3535 ἣλιον

2284 3555 2698 3622 δικαιοσύνης,
2725 3557 2763 3623 ἢ
2786 3555 3013 3609 ἐκεῖθεν
3036 3556 3411 3627 ὁρμώμενον,
3434 3557 3473 3626 ἦ
3497 3557 3585 3622 τῷ
3602 3559 3821 3629 ὁρωμέ-

2284 3658 2365 3705 νῳ
2397 3644 2792 3712 περιῃαπτόν
2813 3643 2922 3714 (42)
2935 3685 2945 3697 .
2960 3663 2979 3696 ι

2286 3838 2489 3895 Πολλαὶ
2536 3839 2631 3894 τοῦ
2675 3841 2928 3910 Σωτῆρος
2958 3840 3119 3911 ἡμῶν
3154 3843 3302 3896 εἰσιν
3336 3842 3391 3895 al
3420 3844 3817 3914 προσηγορίαι,

2217 3926 2309 3980 καὶ
2369 3925 2709 3995 πολύτροπος
2759 3929 2787 3979 ὁ
2830 3926 3145 3999 ἐφ’ὲκάστῃ
3185 3930 3335 3984 κατὰ
3361 3929 3461 4002 τὴν
3492 3931 3670 4002 αὐτῆς
3697 3934 3820 3985 ἐπί-

2217 4035 2364 4071 νοιαν
2392 4020 2491 4088 τῆς
2516 4018 2656 4072 κατά
2682 4019 2913 4089 θεωρίαν
2935 4020 3236 4090 ἀναγωγῆς
3263 4022 3575 4092 καθέστηκε
3598 4025 3818 4094 τρόπος.

2214 4110 2304 4163 διὰ
2332 4111 2393 4164 τδ
2428 4112 2629 4175 πολλὰς
2665 4111 2813 4166 κατὰ
2838 4113 2938 4182 τὴν
2967 4113 3212 4184 φυσικὴν
3243 4113 3486 4187 θεωρίαν
3513 4116 3615 4169 τοῦ
3646 4133 3822 4185 παρα-

2214 4202 2584 4274 δειγματικῶς
2644 4207 2726 4269 εἰς
2773 4206 3155 4276 προσηγορίαν
3207 4206 3308 4261 τοῦ
3352 4210 3565 4279 Κυρίου
3608 4210 3816 4280 λαμϐα-

2219 4296 2445 4366 νομένου
2481 4296 2808 4369 πράγματος
2840 4298 3192 4368 ἐπιδέχεσθαι
3225 4300 3497 4355 δύνασθαι
3525 4301 3821 4372 θεωρημά-

2218 4405 2328 4441 των
2348 4389 2605 4453 ὲπιϐολάς
2629 4403 2642 4416 ⁶
2676 4390 2864 4462 ὥσπερ
2891 4389 3090 4459 ἀμέλει
3119 4391 3218 4444 καὶ
3243 4392 3307 4444 τὸ
3331 4392 3432 4447 νῦν
3454 4394 3819 4464 προκείμενον

2220 4482 2351 4552 ἡμῖν
2402 4482 2609 4553 ἄπορον
2653 4482 2787 4553 ἔχει.
2852 4483 3091 4546 Πολλοὺς
3123 4483 3238 4556 γὰρ
3285 4486 3454 4549 ὅσους
3490 4487 3708 4539 οὐδέπω
3737 4487 3820 4537 δυ-

534 4570 780 4627 nondum
809 4570 984 4641 possit
1017 4586 1199 4626 sermo
1223 4587 1485 4628 enarrare
1517 4573 1954 4630 innumerabiles
1981 4591 2104 4630 con-

2217 4574 2380 4627 νατοῦ
2426 4575 2787 4644 τυγχάνοντος
2819 4574 2914 4628 τοῦ
2945 4575 3107 4642 λόγου
3141 4576 3539 4646 θεωρημάτων
3576 4578 3703 4648 περὶ
3730 4577 3815 4629 τοῦ

533 4661 1052 4732 templamentorum
1077 4660 1221 4714 circa
1257 4662 1429 4716 solem
1456 4662 1669 4727 modos,
1702 4678 1812 4732 quo
1859 4663 1912 4717 id
1940 4664 2110 4733 magi-

532 4764 648 4811 ster
666 4769 832 4809 sensu
856 4753 1261 4822 contemplatus
1288 4753 1359 4807 sit
1384 4769 1483 4808 nos
1509 4770 1729 4823 quoque
1771 4755 2111 4824 contemple-

533 4862 679 4914 mur,
708 4860 774 4900 ea
808 4844 1069 4898 nimirum
1105 4859 1227 4913 quae
1256 4843 1585 4912 complicato
1626 4852 1757 4898 sunt
1782 4844 1928 4898 dicta
1949 4844 2018 4897 ab
2042 4859 2109 4899 eo

532 4954 637 5009 pro
667 4935 813 4989 virili
839 4946 991 5005 parte
1026 4934 1385 5004 explicantes.
1436 4933 1627 4987 Annus
1684 4933 1869 5005 igitur,
1905 4950 2109 4989 secun-

534 5027 667 5082 dum
708 5035 928 5080 sanctos
976 5038 1032 5078 et
1057 5026 1334 5093 sapientes
1380 5033 1598 5079 nostros
1655 5024 1934 5087 doctores,
1984 5024 2117 5078 solis

533 5128 620 5173 est
649 5118 717 5171 ab
747 5117 902 5186 signo
930 5114 1100 5185 ipsius
1129 5117 1182 5169 in
1208 5115 1423 5185 signum
1452 5115 1740 5178 circuitus,
1766 5113 2115 5184 quintuplam

537 5209 842 5263 secundum
890 5221 1105 5276 tempus
1156 5208 1547 5276 proprietatem
1615 5205 2114 5275 comprcliendens.

538 5295 781 5366 Tempus
802 5298 949 5350 enim
974 5296 1026 5349 in
1054 5296 1197 5350 dicm
1220 5306 1274 5349 et
1297 5296 1693 5350 hebdomadam
1719 5307 1774 5351 ct
1797 5313 2039 5350 mensem
2066 5307 2120 5350 et

2218 4666 2373 4733 ἡλίου
2425 4667 2664 4736 τρόπους
2711 4664 2966 4719 ἐκθέσθαι
3017 4665 3107 4719 διὰ
3157 4666 3221 4720 τὸ
3272 4668 3585 4739 σύντομον,
3624 4669 3818 4735 καθ’ἥν

2217 4760 2244 4810 ὁ
2295 4757 2615 4821 διδάσκαλος
2668 4757 2800 4813 αὐτὸ
2845 4757 3090 4811 ἐπίνοιαν
3135 4757 3475 4831 ἐθεώρησε,
3534 4763 3632 4815 καὶ
3674 4761 3819 4829 misi;

2219 4845 2637 4918 θεωρήσωμεν,
2703 4847 2771 4899 τὰ
2834 4848 3309 4915 συνεπτυγμένως
3378 4849 3539 4920 αὑτῷ
3594 4848 3822 4920 δηλονότι

2223 4938 2460 5007 ρηθέντα
2510 4938 2653 4991 κατὰ
2684 4937 2914 5007 δύναμιν
2959 4936 3363 5003 ἐξαπλοῦντες.
3407 4942 3698 5004 Ἐνιαυτός
3723 4940 3824 4993 τοί-

2223 5046 2319 5082 νυν
2342 5030 2462 5081 ἐστὶ
2491 5029 2633 5081 κατὰ
2657 5030 2783 5093 τοὺς
2811 5029 2999 5096 ἁγίους
3026 5028 3126 5082 καὶ
3154 5033 3369 5098 σοφοὺς
3393 5032 3563 5104 ἡμῶν
3588 5032 3825 5086 διδασκά-

2225 5120 2351 5183 λους
2398 5123 2430 5190 ἡ
2467 5120 2561 5173 τοῦ
2593 5121 2747 5191 ⁴ἡλίου
2782 5120 2890 5173 ἀπὸ
2915 5119 3006 5173 τοῦ
3034 5119 3205 5174 αὑτοῦ
3238 5124 3487 5194 σημείου
3521 5126 3605 5189 είς
3630 5124 3691 5179 τδ
3712 5120 3825 5175 αἰστό

2230 5226 2295 5279 ση
2307 5213 2455 5280 μεῖον
2483 5211 2945 5273 ἀποκατάστασις,
2978 5209 3077 5280 τῆς
3107 5213 3258 5266 κατὰ
3287 5215 3502 5284 χρόνον
3530 5211 3825 5279 πενταπλῆς

2232 5300 2494 5370 ἰδιότητος
2554 5303 2898 5369 περιεκτική.
2959 5300 3018 5351 'O
3063 5300 3177 5371 γὰρ
3230 5305 3442 5375 χρόνος
3499 5308 3583 5372 εἰς
3633 5302 3829 5379 ἡμέραν

1820 5432 2051 5487 VARle.
2096 5434 2499 5489 [εατιυῐιςιῐς.

614 5498 662 5531 ³⁵
684 5500 821 5557 Cod.
853 5500 994 5554 Gud.
1027 5502 1209 5554 τανῦν.

616 5633 726 5702 (l2)
768 5634 912 5686 ldum
961 5636 1107 5696 ibid.,
1164 5652 1277 5705 cap.
1338 5639 1418 5702 l3,
1460 5656 1510 5709 p.
1552 5641 1673 5705 85.3,
1721 5652 1849 5695 tum.
1887 5644 1902 5696 l
1948 5642 2085 5712 ΟΜ).
2131 5646 2259 5699 edit.
2301 5644 2503 5699 Bt'litfd.
