4038 6146
285 273 414 350 1357

1520 267 2036 334 AMBIGUORUM
2078 267 2327 332 LIBER.

3399 249 3538 323 1358

282 399 373 452 καὶ
419 383 690 466 ἑϐδομάδα
755 390 846 442 καὶ
893 387 1037 460 μῆνα
1098 387 1191 440 καὶ
1237 385 1426 456 καιρὸν
1475 386 1568 436 καὶ
1611 383 1856 436 ἐνιαυτύν

1976 382 2126 444 reris,
2172 379 2400 444 aestatis,
2433 372 2704 444 autumni,
2757 375 2954 433 hiem‘is
2997 374 3434 431 vicissitudinem
3479 369 3536 426 ei

283 482 568 556 μερίζεται
589 501 648 536 τε
673 483 766 536 καὶ
792 483 1106 550 συνάγεται·
1141 481 1234 533 καὶ
1261 481 1289 532 6
1312 479 1559 540 ἐνιαυτὸς
1579 477 1861 542 ὡσαύτως,

281 579 360 640 είς
388 576 542 648 ὥραν
595 575 692 628 καὶ
732 575 949 644 ἡμέραν
1004 575 1096 627 καὶ
1141 570 1412 642 ἑϐδομάδα
1463 572 1557 624 καὶ
1591 570 1736 640 μῆνα
1771 568 1866 622 καὶ

281 669 515 740 καιρὸν,
574 666 831 738 συνεχοῦς
880 669 974 720 καὶ
1021 663 1346 722 ἀδιαστάτου
1397 662 1494 732 τῆς
1542 659 1664 716 κατ’
1703 661 1866 714 αὐτὸν

285 759 554 830 μενούσης
581 759 856 830 κινήσεως
880 799 895 823 ,
953 757 1082 828 περὶ
1107 757 1174 828 ἢν
1204 757 1260 808 αί
1291 753 1432 807 κατά
1457 752 1558 824 τὴν
1584 751 1867 806 ἀλλοίωσιν

281 851 578 920 διαιρέσεις
632 849 1006 921 θεωρούμεναι
1049 848 1146 918 τὴν
1181 847 1376 918 συνεχῆ
1419 846 1512 899 καὶ
1543 844 1868 898 ἀδιάστατον

284 943 597 1014 ἠρίθμησαν
628 941 722 995 τοῦ
749 941 941 1011 χρόνου
973 941 1208 1009 κίνησιν.
1255 937 1318 991 Ei
1345 939 1408 1009 δὴ
1435 937 1614 1007 τούτῳ
1641 935 1718 1007 τῷ
1739 935 1868 1006 τρό-

285 1051 370 1102 πῳ
415 1033 546 1104 παρ’
583 1034 714 1104 ἡμῖν
769 1033 912 1086 κατὰ
953 1033 1052 1100 τὴν
1097 1029 1192 1083 τοῦ
1227 1030 1375 1100 ἡλίου
1411 1029 1585 1100 φορὰν
1624 1027 1869 1090 ἐνιαυτὸς

284 1123 513 1191 γίνεται,
545 1121 784 1184 ἐνιαυτὸς
811 1120 1011 1191 δηλαδὴ
1040 1117 1246 1188 Κυρίου
1273 1117 1460 1180 δεκτός
1483 1119 1598 1170 ἐστι
1627 1117 1865 1183 πάντως,

283 1213 360 1274 ὡς
405 1213 758 1282 γέγραπται,
821 1211 964 1263 κατά
1012 1211 1105 1263 τὸν
1146 1209 1246 1278 τῆς
1278 1208 1612 1278 ἀλληγορίας
1641 1208 1866 1278 τρόπον,

283 1305 319 1374 ἡ
351 1305 500 1358 πᾶσα
535 1301 718 1375 (242
737 1301 788 1371 b)
815 1301 925 1354 τῶν
950 1299 1164 1355 αἰώνων
1193 1299 1538 1371 παράτασις,
1575 1301 1668 1352 ἀπ’
1693 1299 1869 1370 ἀρχῆς

283 1391 351 1469 ἧς
400 1396 694 1464 εὐδόκησεν
742 1395 772 1446 ό
815 1393 950 1455 Θεὸς
1001 1391 1261 1445 οὐσιῶσαι
1302 1391 1371 1444 τὰ
1404 1391 1534 1444 ὄντα
1561 1433 1574 1453 ,
1635 1391 1870 1454 καὶτοῖς

291 1489 366 1558 μὴ
413 1487 566 1540 οὖσιν
617 1484 854 1554 ὓπαρξιν
901 1483 1126 1546 δοῦναι,
1184 1483 1278 1536 καὶ
1320 1483 1408 1536 διὰ
1449 1483 1552 1552 τῆς
1587 1483 1866 1554 προνοίας,

285 1577 475 1650 ὥσπερ
507 1593 595 1638 τις
623 1575 810 1646 νοητὸς
837 1577 990 1647 ἥλιος
1020 1575 1120 1646 τῆς
1151 1573 1288 1645 πρὸς
1311 1575 1576 1644 διαμονὴν
1609 1573 1867 1644 συνεχού-

289 1687 390 1741 σης
422 1669 484 1722 τὸ
513 1670 622 1722 πᾶν
643 1667 953 1736 δυνάμεως,
1012 1664 1500 1734 συγκαταὸατικῶς
1528 1667 1738 1733 ἐφεῖναι
1769 1664 1869 1734 τὴν

288 1761 486 1814 ἀκτῖνα
515 1759 842 1830 ἀνεχόμενος
864 1797 881 1824 ,
937 1756 1182 1810 ποικίλαι
1211 1755 1336 1818 τοὺς
1366 1755 1603 1826 τρόπους
1629 1755 1870 1820 ἀξιώσας

289 1853 426 1924 πρὸς
450 1851 845 1924 τελεσφόρησιν
867 1843 943 1904 ὧν
963 1851 1076 1912 τοῖς
1094 1847 1246 1902 οὖσιν
1267 1847 1485 1902 οἰκείων
1505 1849 1872 1919 κατέσπειρεν

287 1942 510 2010 ἀγαθῶν
544 1945 704 2014 μέχρι
733 1945 831 2014 τῆς
859 1942 1077 1997 πάντων
1104 1942 1580 2015 ἀποπερατώσεως
1603 1942 1712 1998 τῶν
1737 1943 1872 1998 αίώ-

291 2049 396 2086 νων
422 2074 438 2098 ,
499 2034 622 2088 καθ’
668 2035 735 2104 ἢν
789 2034 1036 2098 συλλέξει
1085 2037 1185 2105 τῆς
1225 2035 1432 2098 οίκείας
1481 2037 1692 2106 σπορᾶς
1745 2036 1873 2100 τοὺς

291 2127 542 2198 καρποὺς
599 2127 855 2190 ζιζανίων
909 2127 1130 2197 ἀμιγεῖς
1186 2127 1283 2180 καὶ
1331 2127 1516 2196 πάσης
1560 2125 1874 2197 ἀχυρὼδους

289 2215 460 2286 ἀχνης
513 2220 606 2268 καὶ
655 2217 1052 2286 συμφορήσεως
1095 2215 1404 2286 καθαροὺς,
1463 2217 1558 2269 καὶ
1590 2217 1620 2268 6
1653 2217 1876 2288 σύμπας

291 2305 389 2374 τῆς
421 2303 529 2357 τῶν
557 2306 894 2375 κινουμένων
923 2307 1192 2377 κινήσεως
1222 2307 1666 2378 περαιωθήσεται
1695 2309 1872 2378 λόγος,

291 2392 568 2448 λαὸόντων
600 2395 710 2448 τῶν
736 2395 902 2462 ἀξίων
927 2397 1027 2466 τὴν
1052 2397 1472 2468 ἐπηγγελμένην
1501 2399 1600 2467 τῆς
1627 2397 1876 2464 θεώσεως

293 2487 531 2558 ἐσχάτην
557 2491 958 2560 μακαριότητα.
1003 2489 1225 2553 (Ἥλιος
1251 2507 1268 2542 ι
1296 2489 1390 2544 οῦν
1427 2509 1446 2542 ι
1476 2489 1822 2564 δικαιοσύνης
1852 2511 1870 2544 ι

293 2579 323 2630 ὁ
339 2576 544 2648 Κύριος
567 2579 1026 2649 προσηγόρευται,
1051 2581 1128 2644 ὡς
1149 2579 1380 2652 ποιητὴς
1403 2581 1500 2636 καὶ
1522 2582 1877 2654 συντελεστὴς

292 2668 403 2723 τῶν
427 2668 639 2724 αἰώνων
657 2708 673 2734 ,
733 2672 826 2726 καὶ
869 2671 944 2736 ὡς
977 2674 1121 2744 ἀρχὴ
1149 2674 1370 2728 πάντων
1418 2676 1514 2728 καὶ
1539 2675 1696 2740 τέλος
1715 2716 1730 2741 ,
1783 2677 1879 2730 καὶ

293 2758 394 2830 τῆς
435 2761 750 2830 πενταπλῆς
799 2765 943 2818 κατά
976 2763 1075 2836 τὴν
1101 2765 1361 2836 πρόνοιαν
1405 2765 1516 2818 τῶν
1546 2769 1879 2838 προνοουμέ-

295 2860 404 2898 νων
451 2846 626 2916 σοφῆς
670 2847 925 2914 εὐταξίας
965 2851 1302 2922 δημιουργὸς
1327 2891 1343 2918 ,
1399 2854 1494 2907 καὶ
1537 2855 1613 2919 ὼς
1655 2855 1880 2926 πληρῶν

293 2934 362 2988 τά
398 2936 576 2990 πάντα
627 2939 804 3007 φωτὸς
831 2941 1003 2994 ἀϊδίου
1047 2945 1166 3006 ταῖς
1197 2943 1570 3008 ἀνεκλείπτοις
1599 2945 1880 3008 ἐπιϐολαῖς

1964 481 2172 526 annum
2206 470 2470 526 dividitur
2489 478 2656 540 atque
2672 469 3052 533 consociatur;
3082 467 3325 536 itemque
3357 471 3538 526 anuus

1966 567 2020 620 in
2053 567 2244 621 horam
2271 574 2328 620 et
2351 566 2496 621 diem
2519 569 2576 620 et
2604 563 3006 620 hebdomadam
3031 571 3087 618 et
3107 577 3350 616 mensem
3374 569 3430 616 et
3452 559 3534 615 vi:

1966 651 2520 721 cissitudinem,dttm
2545 657 2806 712 continua
2828 665 2883 711 et
2913 655 3080 710 nullis
3109 653 3345 710 discreta
3364 653 3539 708 inter2

1966 752 2125 807 vallis
2155 768 2253 822 per
2281 769 2408 808 eum
2455 760 2640 806 manet
2675 751 2868 832 motio,
2895 750 3042 805 circa
3085 757 3251 819 quam
3295 758 3418 819 qua:
3441 741 3541 818 per

1967 845 2408 900 immutationem
2466 840 2788 914 spectantur
2835 837 3175 907 discrimina,
3218 835 3540 896 continuant

1967 937 2245 1006 nullisque
2267 936 2572 991 intervallis
2595 935 2924 1006 disjunctam
2945 933 3211 1004 temporis
3240 928 3541 986 motionem

1969 1029 2218 1083 numeris
2239 1027 2603 1098 distinguunt.
2627 1025 2782 1094 Quod
2818 1025 2864 1080 si
2894 1026 2948 1080 in
2972 1025 3119 1080 hunc
3145 1023 3366 1078 modum
3397 1011 3540 1094 apud

1968 1131 2073 1172 nos
2095 1117 2398 1172 secundum
2428 1117 2560 1172 solis
2586 1131 2806 1171 cursum
2828 1114 2887 1169 ﬁt
2912 1129 3110 1178 annus,
3143 1129 3320 1168 annus
3347 1111 3544 1182 nem‘pd

1969 1208 2188 1263 Domini
2213 1205 2568 1276 acceptabilis
2595 1207 2824 1261 omnino
2860 1214 2946 1260 est
2984 1213 3035 1271 ι,
3085 1215 3146 1259 οι
3172 1204 3441 1274 scriptum
3469 1203 3547 1258 le.l

1971 1299 2119 1367 gitur
2147 1295 2452 1352 secundum
2483 1295 2764 1366 allegoria!
2803 1295 3028 1350 modttm
3067 1291 3325 1349 universa
3368 1296 3546 1350 saeui

1969 1391 2150 1446 lorum
2201 1387 2452 1446 extensio
2503 1405 2568 1444 ac
2588 1385 2782 1454 series,
2815 1390 2846 1444 a
2900 1387 3058 1459 cujus
3107 1379 3380 1459 principio
3433 1386 3548 1443 Ded

1950 1479 2181 1555 'placuit
2206 1483 2451 1540 essentia
2483 1497 2682 1538 ornare
2705 1497 2770 1537 ea
2791 1496 2914 1552 qum
2933 1491 3112 1546 erant,
3129 1491 3187 1536 et
3218 1473 3546 1536 exstan'tianl

1910 1647 1918 1656 η
1949 1577 2104 1632 dare
2126 1579 2208 1632 eis
2239 1593 2360 1646 qua:
2382 1591 2492 1631 non
2515 1585 2696 1638 erant,
2745 1584 2804 1630 et
2831 1590 2931 1645 per
2958 1573 3386 1646 providentiam,
3427 1582 3550 1627 tau:

1973 1684 2138 1740 quam
2164 1667 2552 1724 intellectualis
2581 1665 2754 1737 aliqui
2825 1665 2909 1720 sol
2957 1665 3181 1720 virtutis
3213 1663 3282 1718 ad
3332 1665 3554 1734 perser’i

1971 1759 2211 1816 randum
2243 1750 2655 1814 universitatem
2675 1755 3034 1821 continentis,
3071 1769 3196 1810 cum
3219 1755 3554 1811 coddéséerté

1973 1853 2130 1908 sione
2161 1849 2378 1906 radium
2407 1851 2708 1906 immittere
2725 1848 3158 1917 sustinénsﬁjuo
3174 1843 3414 1903 variaret
3431 1855 3556 1901 mo:-

1974 1943 2075 2000 dos
2097 1941 2164 1998 ad
2188 1939 2512 1997 maturanda
2535 1945 2602 1997 ea
2625 1941 2767 1996 bona
2797 1956 2920 2012 quae
2941 1935 3110 1996 rebus
3155 1931 3555 1994 exsisuentibus

1972 2035 2198 2106 propria
2237 2034 2442 2091 ins’evit
2471 2041 2646 2104 usque
2676 2033 2808 2088 dum
2845 2033 3030 2088 omnia
3065 2028 3264 2088 saecula
3298 2041 3557 2087 consum-1

1976 2135 2120 2183 mata
2141 2127 2370 2191 fuerint,
2407 2143 2518 2197 quo
2553 2135 2802 2196 tempore
2840 2126 3048 2196 preprii
3091 2126 3319 2195 seminis
3342 2124 3556 2182 fructus

1976 2222 2197 2293 colliget
2225 2220 2424 2275 aloliis
2473 2219 2766 2283 discretos,
2794 2217 3058 2290 omnique
3106 2217 3318 2290 paleari
3369 2211 3553 2290 gluma

1977 2322 2141 2384 atque
2186 2313 2446 2383 congerie
2491 2327 2682 2382 puros,
2740 2309 2986 2382 ditmque
3046 2311 3304 2367 universa
3359 2304 3557 2367 eorum

1977 2407 2101 2472 quae
2123 2411 2416 2458 moventur
2451 2397 2714 2458 motionis
2759 2395 2900 2456 ratio
2937 2401 3107 2456 fuerit
3153 2402 3468 2466 terminata,
3501 2396 3559 2456 et

1978 2493 2014 2547 ii
2044 2493 2137 2562 qui
2172 2491 2888 2548 merueruntdeiﬁcatiouis
2930 2506 3199 2547 summam
3242 2507 3364 2562 qua:
3417 2507 3562 2561 [ιι-αι-
3654 2542 3671 2552 .

1979 2584 2160 2639 dicata
2185 2580 2306 2640 erat
2344 2583 2746 2640 beatitudinem
2781 2582 3117 2653 percipiunt.
3169 2602 3186 2633 ι
3211 2581 3302 2638 Sol
3333 2601 3350 2632 ι
3391 2579 3560 2653 igitur

1989 2674 2294 2746 «justitiam
2349 2675 2617 2730 Dominus
2657 2673 2988 2744 appellatur,
3030 2683 3091 2727 ut
3124 2673 3300 2728 factor
3339 2682 3396 2727 et
3424 2667 3556 2727 con;

1981 2775 2284 2822 sununator
2315 2766 2667 2830 saeculorum,
2691 2774 2748 2820 et
2769 2772 2831 2818 ut
2861 2764 3196 2835 principium
3223 2755 3560 2842 mmmam:

1979 2873 2266 2914 versarum
2289 2873 2352 2912 ac
2374 2857 2521 2922 ﬂuis,
2573 2852 2964 2938 qllinttlplique
3006 2853 3311 2910 secundum
3370 2840 3564 2910 Provi4

1983 2949 2224 3004 dentiam
2243 2948 2374 3004 boni
2403 2945 2743 3017 acsaplentis
2772 2947 2827 3000 in
2853 2946 3020 3001 rebus
3049 2941 3252 3016 quibus
3275 2940 3561 3016 provisuui

295 3027 396 3096 τῆς
419 3027 778 3100 ἀγαθότητος,
813 3033 910 3085 καὶ
939 3033 1066 3096 τοὺς
1094 3033 1422 3103 εὐρύνοντας
1448 3036 1585 3106 πρὸς
1609 3036 1875 3109 ὑποδοχὴν

1981 3050 2068 3096 est
2100 3040 2312 3096 ordinis
2339 3038 2671 3095 canStitutor
2706 3046 2763 3093 et
2783 3032 3002 3102 artifex,
3034 3045 3091 3094 et
3123 3045 3181 3092 ut
3201 3032 3564 3114 αξιοι-ἠοίοοέ

297 3119 395 3186 τῆς
449 3119 614 3173 αὐτοῦ
663 3123 942 3193 μακαρίας
981 3125 1200 3190 ἀκτῖνος
1246 3127 1373 3190 τοὺς
1415 3129 1625 3182 ἑαυτῶν
1652 3131 1877 3200 νοητοὺς

301 3210 503 3280 πόρους
532 3213 832 3285 πεπείρους
876 3214 968 3266 καὶ
999 3213 1296 3284 ἐδωδίμους
1327 3215 1406 3286 τῷ
1429 3215 1550 3286 Θεῷ
1579 3217 1674 3271 καὶ
1703 3220 1881 3288 Πατρι

297 3301 639 3371 ποιούμενος.
699 3304 759 3357 Ὃ
807 3305 971 3367 αὐτὸς
1010 3305 1068 3358 δέ
1117 3308 1211 3359 καὶ
1250 3307 1500 3372 ἐνιαυτός
1525 3311 1640 3363 ἐστι
1672 3311 1878 3378 Κυρίου

297 3396 506 3463 δεκτὸς,
540 3397 617 3461 ὡς
645 3397 734 3452 διὰ
762 3399 992 3452 πάντων·
1013 3399 1123 3452 τῶν
1149 3400 1477 3470 σωζομένων
1501 3403 1881 3476 πληρούμενος

299 3487 440 3540 κατά
477 3487 575 3558 τὴν
628 3487 722 3541 ὑπ’
750 3487 918 3542 αὐτοῦ
952 3489 1158 3561 νοητῶς
1183 3492 1478 3563 γινομένην
1510 3495 1881 3565 πεντάτροπον

301 3576 518 3646 κίνησιν
535 3617 549 3640 ,
601 3577 678 3640 ὡς
707 3578 891 3632 Ἡλίου
913 3579 1286 3650 δικαιοσύνης,
1315 3581 1507 3652 ἥντινα
1532 3585 1720 3654 νοήσει
1745 3587 1881 3639 πάν-

299 3683 409 3730 τως
445 3669 474 3721 ὁ
505 3668 594 3722 διὰ
617 3670 715 3740 τῆς
741 3670 850 3722 τῶν
876 3669 1218 3740 φαινομένων
1245 3672 1510 3743 ἀκριϐοῦς
1553 3676 1696 3730 κατά
1723 3675 1881 3746 λόγον

303 3761 542 3831 φυσικῆς
582 3761 817 3833 θεωρίας
865 3757 1114 3834 τὴντῶν
1149 3765 1456 3836 νοουμένων
1501 3771 1882 3841 πνευματικὴν

275 3851 278 3854 ’
307 3850 612 3921 ἐπιστήμην
640 3851 1052 3922 συλλεγόμενος.
1081 3852 1321 3908 Ἐκετθεν
1341 3855 1398 3909 δὲ
1416 3875 1434 3908 ι
1452 3857 1774 3929 ὁρμώμενος
1787 3860 1832 3892 ³⁷
1858 3881 1878 3914 ι

301 3940 518 4010 εἴρηται
539 3943 615 4012 τῷ
635 3942 939 4014 διδασκάλῳ
956 3942 1136 4016 (243
1153 3945 1229 4014 a),
1259 3947 1322 4017 «ἢ
1343 3945 1422 4016 τῷ
1442 3948 1704 4021 ὁρωμένῳ
1730 3968 1886 4022 περι-

301 4031 550 4102 γραπτὸς
569 4072 585 4098 ,
633 4051 652 4084 ι
693 4031 726 4102 ἢ
759 4033 833 4096 ὡς
882 4034 999 4104 φῶς
1025 4036 1090 4087 ἐκ
1118 4034 1315 4104 φωτὸς,
1352 4038 1448 4089 καὶ
1473 4037 1606 4102 Θεὸς
1633 4040 1886 4110 ἀληθινὸς

301 4123 366 4174 ἐκ
405 4122 542 4175 Θεοῦ
589 4125 710 4176 κατ’
733 4125 924 4178 οὐσίαν
958 4123 1213 4196 ἀληθινοῦ
1244 4126 1338 4180 τοῦ
1370 4129 1585 4200 Πατρός
1613 4133 1886 4203 γεννητῶς

299 4212 624 4283 ὁρμώμενος
643 4253 658 4278 ,
713 4215 746 4286 ἢ
795 4217 871 4279 ὡς
919 4215 1206 4285 ἄνθρωπος
1237 4219 1265 4271 6
1294 4219 1456 4284 αὐτὸς
1485 4221 1562 4292 τῷ
1592 4223 1714 4278 καθ’
1736 4225 1886 4294 ἡμᾶς

301 4303 566 4374 ὁρωμένῳ
614 4307 716 4376 τῆς
757 4306 976 4375 φύσεως
1021 4308 1154 4360 εῖδει
1187 4312 1608 4382 περιγραπτὺς,“
1631 4315 1884 4388 καθάπερ

1985 3131 2243 3186 universa
2273 3130 2494 3200 replens
2513 3127 2694 3200 plenis
2716 3128 2984 3184 bonitatis
3014 3126 3340 3192 missilibus,
3373 3113 3432 3183 et
3465 3128 3564 3182 eos

1982 3227 2076 3298 qui
2110 3227 2254 3282 beati
2284 3227 2406 3296 ejus
2432 3216 2573 3280 radii
2596 3221 2901 3293 reeipiendi
2935 3221 3111 3292 gratia
3161 3220 3564 3276 ihtellectualcs

1984 3313 2202 3367 canales
2231 3327 2364 3366 suos
2395 3311 2662 3380 amplient
2709 3318 2956 3364 maturos
2991 3314 3049 3365 et
3102 3309 3417 3364 esculentos
3449 3303 3563 3364 Ι)οό

1983 3411 2040 3457 et
2075 3403 2224 3458 Patri
2251 3402 2512 3457 reddens.
2535 3401 2686 3456 Idem
2721 3407 2854 3456 Vero
2879 3409 2938 3456 et
2973 3406 3153 3455 annus
3203 3400 3422 3455 Domini
3466 3397 3561 3456 ac:-

1985 3495 2274 3565 eeptabilis
2305 3502 2408 3560 est,
2439 3502 2500 3548 ut
2527 3509 2628 3564 per
2650 3507 2845 3548 omnes
2875 3492 3278 3563 quiserva’ntur
3299 3493 3562 3548 consum;

1985 3593 2164 3640 matus
2203 3583 2506 3640 secundum
2549 3581 2898 3653 quintuplam
2939 3598 3063 3653 quae
3112 3583 3564 3640 intellectuaiiter

1985 3673 2046 3728 ﬁt
2072 3673 2142 3728 ab
2171 3687 2260 3738 eo,
2294 3681 2554 3741 tanquam
2581 3671 2812 3742 iustitiae
2859 3671 3008 3739 Sole,
3036 3672 3363 3740 motionem,
3395 3670 3562 3745 quam

1984 3773 2204 3828 noverit
2267 3773 2429 3843 plane
2478 3771 2799 3842 quicunque
2848 3789 2948 3844 per
2997 3772 3315 3846 diligentem
3349 3773 3564 3834 ratione

1987 3880 2172 3920 rerum
2197 3880 2321 3935 qua:
2349 3864 2493 3919 visui
2550 3872 2741 3919 nostro
2801 3859 3030 3934 objecta:
3063 3869 3194 3922 sunt
3251 3870 3563 3924 naturalem

1987 3954 2506 4024 contemplationem
2533 3953 2819 4024 collegerit
2849 3955 3193 4026 spiritualem
3215 3973 3408 4013 eorum
3441 3975 3566 4029 quze

1987 4055 2293 4103 noscuntur
2314 4045 2624 4102 scientiam.
2655 4039 2812 4102 Illinc
2846 4063 2978 4103 vero
3009 4067 3027 4099 ι
3069 4051 3451 4120 progrediens,
3475 4037 3563 4108 vel

1989 4139 2056 4194 ad
2083 4146 2294 4209 partem
2329 4146 2449 4192 eam
2479 4153 2601 4207 quae
2631 4138 2808 4194 oculis
2835 4140 3084 4196 cernitur
3107 4141 3566 4214 circumscriptus
3621 4173 3627 4178 -

1989 4237 2048 4286 et
2081 4229 2346 4284 deﬁnitus
2372 4247 2390 4278 ι
2431 4243 2462 4282 a
2491 4227 2756 4299 magistro
2791 4229 3098 4298 appellatus
3127 4239 3230 4296 est,
3263 4233 3349 4288 vel
3377 4241 3438 4287 ut
3471 4230 3567 4288 lui

1990 4321 2060 4377 de
2084 4323 2227 4384 luce,
2280 4330 2337 4376 et
2380 4321 2528 4376 Deus
2556 4335 2722 4375 verus
2769 4321 2838 4376 de
2877 4321 2990 4377 Deo
3029 4321 3400 4378 essentialiter
3431 4323 3566 4381 vero

299 4393 449 4464 ἥλιος
507 4397 536 4449 6
585 4397 650 4450 ἐκ
691 4399 786 4452 τοῦ
832 4399 1064 4470 οὐρανοῦ
1114 4399 1436 4472 ὁρμώμενος
1466 4404 1544 4476 τῷ
1571 4409 1875 4480 φαινομένῳ

1989 4413 2150 4467 Patre
2199 4411 2576 4482 generationis
2627 4411 2715 4466 via
2768 4403 3148 4484 progrediens,
3178 4415 3264 4470 vel
3312 4411 3567 4471 uthomo

298 4485 588 4540 δισκοειδεῖ
619 4488 834 4556 σώματι
861 4490 1327 4562 περιγέγραπται.

1989 4504 2134 4559 idem
2163 4504 2258 4574 qui
2321 4502 2376 4557 in
2404 4501 2566 4576 nobis
2603 4501 2826 4558 videtur
2851 4513 3065 4560 natura:
3089 4505 3274 4575 specie
3323 4507 3566 4587 circurn-

300 4577 562 4648 scriptus,
615 4579 1081 4648 quemadmodum
1139 4581 1244 4650 sol,
1283 4587 1379 4654 qui
1448 4587 1517 4642 de
1585 4591 1725 4646 coelo
1787 4597 2150 4666 progrediens
2171 4605 2406 4666 corpore
2449 4595 2605 4650 disco
2644 4595 2810 4652 simili
2857 4596 3156 4667 appa'rente
3211 4579 3565 4656 circumscri-

299 4671 470 4728 bitur.

316 4849 419 4902 Ἐκ
450 4848 559 4902 τοῦ
589 4849 778 4904 αὐτοῦ
805 4854 990 4922 λόγου
1023 4859 1110 4922 εἰς
1138 4861 1227 4914 τό·
1319 4864 1672 4930 Θαυμαστὸν
1703 4866 1884 4922 οὐδὲν

375 4943 428 4991 εί
475 4939 744 5007 μάλιστα
812 4948 938 4999 κατ’
985 4945 1156 5004 οἷκον
1205 4953 1470 5008 exactor
1531 4955 1884 5026 ἐπιζητεῖται

375 5031 442 5084 τό
473 5034 770 5098 πρόϐατον
792 5037 923 5109 (45).
939 5059 958 5091 ι

379 5122 563 5212 Εἴποι*
584 5123 630 5176 δ’
669 5125 734 5179 ἀν
774 5144 892 5193 τις,
947 5133 1043 5186 καὶ
1090 5135 1348 5206 εὐλόγως,
1383 5138 1457 5202 ὡς
1485 5135 1656 5209 οἶμαι,
1699 5143 1882 5212 τυχὸν,

307 5215 484 5284 Εῐπερ
513 5210 594 5278 εἷς
623 5217 770 5269 ἐστιν
801 5221 830 5272 6
853 5222 1088 5289 Χριστὸς
1115 5230 1142 5282 6
1166 5225 1254 5282 διὰ
1279 5230 1444 5300 νόμου
1469 5231 1563 5284 καὶ
1591 5210 1887 5302 προφητῶν

268 5393 274 5398 γ
309 5304 406 5356 καὶ
452 5303 550 5373 τῆς
599 5303 743 5360 κατά
785 5307 882 5378 τὴν
925 5313 1102 5367 κτίσιν
1156 5317 1572 5387 μεγαλειότητος
1608 5321 1888 5390 μυστικῶς

385 5425 409 5463 ν
445 5415 581 5472 Luc.
613 5434 689 5482 ιν,
716 5419 801 5474 l9.

385 5555 430 5588 "
459 5555 846 5626 Apographum
881 5559 1084 5628 praebet
1115 5563 1172 5614 h.
1211 5519 1250 5614 ll.
1282 5564 1576 5634 ὁρώμενος.

1993 4863 2078 4921 Ex
2106 4865 2283 4919 eodem
2309 4868 2551 4918 sermone
2575 4865 2630 4918 in
2671 4863 2846 4921 illud:
2877 4887 2896 4918 ι
2918 4853 3064 4924 Illud
3100 4855 3314 4927 minime
3356 4877 3564 4933 mirans

2060 4957 2206 5022 dum,
2227 4934 2648 5026 .quod-max-ime
2697 4974 2792 5029 per
2826 4959 3065 5032 singulas
3111 4965 3292 5020 domos
3341 4955 3449 5023 ovis
3480 4985 3566 5024 res

2061 5049 2308 5119 quiritur.
2335 5066 2354 5098 ι

2061 5142 2218 5197 Dicat
2248 5154 2382 5194 vero
2409 5139 2612 5212 aliquis
2659 5139 2915 5207 fortasse,
2952 5155 3055 5198 nec
3085 5144 3206 5200 sine
3237 5148 3473 5218 ratione,
3506 5143 3570 5206 ut

1993 5233 2128 5288 mihi
2175 5231 2424 5307 videtur:
2473 5229 2532 5284 Si
2577 5230 2801 5300 quidem
2862 5249 3006 5288 unus
3053 5243 3139 5290 est
3165 5234 3441 5306 Christus,
3471 5241 3571 5310 per

1995 5325 2174 5395 legem
2196 5325 2251 5378 et
2271 5319 2589 5393 prophetas,
2610 5337 2817 5392 perque
2844 5325 3180 5383 conditionis
3213 5329 3577 5399 magnificenz
3649 5349 3651 5351 ί

1589 5494 1824 5548 νΑοιΑῐ
1868 5497 2270 5554 LECTIONES.

383 5668 497 5740 (43)
537 5670 690 5724 idem
743 5671 887 5739 ibid.,
925 5689 1044 5744 cap.
1085 5676 1170 5743 li,
1219 5691 1272 5743 p.
1311 5677 1436 5743 856,
1483 5687 1613 5734 tom.
1666 5680 1854 5750 lOpp.
1897 5682 2030 5737 edit.
2079 5683 2280 5740 Bened.
