3938 6148
217 352 350 422 1361

1437 354 1956 417 AMBIGUORUM
1995 356 2242 418 LIBER.

3324 357 3462 424 1362

208 487 390 542 ρυκος,
408 468 500 523 καὶ
523 467 834 536 ἰδιοτρόπως
859 467 986 528 ἴδιος
1007 465 1238 520 ἑκάστου
1255 467 1362 518 τῶν
1385 465 1553 534 ἁγίων
1576 465 1717 518 κατὰ
1731 464 1787 516 τὸ

1899 465 2024 519 ﬁdei
2051 466 2106 520 in
2159 469 2392 538 singulis
2434 469 2680 534 modulo,
2723 485 2933 540 proque
2964 471 3142 540 gratia
3187 488 3310 542 quae
3343 474 3473 528 sul:-

207 563 404 632 μὲτρον
422 559 517 630 τῆς
533 562 590 613 ὲν
612 559 827 628 ἑκάστῳ
850 559 1102 621 πίστεως,
1123 559 1214 620 καὶ
1241 554 1338 627 τὴν
1359 556 1791 626 ἐπιχορηγουμέυ

205 665 302 719 νην
327 650 490 720 χάριν
511 647 605 700 τοῦ
631 639 1020 717 Πνεύματος,ᾧ
1052 647 1148 717 μὲν
1179 645 1371 708 οὕτως,
1411 640 1454 712 ᾧ
1486 645 1541 698 δὲ
1575 645 1769 708 οὑτως.

205 739 593 810 εὑρισκόμενος
626 739 744 802 ὅλος
758 741 853 802 ,καὶ
876 737 999 807 ὅλῳ,
1019 738 1152 790 πᾶσι
1181 737 1237 790 δὲ
1273 738 1452 792 πάντα
1478 737 1781 806 γινόμενος.

217 916 320 974 Ἐκ
350 917 458 972 τοῦ
499 917 686 972 αὐτοῦ
715 918 899 988 λόγου
929 922 1015 984 εἰς
1049 919 1116 972 τό
1135 936 1146 948 ·
1187 939 1205 970 ‹
1243 919 1434 971 Ὅσον
1461 917 1582 986 μὲν·
1619 934 1769 985 σαρ-

275 1008 462 1076 κῶδες
490 1010 596 1064 τοῦ
634 1011 820 1078 λόγου
861 1010 958 1064 καί
987 1015 1296 1078 τρόφιμον,
1331 1011 1479 1078 μετὰ
1517 1009 1634 1062 τῶν
1663 1009 1774 1061 ἐν·-

275 1103 538 1156 δοσθίων
565 1103 661 1154 καὶ
690 1099 808 1154 τῶν
835 1103 1104 1168 κρυφίων
1131 1102 1234 1154 τοῦ
1263 1101 1375 1154 νοῦ
1399 1099 1780 1168 ,ϐρωθιξσεται

274 1191 373 1244 καὶ
393 1193 482 1256 εἰς
501 1189 687 1258 πέψιν
701 1190 1114 1259 πνευματικὴν
1133 1189 1573 1256 ἀναδοθήσετιιι
1597 1190 1730 1258 (44).
1758 1206 1777 1239 ι

283 1305 345 1357 'O
376 1305 556 1357 πᾶσαν
595 1303 734 1374 μετά
765 1304 958 1372 σοφίας
991 1304 1151 1372 φύσιν
1177 1305 1486 1372 ὑποστήσας
1507 1304 1658 1366 Θεὸς,
1691 1305 1784 1357 καὶ

206 1393 432 1464 πρώτην
476 1396 686 1466 ἑκάστῃ
733 1395 842 1448 τῶν
886 1395 1122 1462 λογικῶν
1177 1395 1378 1448 οὐσιῶν
1415 1395 1643 1464 δύναμιν
1688 1396 1786 1464 τὴν

204 1485 371 1538 αὑτοῦ
417 1485 620 1552 γνῶσιν
652 1485 900 1555 κρυφίως
942 1487 1250 1555 ἐνθέμενος,
1285 1488 1482 1540 δέδωκε
1519 1489 1612 1540 καὶ
1658 1489 1788 1558 ἡμῖν

203 1576 318 1636 τοῖς
337 1577 616 1637 ταπεινοῖς
641 1575 971 1644 ἀνθρώποις,
989 1576 1064 1640 ὡς
1089 1577 1462 1647 μεγαλόδωρος
1483 1581 1781 1645 Δεσπότης,

207 1667 348 1719 κατά
378 1669 540 1735 φύσιν
581 1668 672 1720 τὸν
707 1671 786 1730 είς
808 1668 970 1721 αὐτὸν
998 1667 1163 1721 πόθον
1191 1671 1286 1722 καὶ
1318 1669 1518 1738 ἔρωτα,
1550 1687 1784 1724 συνεπι-

207 1755 417 1822 πλέξας
458 1757 609 1828 αύτῷ
648 1759 894 1828 φυσικῶς
939 1757 1032 1810 τοῦ
1078 1759 1238 1828 λόγου
1271 1761 1369 1829 τὴν
1406 1761 1656 1830 δύναμιν,
1697 1761 1783 1830 ἐφ’

1901 556 2210 614 ministrata
2241 569 2326 614 est
2361 561 2520 616 alteri
2557 561 2682 626 hoc,
2713 562 2870 617 alteri
2912 561 3008 616 illo
3059 563 3247 626 modo,
3285 565 3472 619 omnis

1882 644 1938 699 in
1959 649 2108 703 omni
2132 650 2410 716 inventus,
2441 653 2655 707 cunctis
2680 668 2812 708 vero
2841 661 3044 709 cuncta
3087 653 3342 710 effectus.

1882 919 1961 974 Ea:
1979 917 2157 972 eodem
2187 933 2425 970 sermone
2443 919 2496 970 in
2516 917 2680 972 illud:
2711 937 2726 967 ι
2749 917 3014 988 Quidquid
3031 935 3189 988 porro
3213 937 3467 974 corneum

1953 1020 2001 1062 et
2039 1007 2361 1062 esculentum
2389 1009 2542 1062 habet
2583 1009 2846 1067 doctrina.
2897 1026 3017 1062 cum
3052 1011 3316 1064 intestinis
3373 1011 3466 1064 ab-

1957 1101 2180 1170 ditisque
2251 1102 2438 1153 mentis
2509 1101 2748 1170 partibus
2803 1101 3124 1165 comedetur,
3188 1111 3346 1170 atque
3399 1103 3468 1156 ad

1955 1191 2288 1260 spiritualem
2321 1192 2706 1244 concoctionem
2739 1193 3026 1260 digeratur.
3053 1211 3069 1242 ι

1954 1305 2184 1360 Omnem
2246 1321 2380 1358 cum-
2443 1304 2710 1372 sapientia
2746 1313 2997 1358 naturam
3051 1305 3144 1373 qui
3209 1305 3469 1374 produxit

1887 1397 2053 1459 Deus,
2087 1405 2143 1450 et
2187 1395 2536 1450 rationalium
2575 1395 2874 1464 unicuique
2929 1395 3294 1450 essentiarum
3346 1397 3466 1464 pri-

1889 1506 2034 1544 mam
2065 1490 2378 1545 facultatem
2409 1491 2626 1545 occulte
2677 1489 2877 1544 inserit
2931 1490 3018 1544 sui
3065 1490 3463 1560 cognitionem,

1893 1581 1938 1636 is
1968 1581 2130 1634 nobis
2161 1581 2468 1634 humilibus
2540 1581 2860 1634 hominibus
2893 1595 3134 1649 quoque,
3167 1589 3225 1634 ut
3265 1581 3466 1634 libera-

1891 1673 2132 1727 lissimus
2156 1672 2438 1734 Dominus,
2462 1673 2708 1727 naturale
2729 1673 3001 1740 quoddam
3027 1673 3110 1726 sui
3129 1671 3466 1729 desiderium

1891 1761 2043 1815 dedit
2075 1769 2240 1828 atque
2263 1775 2526 1820 amorem,
2567 1775 2676 1813 una
2727 1776 2973 1815 connexa
2999 1776 3122 1814 cum
3145 1776 3213 1814 eo
3242 1768 3470 1814 natura-

203 1839 248 1916 ᾧ
281 1819 592 1919 δύνηθῆναί
627 1819 770 1919 μετὰ
815 1819 1097 1921 ῥαστώνης
1125 1819 1336 1918 γνῶναί
1379 1855 1506 1916 τοὺς
1546 1819 1786 1922 τρόπούς

1896 1851 2017 1904 liter
2041 1819 2302 1904 doctrinae
2323 1848 2714 1918 facultate,q-uo
2749 1849 2964 1903 facilius
2997 1858 3219 1918 possent
3267 1863 3470 1918 cogno-

205 1941 307 2010 τῆς
335 1938 428 1993 τοῦ
483 1940 650 1994 πόθου
689 1941 1046 2010 πληρώσεως,
1085 1944 1180 1996 καὶ
1213 1947 1288 2014 μὴ
1322 1944 1786 2014 παρασφαλέντας

205 2031 530 2102 διαμαρτεῖν
558 2025 619 2084 οὗ
651 2035 834 2102 τυχεῖν
863 2031 1268 2102 ἀγωνιζόμεθα.
1296 2035 1452 2087 Κατά
1476 2035 1666 2088 τοῦτον
1691 2034 1784 2088 οῦν

205 2123 522 2192 κινούμενοι
552 2123 643 2175 τὸν
675 2122 840 2177 πόθον
871 2123 998 2194 περί
1052 2141 1108 2177 τε
1157 2125 1257 2194 τῆς
1312 2124 1573 2195 ἀληθείας
1611 2127 1784 2195 αὐτῆς

206 2215 305 2266 καὶ
340 2214 440 2281 τῆς
489 2214 769 2278 εὐτάκτως
799 2217 914 2276 τοῖς
966 2215 1110 2279 ὅλοις
1161 2217 1566 2286 ἐμφαινομένης
1594 2217 1785 2286 σοφίας

205 2321 268 2356 τε
295 2307 389 2358 καὶ
421 2305 741 2376 διοικήσεως
785 2305 969 2376 ζητεῖν
995 2307 1304 2377 ὲναγόμεθα
1332 2309 1542 2361 ἐκείνου
1577 2313 1780 2379 τυχεῖν,

204 2395 297 2448 διά
325 2395 532 2448 τούτων
561 2395 893 2466 γλιχόμενοι,
926 2391 987 2452 οὗ
1013 2398 1175 2468 χάριν
1193 2398 1284 2450 τὸν
1307 2397 1472 2452 πόθον
1496 2399 1782 2468 ἐλάϐομεν.

205 2487 322 2540 Kal.
358 2485 516 2540 τοῦτο
565 2488 844 2556 μυστικῶς
891 2491 1192 2555 ἐγνωκότες
1231 2492 1279 2542 οἱ
1321 2491 1644 2562 φιλομαθεῖς
1691 2493 1788 2546 καὶ

205 2577 482 2647 φιλότιμοι
506 2579 606 2648 τῆς
635 2579 895 2651 ἀληθείας
916 2583 1149 2650 ἐρασταὶ
1185 2580 1312 2652 μίαν
1335 2583 1640 2654 ἐστήσαντο
1661 2601 1784 2654 σχο-

204 2667 308 2738 λὴν
345 2669 440 2722 καὶ
467 2671 824 2742 προσεδρείαν
866 2672 1078 2734 ἑαυτοῖς
1111 2672 1211 2742 τὴν
1247 2673 1377 2743 περὶ
1419 2673 1610 2728 τούτου
1639 2675 1790 2744 φιλό-

207 2775 374 2812 πονον
397 2759 652 2831 ἄσκησιν,
695 2762 938 2834 ἀκριϐῶς
977 2763 1074 2816 ὑπ’
1099 2763 1270 2834 αὐτῆς
1299 2764 1406 2818 τῶν
1447 2767 1788 2836 πραγμάτων

203 2849 309 2920 τῆς
354 2849 592 2920 ἀληθοῦς
637 2853 1022 2922 κατανοήσεώς
1067 2873 1128 2908 τε
1181 2859 1276 2910 καὶ
1323 2857 1646 2922 ἀκολουθίας
1681 2877 1787 2930 μα-

206 2939 398 3004 θόντες
427 2941 524 3007 ὠς,
561 2943 745 3016 (244
789 2946 840 3016 b)
887 2947 1046 3018 εἴπερ
1090 2948 1233 3002 κατά
1275 2949 1367 3002 τὸν
1397 2949 1570 3004 αἰῶνα
1600 2951 1789 3006 τοῦτον

207 3031 397 3096 ποσῶς
425 3033 494 3086 δι’
532 3033 776 3089 εὐσεϐῶν
795 3035 1170 3108 θεωρημάτων
1190 3039 1289 3110 τὴν
1317 3041 1622 3110 μέλλουσαν
1652 3043 1788 3115 ἀλή-

1892 1955 2046 1994 scere
2093 1939 2286 1994 modos
2311 1939 2574 1994 desiderii
2617 1940 2901 2010 explendi,
2937 1955 3002 1994 ac
3033 1955 3104 1994 ne
3141 1941 3466 1994 aberrantes

1893 2046 1958 2085 eo
1993 2029 2314 2084 exciderent
2335 2030 2480 2098 quod
2516 2031 2773 2099 consequi
2815 2038 3118 2084 certamus.
3153 2030 3266 2084 Hoc
3299 2029 3468 2099 igitur

1893 2120 2170 2174 desiderio
2192 2120 2450 2174 commoti
2475 2131 2584 2174 tam
2606 2121 2748 2177 circa
2774 2122 2944 2190 ipsam
2971 2121 3261 2175 veritatem
3303 2135 3466 2190 quam

1894 2211 2038 2264 circa
2061 2211 2385 2280 sapientiam
2411 2211 3056 2281 administrationemque
3081 2227 3218 2282 quas
3241 2212 3469 2280 pulcher

1894 2300 1950 2352 in
1977 2301 2140 2354 rebus
2164 2299 2436 2355 universis
2459 2300 2775 2355 manifestat
2805 2300 2944 2356 ordo
2990 2299 3045 2355 id
3093 2299 3315 2354 studere
3361 2300 3468 2354 im-

1894 2393 2172 2464 pellimur,
2189 2392 2276 2447 his
2294 2393 2523 2459 incensi,
2547 2402 2606 2448 ut
2624 2393 2772 2448 illius
2793 2401 3076 2461 compotes
3099 2391 3294 2446 fiamus
3309 2391 3467 2461 cujus

1893 2483 2068 2554 gratia
2097 2482 2434 2538 desiderium
2463 2483 2729 2554 cepimus.
2762 2483 2917 2549 Quod
2949 2499 3074 2538 cum
3125 2483 3352 2553 mystice
3381 2481 3466 2535 in-

1896 2573 2208 2628 tellexerint
2240 2573 2477 2628 studiosi
2503 2581 2559 2629 et
2581 2573 2859 2629 ambitiosi
2893 2573 3141 2628 veritatis
3171 2581 3465 2637 amatores,

1895 2677 2059 2717 unam
2097 2663 2200 2717 sibi
2231 2663 2642 2720 collocaverunt
2667 2665 2914 2719 scholam
2933 2671 2990 2718 et
3023 2663 3191 2718 studii
3229 2663 3468 2718 assidui-

1897 2759 2062 2807 tatem
2079 2767 2306 2822 gnavam
2324 2753 2471 2809 circa
2496 2753 2602 2808 hoc
2621 2753 3098 2817 exercitationem,
3120 2761 3376 2809 accurate
3399 2752 3469 2806 ab

1895 2844 2014 2914 ipsa
2031 2859 2216 2899 rerum
2243 2860 2372 2900 vera
2389 2845 2701 2916 cognitione
2729 2855 2786 2900 et
2827 2847 3072 2917 legitima
3097 2846 3308 2902 ratione
3329 2845 3468 2900 edo-

1895 2935 1991 2998 cti,
2013 2935 2182 3006 quod,
2213 2935 2259 2990 si
2289 2936 2396 2990 hoc
2422 2935 2480 2990 in
2517 2937 2718 2992 saeculo
2761 2938 3005 2992 futuram
3039 2938 3332 2992 veritatem
3371 2952 3472 3006 per

1890 3027 2016 3097 pias
2085 3029 2580 3098 contemplationes
2644 3029 2992 3098 aliquatenus
3045 3030 3467 3100 expressissent,

203 3118 362 3176 θειαν
389 3124 775 3187 εἰκονίσαιντο.
818 3127 912 3181 καὶ
935 3129 1026 3182 τὸν
1057 3128 1225 3184 πόθον
1246 3129 1784 3204 πληροφορήσουσιν,
1818 3165 1862 3224 C
1895 3118 2468 3189 ἀεεῑάετίιιιηαυοίιιιθ
2489 3119 2776 3184 satiarent.
2805 3128 3092 3190 βοειαυειιη
3111 3121 3467 3190 Ρθηὶιίοτθῐηυ

202 3211 574 3286 ἑτοιμοτέραν
621 3215 696 3279 ὡς
729 3219 844 3280 τοῖς
889 3218 1127 3273 ἐνταῦθα
1171 3223 1356 3287 καλῶς
1388 3223 1792 3294 γυμνασθεῖσαν

199 3300 304 3374 τὴν
331 3302 514 3374 ψυχὴν
552 3305 867 3376 ἐσχηκότες,
903 3309 1116 3379 ἀκμητὶ
1151 3313 1290 3378 μετά
1327 3311 1420 3364 τὸν
1448 3311 1562 3382 βίον
1600 3315 1792 3366 τοῦτον

199 3394 297 3449 ἐπὶ
349 3396 458 3466 τὴν
496 3395 802 3462 μέλλουσαν
843 3398 1108 3468 ἀλήθειαν
1163 3400 1598 3471 μεταϐήσονται,
1639 3420 1794 3458 σκια-

199 3486 596 3564 γραφηθεῖσαν
641 3488 823 3552 αὐτοῖς
857 3489 956 3560 ἢδη
1005 3489 1188 3555 καλῶς
1235 3492 1323 3548 διὰ
1358 3493 1468 3546 τῶν
1503 3493 1794 3564 θειοτέρων

196 3561 526 3649 νοημάτων,
561 3578 790 3646 ἄγοντος
811 3579 1010 3644 αὐτοὺς
1031 3582 1118 3635 ἐπ’
1135 3583 1304 3654 αὑτὴν
1324 3582 1525 3656 δηλαδὴ
1550 3584 1648 3656 τὴν
1669 3561 1796 3658 ἀλή·

195 3668 352 3724 θειαν
391 3667 499 3724 τοῦ
545 3668 680 3722 Θεοῦ
723 3671 816 3724 καὶ¹
845 3671 1099 3742 Σωτῆρος
1131 3673 1288 3743 ἡμῶν
1329 3673 1504 3745 Ἰησοῦ
1531 3675 1791 3746 Χριστοῦ,

191 3759 290 3814 καὶ
310 3758 510 3828 ἁπλῆν
553 3759 648 3812 καὶ
677 3759 932 3830 ἀρίδηλον
977 3759 1074 3812 καὶ
1125 3760 1250 3831 δίχα
1294 3747 1497 3832 πάσης
1529 3762 1790 3834 ἀπορίας,

197 3849 558 3923 συμϐολικῆς
585 3867 646 3903 τε
681 3851 956 3916 ποικιλίας
1001 3851 1094 3905 καὶ
1131 3853 1312 3924 πάσης
1357 3853 1794 3924 αίνιγματὼδους

200 3938 504 4010 ἀσαφείας,
538 3939 724 4002 αὐτοῖς
753 3939 1238 4009 παραδεικνύντος,
1265 3941 1655 4014 ἀποδρασάσης
1691 3944 1792 3997 αύ-

199 4029 316 4092 τοῖς
365 4027 564 4098 ὥσπερ
610 4029 702 4080 ἐπὶ
742 4031 840 4098 τῆς
875 4029 1192 4102 πρακτικῆς
1234 4031 1436 4101 ἀρετῆς
1469 4033 1662 4106 ὀδύνης
1697 4035 1792 4088 καὶ

199 4118 385 4189 λύπης
416 4119 515 4172 καὶ
545 4119 852 4188 στεναγμοῦ
889 4119 978 4174 διὰ
1007 4119 1106 4190 τὴν
1132 4120 1346 4175 τελείαν
1369 4123 1660 4191 ἀπάθειαν,
1701 4123 1794 4178 οῦ·-

199 4228 282 4263 τω
323 4211 425 4263 καὶ
461 4211 559 4262 ἐπὶ
587 4210 687 4279 τῆς
712 4209 1058 4282 θεωρητικῆς
1083 4209 1362 4279 γνώσεως,
1397 4214 1665 4284 ἀσαφείας
1688 4214 1793 4268 πά-

203 4318 308 4372 σης
337 4301 434 4354 καὶ
463 4288 725 4370 ἀπορίας,
761 4301 846 4354 διά
877 4302 980 4373 τὴν
1023 4301 1234 4370 σοφίαν,
1268 4304 1661 4375 προστεθείσης
1695 4306 1794 4359 αὑ-

201 4395 343 4457 τοῖς,
367 4390 630 4444 ἐντεῦθεν
651 4389 878 4444 λαϐοῦσι
903 4394 1004 4456 τὰς
1030 4392 1415 4456 ὑποτυπώσεις
1431 4394 1619 4465 αὑτης,
1641 4412 1794 4466 τηνι-

1895 3221 1956 3267 ut
1989 3213 2225 3267 terrenis
2265 3211 2352 3266 his
2395 3211 2564 3266 rebus
2602 3212 2776 3281 probe
2803 3211 3178 3275 exercitatam,
3229 3221 3470 3267 mentem

1893 3303 2040 3357 nacti
2077 3302 2208 3367 sint,
2241 3303 2362 3358 sine
2392 3303 2504 3357 ullo
2529 3303 2720 3358 labore
2755 3311 2882 3372 post.
2913 3307 3053 3357 hanc
3082 3303 3250 3356 vitam
3299 3302 3354 3355 in
3381 3300 3470 3356 fu-

1893 3399 2075 3447 turam
2101 3391 2410 3463 perrecturi
2440 3391 2749 3456 veritatem,
2787 3407 2908 3461 qua:
2931 3393 3042 3462 jam
3073 3391 3302 3460 pulchre
3336 3389 3472 3461 ipsis

1892 3497 1992 3552 per
2017 3481 2246 3538 divinas.
2282 3466 2641 3553 cogitationes
2691 3481 3016 3536 adumbrata
3045 3489 3146 3536 est.
3207 3481 3345 3536 Tum
3375 3495 3472 3536 eos

1895 3573 1961 3627 ad
2019 3573 2190 3642 ipsam
2239 3586 2436 3640 nempe
2472 3571 2762 3626 veritatem
2819 3569 3055 3626 deducet
3084 3571 3231 3625 Deus
3251 3577 3307 3625 et
3349 3569 3470 3625 Sal-

1892 3674 2050 3718 vator
2088 3672 2277 3718 noster
2325 3664 2484 3719 Jesus
2519 3662 2773 3718 Christus
2808 3662 3225 3732 simplicemque
3255 3673 3312 3716 et
3355 3662 3472 3717 ela-

1893 3771 2010 3810 ram
2037 3754 2298 3824 omnique
2333 3752 2652 3809 difﬁcultate
2687 3754 3096 3826 symbolieaque
3119 3754 3388 3808 varietate
3411 3762 3470 3808 et

1891 3847 2042 3903 omni
2073 3847 2409 3902 obscuritate
2441 3846 2676 3900 solutam
2710 3846 2792 3901 eis
2843 3845 3283 3916 repraesentabit,
3316 3853 3467 3914 post-

1893 3955 2056 4011 quam
2095 3937 2406 4009 aufugerint
2443 3952 2560 4004 eos,
2598 3944 2659 3991 ut
2681 3937 2856 3993 activa
2899 3937 3054 4006 pulsa
3073 3936 3298 4000 virtute,
3321 3951 3470 3990 :eru~

1895 4048 2019 4086 mna
2058 4040 2113 4086 et
2139 4031 2296 4085 dolor
2322 4043 2379 4085 et
2409 4032 2666 4101 gemitus.
2696 4031 2766 4084 ob
2801 4030 3098 4099 perfectam
3157 4027 3472 4098 impassibi-

1893 4123 2128 4188 litatem,
2161 4123 2236 4178 ita
2269 4123 2693 4192 contemplativa
2738 4125 2926 4194 ejectre
2971 4123 3306 4194 cognitione,
3339 4122 3468 4177 obs-

1873 4214 2104 4270 curitas
2134 4229 2354 4283 quoque
2383 4213 2564 4268 omnis
2589 4223 2645 4268 et
2697 4213 2968 4284 angustia,
3001 4212 3072 4268 ob
3117 4212 3468 4283 sapientiam,

1895 4305 2044 4361 nuda
2069 4304 2292 4374 quidem
2330 4305 2588 4369 veritate,
2631 4305 2787 4376 cujus
2817 4303 2944 4360 inde
2978 4304 3090 4360 sint
3115 4303 3469 4372 informatio-

1895 4412 1996 4451 nes
2023 4395 2260 4466 capturi,
2314 4395 2384 4450 iis
2439 4395 2710 4465 apposita.
2747 4393 2906 4450 Omni
2937 4394 3108 4460 enim,
3157 4394 3338 4464 inquit
3372 4395 3470 4464 qui

203 4479 388 4534 καῦτα
418 4482 641 4550 γυμνῆς
683 4479 784 4549 τῆς
828 4480 1112 4552 ἀληθείας.
1148 4482 1322 4536 Παντὶ
1361 4482 1490 4552 γάρ,
1529 4484 1685 4552 φησι,
1716 4483 1787 4553 τῷ

1897 4487 2083 4552 habet,
2149 4487 2488 4549 desiderium
2541 4486 2799 4542 videlicet
2859 4502 3052 4542 eorum
3099 4502 3222 4558 quae
3281 4487 3471 4542 futura

203 4570 410 4642 ἔχοντι,
445 4571 694 4642 δηλονότι
723 4571 815 4627 τὸν
849 4573 982 4644 περὶ
1012 4573 1121 4626 τῶν
1152 4573 1453 4644 μελλόντων
1485 4575 1669 4638 πόθον,
1704 4577 1794 4630 δο-

205 4661 462 4732 θήσεται,
495 4662 592 4716 καὶ
633 4660 1032 4733 προτεθήσεται
1085 4662 1306 4727 πάντως
1343 4666 1375 4734 ἡ
1409 4664 1518 4717 τῶν
1560 4665 1796 4718 αἰωνίων

203 4752 434 4820 ἀγαθῶν
469 4751 796 4816 ἀπόλαυσις.
834 4751 1097 4816 Πλούσιός
1143 4754 1254 4826 γὰρ
1301 4755 1562 4826 ὑπάρχων
1601 4757 1629 4809 ὁ
1662 4756 1794 4820 Θεὸς

204 4843 366 4914 ἡμῶν
407 4844 670 4897 οὐδέποτε
702 4844 861 4914 λὴγει
897 4848 1012 4908 τοῖς
1053 4846 1343 4914 ἀγαπῶσιν
1380 4847 1543 4902 αὑτὸν
1584 4851 1654 4903 τὰ
1679 4847 1795 4902 θεῖα

201 4935 484 5004 διανέμων
527 4935 679 5008 δῶρα
706 4937 808 5006 τῆς
851 4937 1132 5007 γνώσεως,
1179 4940 1324 5009 άπερ
1359 4939 1469 4992 οὐδ’
1503 4939 1793 5009 ὀνομάζειν

203 5025 355 5082 κατά
383 5027 478 5080 τὸν
503 5025 680 5081 αἰῶνα
711 5027 898 5082 τοῦτον
927 5028 1223 5100 δυνάμεθα,
1257 5029 1346 5083 διὰ
1369 5030 1428 5083 τὸ
1451 5030 1632 5084 αὑτῶν
1660 5029 1793 5099 ὕψος

207 5119 301 5174 καὶ
337 5116 598 5189 μέγεθος,
621 5119 780 5190 εἴπερ
811 5119 1068 5190 ἀληθεύει
1097 5121 1324 5188 φάσκων
1351 5121 1480 5191 περὶ
1509 5123 1607 5190 τῆς
1638 5120 1796 5191 ἐσχά-

201 5231 304 5285 της
333 5213 745 5284 μακαριότητος
764 5215 792 5266 ὀ
812 5216 984 5285 μέγας
1019 5214 1346 5277 Ἀπόστολος
1372 5214 1629 5284 ὑπεράνω
1653 5231 1790 5267 παν-

201 5305 296 5370 τὸς
326 5305 599 5375 ὀνόματος
628 5303 1032 5376 ὀνομαζομένου
1065 5304 1234 5376 αὐτὴν
1261 5301 1420 5364 εἶναι.
1447 5306 1507 5358 ού
1544 5305 1706 5374 μόνον
1731 5307 1788 5358 ἐν

200 5396 280 5467 τῷ
319 5396 481 5450 αίῶνι
514 5393 712 5466 τούτῳ,
747 5397 880 5451 ἀλλὰ
923 5397 1016 5452 καὶ
1049 5399 1106 5451 ὲν
1138 5398 1215 5468 τῷ
1249 5397 1498 5468 μέλλοντι
1523 5397 1618 5468 τὴν
1651 5397 1789 5468 μετὰ

202 5489 389 5544 πᾶσαν
443 5488 671 5544 πάντων
729 5489 835 5541 τῶν
882 5491 1235 5561 χαρισμάτων
1272 5491 1534 5560 διανομήν
1587 5509 1644 5543 τε
1693 5492 1786 5544 καὶ

274 5614 300 5646 ⁸
332 5602 470 5658 Luc.
505 5617 626 5666 VIII,
660 5601 744 5656 18-
837 5605 864 5644 δ
899 5605 1066 5662 Hebr.
1101 5623 1158 5668 ιι,
1185 5607 1244 5670 9;
1279 5606 1298 5658 1
1329 5601 1459 5659 Cor.
1487 5620 1545 5668 ιι,
1582 5605 1635 5660 9.

1895 4587 2044 4640 sunt,
2075 4577 2298 4631 dabitur
2321 4589 2339 4609 ⁸
2371 4621 2386 4641 ,
2419 4587 2476 4632 et
2508 4589 2816 4648 apponetur
2855 4579 3084 4634 omnino
3132 4589 3469 4634 aeternorum

1892 4668 2166 4722 bonorum
2210 4667 2424 4722 fruitio.
2460 4669 2624 4724 Dives
2642 4670 2789 4724 enim
2823 4684 2948 4722 cum
2973 4679 3162 4724 noster
3191 4670 3262 4725 sit
3299 4670 3466 4730 Deus.

1895 4772 2178 4826 nunquam
2204 4756 2420 4811 desinet
2460 4757 2543 4812 eis
2598 4757 2694 4826 qui
2722 4757 3018 4812 dilexerint
3053 4757 3234 4827 ipsum
3279 4759 3468 4813 divina

1893 4848 2226 4904 distribuere
2246 4863 2476 4902 munera
2499 4848 2848 4919 cognitionis,
2871 4863 2993 4918 qua:
3010 4863 3142 4903 sane
3185 4866 3252 4904 ne
3286 4849 3468 4903 nomi-

1893 4955 2026 4994 nare
2047 4938 2266 5009 quidem
2293 4938 2398 4992 hoc
2424 4941 2622 4994 saeculo
2649 4939 2795 5005 licet,
2812 4947 3040 5010 propter
3064 4939 3465 4994 sublimitatem

1889 5045 2084 5086 eorum
2121 5038 2177 5084 et
2205 5027 2664 5098 magnitudinem,
2715 5030 2762 5085 si
2797 5029 3022 5100 quidem
3058 5043 3190 5084 vero
3212 5045 3464 5099 pronun-

1891 5122 1993 5176 tiat
2026 5135 2255 5190 magnus
2272 5118 2586 5188 Apostolus,
2617 5129 2920 5175 extremam
2950 5119 3354 5176 beatitudinem
3377 5123 3463 5176 di-

1891 5226 2024 5266 cens
2053 5209 2203 5266 omni
2227 5224 2338 5278 quo
2363 5209 2680 5265 nominetur
2708 5213 2932 5266 nomine
2949 5212 3292 5281 superiorem
3321 5227 3463 5276 esse,

1895 5318 2005 5356 non
2042 5303 2216 5356 solum
2253 5301 2309 5354 in
2340 5300 2444 5355 hoc
2479 5315 2615 5365 :evo,
2649 5301 2742 5356 sed
2773 5303 2938 5374 etiam
2958 5303 3010 5355 in
3039 5301 3272 5357 futurob
3301 5303 3470 5372 signi-

1898 5394 2371 5450 ficans'summum
2417 5400 2540 5462 post
2571 5395 2828 5448 universa
2878 5394 3023 5448 dona
3074 5395 3267 5465 gratia
3306 5395 3468 5463 plene

1895 5487 2214 5552 distributa,
2243 5493 2368 5554 post
2391 5485 2587 5562 factam
2611 5487 3007 5553 ascensionem,
3042 5486 3447 5544 manifestatum
3520 5523 3529 5531 -

279 5714 393 5788 (44)
427 5714 578 5770 ldcm
605 5714 728 5768 ibid.
755 5732 874 5786 cap.
914 5719 1095 5791 l6,~p.
1122 5717 1224 5772 857
1248 5733 1329 5788 sq.
1365 5725 1494 5773 tom.
1524 5718 1542 5772 ἰ
1571 5717 1709 5788 Opp.
1752 5717 1884 5773 edit.
1912 5716 2112 5773 Bcncd.
