3938 6148
217 338 351 405 1365

1437 344 1951 409 AMBIGUORUM
1997 322 2246 405 ωηιξη.

3338 333 3358 397 1
3370 336 3474 399 366

209 474 262 510 τι
290 456 475 527 μεῖζον
504 458 532 511 ό
569 457 750 526 λόγος.
779 459 900 513 Τῶν
935 460 1086 515 κάτω
1132 460 1227 513 τοῦ
1258 447 1431 528 Λόγου
1474 460 1657 532 μερῶν
1695 476 1791 528 με·

1913 473 1990 513 'es
2028 454 2315 513 Sermonis
2347 462 2531 525 partes
2561 449 2918 523 partieipabit
2969 449 3248 521 sapienter
3294 449 3340 506 is
3382 455 3472 523 qui

210 547 609 618 ταλαμόανέτω
654 550 970 620 σωφρόνως,
1009 552 1037 604 6
1070 550 1306 619 λογικῶς
1355 552 1497 604 κατά
1536 551 1632 617 τῆς
1662 550 1794 619 ὕλης

215 638 528 708 ἱστάμενος,
564 639 658 693 καὶ
681 639 1036 695 παντάπασιν
1061 640 1365 711 ἀμόλυντον
1393 641 1535 711 μετά
1565 641 1665 711 τῆς
1690 640 1794 709 ψυ-

220 731 321 801 χῆς
353 731 452 801 τὴν
493 730 673 803 σάρκα
722 731 1018 803 διατηρῶν,
1049 735 1146 786 καὶ
1194 733 1315 787 ὅλον
1363 732 1794 804 ἀπαραλείπτως

215 822 352 891 αὐτῇ
384 821 477 873 τὸν
510 820 686 887 Λόγον
707 824 829 884 ταῖς
843 822 1065 892 ἀρεταῖς
1093 821 1410 893 διαμορφῶν
1438 822 1617 892 σάρκα
1640 821 1798 889 γενό-

220 929 401 983 μενον.
432 913 523 982 Μη
534 911 641 984 ρῶν
664 912 720 965 δὲ
755 913 1125 983 μεταλήψεται
1152 916 1180 967 6
1202 913 1473 982 τδνΛόγον
1505 913 1795 983 ἐπικείμεο

217 1022 308 1057 νον
343 1004 484 1075 ἔχων
523 1004 602 1074 τῷ
642 1004 743 1074 τῆς
779 1004 960 1075 ψυχῆς
988 1004 1283 1076 παθητικῷ
1323 1006 1504 1076 μέρει,
1535 1006 1632 1059 καὶ
1665 1021 1800 1058 παν-

215 1095 386 1161 τελῶς
424 1096 706 1165 ἐκτέμνων
734 1096 905 1166 αὐτῆς
930 1096 1029 1167 τὴν
1055 1096 1328 1168 πρόσυλον
1359 1096 1599 1166 κίνησινο
1620 1076 1797 1162 ’γονά-

217 1206 325 1241 των
384 1189 467 1254 δὲ,
506 1192 552 1242 όρ
596 1189 729 1257 πρὸς
767 1190 899 1251 τοὺς
958 1188 1246 1259 κειμένους
1284 1188 1382 1242 καὶ
1434 1187 1801 1251 ἀσθενοῦντας

220 1280 408 1352 (246
441 1280 494 1350 α)
527 1284 592 1353 τῇ
634 1280 813 1336 πίστει
849 1282 1152 1352 συμπαθῶς
1188 1280 1329 1335 κατὰ
1377 1280 1637 1352 πρόνοιαν
1680 1282 1801 1331 ἐπι-

217 1372 555 1443 κλινόμενος,
580 1374 675 1427 καὶ
702 1372 801 1443 τὴν
818 1374 956 1443 πρὸς
986 1376 1136 1444 ἡμᾶς
1169 1373 1265 1427 τοῦ
1298 1373 1474 1441 Λόγου
1520 1372 1797 1443 μιμούμε-

219 1482 308 1528 νος
350 1464 784 1533 συγκατάεασιν.
817 1464 1057 1535 Κνημῶν
1090 1465 1149 1519 δὲ
1176 1465 1272 1519 καὶ
1304 1464 1482 1518 ποδῶν
1514 1464 1800 1535 μεταλαμ-

221 1557 433 1612 ϐανέτω
479 1555 893 1627 πρὺςρτούτοις,
941 1559 970 1609 6
1020 1557 1115 1610 ἐπὶ
1163 1556 1263 1625 τῆς
1312 1556 1551 1619 πίστεως
1581 1555 1801 1624 καὶτῆς

223 1650 427 1719 ἀρετῆς
466 1650 561 1702 καὶ
594 1650 696 1718 τῆς
726 1648 986 1717 γνώσεως
1024 1647 1356 1710 ἁσαλεύτους
1391 1649 1530 1716 ἔχων
1560 1649 1660 1717 τῆς
1709 1647 1805 1714 ψυ-

230 1741 329 1808 χῆς
367 1743 468 1802 τὰς
515 1739 700 1808 βάσεις
756 1739 850 1792 καὶ
890 1737 1252 1806 ἀκλονήτους,
1288 1737 1383 1788 καὶ
1415 1735 1556 1788 κατὰ
1601 1734 1803 1788 σκοπὸν

229 1803 366 1900 πρὸς
392 1830 451 1882 τὸ
487 1803 736 1900 βραϐεῖον
765 1828 863 1898 τῆς
890 1827 1003 1882 ἄνω
1023 1803 1268 1895 κλήσεως
1297 1825 1674 1894 ἐπειγόμενος,
1706 1823 1801 1876 καὶ
1837 1803 1876 1855 Β

222 1920 321 1988 τῆς
352 1918 576 1986 ἀγνοίας
621 1917 692 1970 τὰ
742 1914 844 1986 ὅρη
895 1916 992 1969 καὶ
1033 1914 1161 1977 τοὺς
1198 1912 1419 1983 βουνοὺς
1461 1914 1560 1982 τῆς
1608 1913 1806 1976 κακίας

224 2006 557 2078 ὑπερπηδῶν
608 2003 749 2076 μετὰ
775 2004 870 2057 τοῦ
901 2004 1077 2071 Λόγου
1124 2003 1220 2056 καὶ
1238 2001 1606 2072 διαλλόμενος.
1646 1999 1808 2053 Ἀλλὰ

232 2101 313 2162 τίς
347 2099 637 2169 δυνήσεται
672 2097 856 2161 πάσας
898 2096 993 2150 τοῦ
1049 2095 1304 2167 Σωτῆρος
1350 2094 1509 2166 ήμῶν
1539 2093 1675 2147 Θεοῦ
1708 2092 1808 2157 τὰς

224 2190 292 2245 δι’
327 2190 478 2262 ἡμᾶς
522 2188 769 2252 ἐπινοίας
820 2186 1197 2260 ἐξαριθμῆσαι
1254 2186 1378 2241 καθ’
1433 2189 1500 2248 ἃς
1546 2184 1807 2254 ἐδώδιμον

226 2283 419 2337 ἑαυτὸν
457 2281 553 2336 καὶ
601 2280 949 2352 μεταληπτδν
1000 2279 1281 2349 ἀναλόγως
1313 2278 1533 2349 ἑκάστῳ
1578 2277 1809 2349 πεποίη-

223 2393 338 2430 κεν.
383 2375 504 2428 Ἔτι
557 2370 667 2444 γὰρ
698 2374 813 2444 ἔχει
854 2372 994 2445 πρὸς
1041 2372 1256 2436 τούτοις
1307 2373 1475 2426 πᾶσιν
1517 2373 1546 2425 ό
1601 2370 1809 2442 Κύριος

227 2464 583 2536 βοστρύχους,
605 2464 701 2517 καὶ
747 2465 920 2535 ῥῖνας,
946 2463 1041 2517 καὶ
1091 2463 1270 2534 χείλη,
1298 2446 1570 2535 τράχηλόν
1594 2479 1680 2528 τε,
1715 2461 1808 2515 καὶ

225 2554 438 2626 ὤμους,
471 2556 568 2608 καὶ
594 2552 916 2621 δακτύλους,
962 2555 1170 2609 καὶόσα
1197 2554 1299 2621 τῆς
1332 2553 1610 2625 ἡμετέρας
1642 2569 1809 2606 κατα-

227 2646 426 2714 σκευῆς
456 2646 543 2698 ἐπ’
574 2644 740 2699 αὐτοῦ
794 2644 1013 2714 λέγεται
1057 2636 1591 2715 τροπολογικῶς.Ὧν
1637 2658 1809 2714 προσ-

226 2737 376 2806 φυῶς
422 2753 482 2798 τε
523 2737 619 2789 καὶ
660 2736 983 2808 εὐχρήστως
1046 2735 1561 2807 μεταλαμόάνουσιν
1590 2735 1640 2787 οἱ
1673 2734 1810 2805 πρὸς

226 2829 459 2883 ἕκαστον
499 2828 596 2882 καὶ
633 2827 699 2881 διτ
729 2827 962 2882 ἑκάστου
988 2828 1186 2899 μέλους
1219 2827 1619 2898 σημαινόμενον
1648 2842 1811 2881 πνευ-

230 2920 460 2991 ματικὸν
493 2917 957 2991 μεταποιούμενοι
1006 2918 1188 2988 λόγον.
1240 2918 1434 2982 Οὕτως
1461 2921 1489 2972 6
1514 2918 1684 2988 ἀμνὸς
1713 2916 1807 2970 τοῦ

230 3011 369 3066 Θεοῦ
405 3011 795 3084 βιϐρώσκεται,
822 3012 962 3066 κατὰ
989 3013 1084 3065 τὸν
1112 3012 1269 3080 ἅγιον
1288 3010 1481 3065 τοῦτον
1508 3010 1604 3064 καὶ
1635 3009 1809 3080 μέγαν

1899 549 2248 604 rationaliter
2293 556 2486 602 contra
2521 546 2809 601 materiam
2856 554 2996 607 stat,
3030 552 3084 599 et
3132 537 3476 612 impollutam

1896 639 2122 694 omnino
2163 653 2289 691 cum
2327 637 2505 692 anima
2546 650 2768 691 carnem
2803 643 3118 695 conservat,
3150 640 3206 686 ct
3224 639 3398 687 totum
3418 648 3479 684 ac

1898 732 2017 786 sine
2057 729 2275 784 defectu
2308 744 2371 783 ea
2403 728 2748 791 Sermonem,
2776 726 2875 795 qui
2905 740 3036 794 caro
3065 733 3147 778 est
3174 723 3352 778 factus
3370 724 3477 776 vir-

1900 824 2110 878 tutibus
2180 822 2406 893 ellingit.
2450 821 2679 874 Femora
2725 826 2910 873 autem
2976 816 3332 887 participabit
3385 818 3473 884 qui

1900 915 2249 979 Sermonem,
2278 914 2330 967 in
2356 912 2604 984 passibili
2639 911 2833 966 anima:
2864 918 3020 981 parte
3060 909 3225 963 habet
3256 909 3477 978 imposi-

1899 1016 2037 1072 tum,
2074 1023 2137 1062 ac
2165 1007 2462 1061 motionem
2496 1006 2617 1075 ejus
2642 1004 2698 1058 in
2730 1004 3015 1057 materiam
3052 1017 3279 1071 pronam
3322 1017 3479 1070 prnr-

1900 1117 1994 1156 sus
2018 1100 2305 1170 exstirpat;
2336 1114 2515 1170 genua
2551 1106 2765 1161 contra,
2789 1094 2923 1166 quid
2970 1094 3037 1149 ad
3057 1096 3306 1165 jaccntes
3335 1103 3389 1147 et
3413 1093 3442 1146 li
3461 1123 3477 1132 -

1900 1191 1968 1246 de
2002 1192 2257 1247 labantes
2287 1190 2722 1247 misericorditer
2752 1189 2820 1243 de
2841 1177 3199 1243 PrOvidcntia
3227 1188 3478 1249 inclinat,

1899 1289 2065 1350 atque
2101 1282 2385 1336 Sermonis
2424 1280 2492 1334 ad
2525 1295 2625 1335 nos
2645 1280 3175 1335 condescensionem
3213 1279 3478 1334 innitatur.

1901 1374 2090 1428 Tibias
2105 1374 2345 1444 denique
2384 1381 2439 1428 et
2468 1372 2638 1442 pedes
2671 1373 3004 1442 participato
3035 1373 3100 1428 ad
3126 1373 3376 1442 haec.qui
3402 1373 3484 1426 in-

1902 1465 2147 1534 trepidos
2170 1475 2223 1519 et
2251 1466 2611 1519 inconeussos
2638 1463 2694 1516 in
2728 1462 2833 1518 title
2867 1471 2923 1517 et
2952 1462 3157 1519 virtute
3187 1471 3243 1518 et
3298 1465 3485 1534 cogni-

1902 1562 2050 1615 tione
2096 1561 2266 1616 habet
2298 1562 2495 1615 anima:
2540 1576 2783 1630 gressus,
2852 1569 2909 1614 et
2941 1561 3092 1631 juxta
3140 1561 3485 1630 propositum

1902 1660 2233 1720 approperat
2278 1649 2344 1704 ad
2400 1650 2686 1718 praemium
2755 1649 3065 1704 vocationis
3129 1649 3185 1703 in
3245 1651 3484 1713 coelum,

1904 1742 2109 1811 quique
2134 1741 2454 1812 ignorantia
2478 1750 2690 1795 montes
2717 1742 3087 1811 nequitiaeque
3129 1744 3297 1798 colles
3314 1752 3490 1798 trans-

1916 1830 2000 1884 ilit
2028 1846 2153 1885 cum
2184 1831 2421 1885 ratione.
2451 1829 2558 1885 Sed
2601 1830 2728 1900 quis
2758 1831 2945 1885 omnia
2976 1832 3279 1908 salvatoris
3312 1835 3487 1889 nostri

1906 1923 2002 1977 Dei
2037 1932 2262 1992 propter
2305 1938 2408 1978 nos
2461 1923 2699 1994 cogitata
2747 1938 3077 1980 enumerare
3100 1925 3311 1994 poterit
3364 1925 3489 1996 qui-

1908 2016 2013 2069 bus
2029 2015 2377 2069 esculentum
2400 2029 2521 2070 sese
2551 2023 2717 2085 atque
2750 2015 3048 2071 fruendum
3083 2015 3485 2072 convenienter

1908 2107 2210 2176 unicuique
2234 2105 2532 2161 eﬁ‘ecerit?
2569 2105 2746 2161 Habet
2773 2108 2921 2162 enim
2962 2108 3231 2165 Dominus
3259 2107 3324 2165 ad
3373 2124 3489 2164 om-

1913 2196 2007 2251 nia
2035 2196 2155 2252 baec
2187 2196 2480 2252 cincinnos
2515 2206 2573 2253 et
2606 2210 2769 2252 nares
2800 2206 2858 2253 et
2883 2198 3059 2264 labra,
3084 2198 3359 2254 cervicem
3380 2197 3487 2255 hu-

1908 2304 2203 2359 merosque
2234 2304 2299 2345 ac
2326 2288 2551 2361 digitos,
2591 2299 2648 2345 et
2678 2274 3029 2361 quaecunque
3059 2298 3265 2346 nostra:
3285 2291 3492 2347 consti-

1913 2379 2143 2435 tutionis
2177 2379 2245 2435 de
2277 2394 2345 2434 eo
2382 2378 2616 2450 ﬁgurate
2645 2380 2934 2452 praedicari
2965 2380 3147 2437 solent
3185 2380 3261 2436 Ea
3292 2366 3491 2436 conve-

1909 2470 2126 2524 nienter
2163 2477 2328 2539 atque
2354 2470 2566 2525 utiliter
2615 2471 2949 2541 participant
3000 2470 3095 2543 qui
3131 2470 3186 2526 in
3217 2486 3493 2542 quamque

1908 2570 1966 2614 et
2000 2575 2098 2630 per
2131 2560 2390 2631 quodque
2442 2561 2754 2616 membrum
2793 2561 3161 2633 signiﬁcatam
3219 2561 3492 2617 rationem

1912 2650 2315 2707 instaurantur.
2349 2652 2430 2707 lta
2455 2653 2644 2724 Agnus
2677 2653 2773 2707 Dei
2815 2652 3160 2718 eomedctur,
3186 2653 3493 2719 secundum

1911 2742 2061 2798 hunc
2085 2750 2336 2798 sanctum
2363 2751 2421 2799 et
2447 2759 2707 2815 magnum
2756 2744 3066 2810 doctorem,
3124 2752 3180 2800 et
3207 2744 3263 2798 in
3297 2759 3498 2799 conco-

1912 2833 2151 2888 ctionem
2181 2835 2528 2904 spiritualem
2578 2835 2885 2906 digeretur,
2923 2836 3055 2889 dum
3096 2835 3496 2905 participantes

1910 2939 1969 2979 se
1998 2925 2206 2995 Spiritu
2239 2926 2295 2981 in
2357 2928 2602 2997 seipsum
2666 2928 2920 2983 immutat
2963 2935 3133 2997 atque
3183 2935 3494 2999 regenerat,

1912 3028 2367 3085 unumquemque
2399 3031 2595 3071 eorum
2629 3016 2684 3070 in
2726 3015 2964 3071 membri
3013 3016 3082 3071 ab
3108 3030 3174 3071 eo
3208 3016 3387 3071 vorati
3413 3017 3497 3072 lo-

227 3103 568 3166 διδάσκαλον,
602 3104 697 3158 καὶ
734 3105 816 3166 εἰς
854 3102 1020 3174 πέψιν
1059 3101 1436 3173 πνευματικὴν
1466 3100 1804 3166 ἀναδίδοται,

1921 3120 2046 3160 cum
2072 3121 2173 3176 pro
2197 3107 2505 3177 corporalis
2529 3107 2742 3164 ordinis
2758 3117 2816 3163 et
2839 3108 3333 3179 coagmentationis
3347 3110 3499 3180 posi-

231 3194 542 3262 μεταποιῶν
576 3195 710 3264 πρὸς
744 3195 937 3249 ἑαυτὸν
959 3193 1039 3261 τῷ
1071 3194 1345 3262 πνεύματι
1371 3194 1497 3256 τοὺς
1528 3192 1809 3263 μεταλαμο

229 3286 522 3350 ϐάνοντας,
576 3287 809 3343 ἕκαστον
849 3287 1032 3347 αὐτῶν
1083 3290 1163 3350 είς
1213 3288 1306 3340 τὸν
1356 3286 1449 3340 τοῦ
1498 3285 1804 3356 βρωθέντος

229 3377 322 3427 ὑπ’
349 3374 514 3428 αὐτοῦ
550 3373 937 3444 πνευματικῶς
982 3372 1180 3444 μέλους
1212 3373 1378 3426 τόπον
1417 3371 1559 3425 κατὰ
1584 3369 1684 3441 τὴν
1712 3368 1805 3422 θέο

1922 3194 2072 3250 tione
2089 3198 2381 3254 attrahens
2404 3206 2571 3269 atque
2598 3208 2987 3269 transponens,
3008 3199 3083 3253 ita
3105 3207 3166 3253 ut
3182 3200 3499 3255 humaniter

1912 3299 1975 3338 ea
2000 3301 2123 3355 qua:
2157 3288 2435 3344 universis
2462 3290 2608 3344 inest
2634 3289 2776 3345 ratio
2802 3290 2858 3344 in
2906 3289 3075 3344 rebus
3116 3291 3355 3345 essentia
3382 3290 3495 3376 ﬁat,

1903 3390 2026 3443 quae
2056 3377 2201 3432 ratio
2220 3380 2335 3434 sola
2357 3386 2587 3449 superat
2611 3387 2869 3434 naturam
2896 3380 3139 3448 itemque
3160 3394 3493 3437 sermonem.

231 3487 318 3523 σιν
347 3470 448 3539 τῆς
482 3470 804 3540 σωματικῆς
848 3467 1117 3538 ἁρμονίας
1157 3466 1368 3535 ἐνάγων
1408 3482 1471 3518 τε
1515 3464 1611 3517 καλ⁷
1642 3461 2083 3537 μετατιθέμενος,
2147 3472 2288 3526 ὥστε
2353 3471 2752 3544 φιλανθρώπως
2813 3471 2904 3525 τὸν
2953 3472 3010 3524 ἐν
3052 3474 3163 3536 τοῖς
3200 3472 3365 3546 ὅλοις,
3407 3475 3498 3534 λόφ

230 3580 325 3635 γον
356 3563 469 3625 τοῖς
497 3560 819 3631 πράγμασιν
860 3559 1051 3613 οὐσίαν
1081 3558 1328 3628 γίνεσθαι
1355 3556 1449 3642 τὸν
1476 3556 1635 3625 μόνον
1660 3555 1798 3632 ὑπὲρ
1840 3564 2003 3626 φύσιν
2038 3562 2132 3617 καὶ
2160 3563 2338 3634 λόγον,

244 3748 348 3803 Ἕκ
373 3748 478 3803 τοῦ
500 3745 689 3802 αὐτοῦ
711 3746 925 3815 λόγου,
940 3746 1027 3810 εἰς
1050 3745 1139 3798 τόο
1163 3762 1182 3795 ι
1210 3742 1532 3812 Νεκρὼσας
1562 3742 1632 3797 τὰ
1656 3744 1815 3813 μέλη

235 3890 243 3913 ι
303 3838 374 3893 τὰ
400 3836 620 3907 ἐπὶτῆς
651 3835 783 3908 γῆς,
814 3835 911 3890 καί
944 3834 1058 3904 τὴν
1089 3834 1277 3902 ᾱῦνην
1306 3833 1581 3888 Ἰωάννου
1610 3834 1819 3903 μιμού-

296 3952 503 4003 μενος,
539 3933 645 3988 τοῦ
676 3931 964 4001 ἐρημικοῦ
999 3930 1100 3984 καί
1141 3918 1479 3999 προδρόμου
1513 3927 1613 3981 καὶ
1638 3929 1816 3998 μεγά-

302 4027 417 4078 λου
440 4021 550 4091 τῆς
573 4022 856 4092 ἀληθείας
891 4020 1153 4090 κήρυκος
1170 4020 1302 4091 (45).
1337 4039 1355 4071 ›
1634 4058 1639 4064 .

315 4137 374 4191 Ὀ
412 4136 511 4208 τὴν
545 4136 792 4190 Ἰωάννου
827 4134 1007 4205 ζώνην
1037 4131 1376 4205 μιμούμενός
1402 4133 1550 4185 ἐστιν
1572 4135 1601 4185 ό
1628 4133 1695 4201 τῇ
1718 4130 1812 4184 δυ-

231 4229 397 4300 νάμει
431 4228 525 4283 τοῦ
546 4227 710 4296 λόγου
743 4226 807 4281 τὸ
837 4226 1063 4297 γόνιμον
1094 4229 1195 4296 τῆς
1224 4225 1405 4296 ψυχῆς
1433 4224 1522 4278 διὰ
1554 4223 1811 4292 γνώσεως

234 4322 556 4391 πρακτικῶς
595 4310 939 4389 ἐπισφίγγων
963 4357 977 4381 ,
1038 4320 1132 4372 καὶ
1176 4318 1463 4388 ἀδιάχυτον
1508 4316 1640 4370 αὐτὸ
1673 4315 1811 4386 πρὸς

234 4412 333 4482 τὴν
364 4398 496 4482 ῦλην
523 4409 921 4478 διαφυλάττων.
967 4398 1264 4480 Ἐρημικὸς
1295 4408 1351 4461 δέ
1373 4410 1520 4461 ἐστιν
1550 4405 1736 4478 (246
1758 4407 1809 4477 b)

1915 3743 2001 3798 Ea:
2024 3743 2204 3796 eodem
2222 3755 2485 3806 sermone,
2508 3742 2563 3794 in
2585 3739 2758 3796 illud:
2792 3759 2809 3790 ι
2854 3738 3207 3808 Morti/leam:
3263 3742 3498 3801 membra

1988 3850 2104 3905 qua:
2130 3842 2253 3888 sunt
2290 3827 2448 3904 super
2479 3841 2679 3887 terram
2696 3831 2745 3898 ἀ,
2775 3840 2823 3886 et
2843 3830 3073 3886 solitarii
3105 3830 3249 3885 illius
3274 3831 3498 3886 Joannis

1982 3938 2032 3982 et
2075 3927 2416 3998 prwcursoris
2452 3926 2736 3996 magnique
2778 3924 3017 3979 veritatis
3060 3925 3339 3995 prgzconis,
3363 3941 3500 3994 pra:-

1985 4022 2295 4075 cinctionem
2328 4020 2566 4073 imitans.
2609 4037 2627 4069 ι

1987 4118 2228 4195 Joannis
2250 4151 2445 4191 zonam
2482 4135 2730 4190 imitatur
2758 4135 2856 4206 qui
2889 4133 3125 4190 rationis
3167 4133 3374 4189 virtute
3400 4150 3497 4205 ge-

1916 4230 2085 4285 nitale
2139 4227 2337 4284 anima:
2389 4243 2491 4298 per
2522 4227 2898 4298 cognitionem
2932 4226 3111 4284 active
3144 4224 3495 4301 constringit,

1916 4330 1974 4378 et
2013 4320 2366 4378 inconfusum
2394 4328 2589 4375 contra
2618 4319 2909 4376 materiam
2955 4327 3159 4379 servat.
3204 4320 3503 4379 Solitarius

1919 4421 2104 4468 autem
2138 4420 2225 4467 est
2264 4412 2357 4481 qui
2390 4424 2590 4480 purum
2621 4408 2912 4471 aﬂ‘ectibus
2937 4408 3187 4471 habitum
3214 4407 3318 4469 sibi
3353 4424 3498 4480 quae-

234 4506 262 4556 6
289 4472 494 4556 ’παθῶν
532 4472 945 4572 καθαρεύουσαν
976 4472 1234 4573 την-’ἕξιν
1278 4472 1806 4569 κτησάμενᾶςίῐῖρόι

1921 4502 2068 4558 sivit.
2110 4502 2430 4556 Praecursor
2480 4515 2616 4555 vero
2641 4507 2727 4559 est
2772 4498 2866 4570 qui
2902 4498 3130 4557 sincera:
3159 4499 3499 4570 poenitentiae

233 4596 434 4666 δρόμος
474 4594 531 4648 δὲ
560 4595 589 4647 6
621 4594 714 4648 διὰ
747 4594 847 4664 τῆς
877 4593 1109 4664 γνησίας
1146 4592 1439 4664 μετανοίας
1468 4593 1567 4664 τὴν
1612 4594 1817 4645 ἐπακο-

236 4686 537 4741 λουθοῦσαν
569 4687 707 4757 αὐτῇ
745 4686 1115 4756 δικαιοσύνην,
1164 4685 1256 4739 καὶ
1295 4685 1384 4738 διὰ
1421 4685 1521 4754 τῆς
1553 4685 1816 4752 φαινομέ-

1915 4612 2019 4668 ope
2033 4596 2332 4668 justitiam,
2356 4611 2479 4666 quae
2500 4595 2651 4649 illam
2670 4594 3057 4665 subsequitur,
3080 4593 3499 4665 conspicuaque

1913 4688 2122 4745 virtute
2165 4686 2411 4742 futuram
2457 4687 2524 4742 ad
2576 4702 2742 4758 quam
2794 4687 2866 4748 sit
2914 4702 3240 4743 accessurus
3302 4687 3498 4757 cogni-

235 4795 332 4849 νης
360 4780 563 4850 ἀρετῆς
602 4778 703 4851 τὴν
735 4778 1025 4850 ἐπιδημεῖν
1054 4777 1234 4831 αὐτῶν
1270 4777 1577 4848 μέλλουσαν
1605 4776 1806 4846 γνῶσιν

1913 4780 2121 4837 tionem
2146 4780 2502 4852 praenuntiat.
2542 4779 2770 4852 Magnus
2789 4781 3033 4850 denique
3056 4779 3302 4835 veritatis
3318 4791 3498 4848 pneco

238 4868 590 4939 προμηνύων.
630 4870 821 4938 Μέγας
859 4869 915 4922 δὲ
947 4868 1046 4939 τῆς
1084 4868 1341 4939 ἀληθείας
1377 4867 1555 4938 κῆρύξ
1593 4870 1742 4921 ἐστιν
1784 4870 1806 4920 ό

1913 4879 1998 4926 est
2048 4870 2143 4940 qui
2180 4870 2448 4925 doctrina:
2491 4886 2807 4934 sermonem
2862 4886 2892 4926 a
2944 4870 3245 4942 semetipso
3297 4864 3497 4939 praedi-

237 4959 317 5027 τῷ
346 4961 532 5031 οἰκείῳ
566 4961 666 5031 βίῳ
700 4961 792 5013 τὸν
832 4960 926 5013 ὑπ’
963 4958 1129 5013 αὐτοῦ
1163 4960 1206 4991 ’⁵³
1237 4959 1570 5029 λαλούμενον
1602 4962 1700 5028 τῆς
1730 4960 1810 5011 δι-

238 5052 304 5104 δα
317 5053 533 5115 τκαλίας
561 5052 725 5119 λόγον
753 5051 1134 5122 πιστούμενος.

315 5233 339 5274 ἀ
376 5234 588 5290 Coloss.
626 5226 707 5299 ut,
740 5237 790 5289 5.

313 5459 356 5491 ³⁸
387 5460 436 5511 τί
464 5461 626 5515 habet
658 5463 777 5517 cod.
804 5463 944 5517 Gud.

244 5530 410 5599 phum
449 5531 611 5603 habet
654 5534 791 5603 μετὰ
826 5534 925 5603 τῆς
958 5534 1096 5585 κατὰ
1122 5534 1218 5600 τῆς
1238 5530 1435 5602 ψυχῆς.

1921 4971 2103 5018 catum
2142 4978 2239 5016 sua
2288 4962 2515 5033 propria
2553 4963 2665 5016 vita
2708 4961 3016 5017 conﬁrmat.

1498 5349 1737 5405 VARle
1775 5349 2179 5406 LECTIONES.

1046 5465 1089 5496 ³⁹
1122 5465 1197 5518 lta
1230 5465 1506 5533 rescripsi.
1546 5466 1932 5534 Apographum
1982 5467 2149 5520 habet
2187 5466 2343 5532 λόγος
2388 5466 2497 5519 τῶν
2527 5466 2620 5519 καὶ
2643 5463 2751 5534 τῶν
2781 5462 2884 5534 τοῦ
2916 5463 3096 5534 λόγου.
3172 5462 3497 5534 ".Apegia:

1528 5535 1568 5565 ’⁸⁸
1595 5528 1738 5589 Ὀείἆι.
1766 5528 1912 5590 Gud.
1949 5538 2112 5590 habet
2142 5528 2366 5604 quidem
2400 5539 2489 5590 τδν
2513 5537 2603 5589 ὑπ’
2641 5532 2829 5596 αὐτοῦ,
2859 5533 2953 5587 sed
2979 5545 3170 5604 vocum
3207 5528 3298 5579 ύπ“
3327 5528 3501 5581 αὐτοῦ

3172 5458 3228 5540 ⁸⁸.
3246 5459 3414 5540 Apegi
3429 5472 3488 5534 at

241 5614 365 5669 pars
395 5601 541 5667 prior
572 5602 788 5669 punctis
820 5600 1207 5669 subterpositis
1237 5600 1600 5658 Sunt'notata.
1636 5604 1825 5659 Aliena
1865 5622 2059 5660 manus
2115 5600 2321 5676 aliquid
2372 5606 2706 5675 rescriptum
2738 5604 2905 5658 fuisse
2948 5600 3186 5654 videtur.

309 5740 419 5804 (£75)
454 5740 597 5792 ldrm
628 5741 746 5793 ir’u’d.
779 5757 897 5809 i-ap.
934 5739 1013 5799 l9,
1058 5758 1108 5809 p.
1158 5743 1280 5803 859,
1323 5751 1452 5799 tom.
1484 5743 1501 5795 l
1528 5742 1661 5813 Opp.
1693 5742 1779 5795 ed.
1827 5744 2024 5800 Bcncd.
