3938 6148
251 321 386 387 1¹389

1476 336 1996 403 AMBIGUORUM
2035 345 2290 404 LIBER.

3363 317 3510 410 1370'

244 435 350 490 λων
377 437 468 491 καὶ
494 437 836 507 αἰνιγμάτων
865 440 1080 511 καὶτῆς
1107 443 1174 496 δι’
1191 443 1496 516 αἰσθήσεως
1522 451 1814 517 ποικιλίας,

1930 461 2073 527 poris
2105 467 2360 527 expertes
2385 456 2713 524 ediscimus;
2749 465 2806 511 et
2835 471 3028 511 rursus
3055 456 3110 510 in
3141 455 3332 511 futuro
3361 457 3503 514 divi-

243 527 451 594 νοητῶς
483 543 541 578 τε
589 529 682 580 καὶ
713 529 1022 600 άσωμάτως
1059 533 1458 602 μανθάνοντεςο
1508 542 1602 592 καὶ
1661 541 1818 609 αὖθις

245 617 385 670 κατὰ
417 617 506 668 τὸν
563 617 828 687 μέλλοντα
871 619 978 674 τῶν
1031 622 1191 675 θείων
1241 626 1595 696 ἀπαγγελιῶν
1645 635 1818 688 αίῶνα

245 703 578 774 ἑορτάζομεν
607 708 667 758 τὸ
697 709 904 779 πάσχα,
946 711 1038 764 τὸν
1069 713 1370 784 ἀκρότατον
1413 720 1633 788 άμέσως
1673 725 1821 778 ἐσθί-

242 815 394 863 ολτες
439 803 536 871 τῆς
583 803 774 872 σοφίας
821 805 999 874 λόγον,
1056 809 1194 878 πρὸς
1251 811 1310 864 ὃν
1356 818 1818 886 μεταποιηθέντες

243 892 386 944 κατὰ
409 893 567 962 χάριν
599 894 892 964 θεούμεθα,
919 899 1019 968 τὴν
1043 903 1179 970 πρὸς
1205 902 1331 958 ἄλλο
1359 908 1544 978 πάσχα
1567 911 1818 966 διάϐασιν

243 981 362 1034 καθ’
389 983 563 1036 ὁτιοῦν
600 983 766 1054 ἄλλην
791 987 891 1039 οὐκ
917 985 1152 1056 ἔχοντες.
1180 991 1321 1060 πλὴν
1343 994 1426 1048 ὅτι
1460 999 1553 1050 καὶ⁸
1583 999 1818 1053 ἐνταῦθα

245 1073 512 1140 παροῦσιν
547 1077 678 1146 ἡμῖν
707 1077 931 1131 δυνατόν
957 1076 1072 1134 ἐστι
1106 1082 1242 1153 πρὸς
1267 1085 1364 1155 τὴν
1390 1087 1620 1143 ἑκάστου
1651 1093 1820 1146 κατά-

246 1182 434 1220 στασιν
492 1169 855 1239 εἰκονισθῆναι
923 1173 1032 1224 τῶν
1111 1177 1420 1248 εἰρημένων
1482 1181 1662 1236 τόπων
1719 1185 1819 1254 τὴν

246 1257 502 1328 ἰδιότητα.
547 1258 604 1312 '0
629 1260 738 1330 γὰρ
777 1261 1008 1346 ἑκάστου
1052 1267 1210 1336 ἡμῶν
1241 1267 1354 1337 βίος
1385 1288 1819 1346 χαρακτηριστι⁴

242 1347 338 1408 κός
371 1349 488 1402 ἐστι
523 1349 617 1402 τοῦ
667 1352 726 1403 ὲν
773 1343 818 1419 ᾧ
861 1353 980 1407 ἐστι
1028 1357 1219 1412 τόπου.
1285 1355 1452 1427 01w,-
1496 1365 1546 1416 εί
1583 1343 1682 1434 μέν
1718 1367 1820 1437 τὴν

243 1439 553 1512 πρακτικὴν
607 1442 879 1512 ἀνδρικῶς
923 1449 1300 1520 μετερχόμεθα
1361 1453 1702 1524 φιλοσοφίαν,
1760 1463 1820 1514 ὲν

245 1529 508 1600 Αἰγύπτῳ
549 1531 610 1586 τὸ
645 1534 834 1604 πάσχα
871 1536 1052 1601 καλῶς
1086 1541 1468 1614 ἐπιτελοῦμεν,
1517 1549 1656 1616 μετὰ
1710 1549 1822 1603 τῶν

245 1623 560 1690 Αἰγυπτίων
635 1625 735 1694 μὲν
809 1627 1172 1699 ὑπάρχοντες,
1247 1635 1347 1688 οὐκ
1410 1637 1698 1705 Αἰγύπτιοι
1763 1641 1822 1694 δὲ

245 1713 629 1784 τυγχάνοντες,
659 1715 736 1780 ὡς
755 1718 812 1769 ὲν
832 1722 996 1790 σαρκὶ
1021 1721 1121 1790 μὲν
1147 1722 1322 1788 ὄντες,
1360 1729 1419 1780 οὐ
1469 1729 1610 1784 κατὰ
1641 1731 1822 1798 σάρκα

245 1803 302 1857 δὲ
334 1807 774 1877 στρατευόμενοι.
826 1808 1011 1882 (247
1040 1811 1069 1866 b
1096 1815 1113 1876 )
1165 1815 1230 1868 Ei
1275 1816 1335 1870 δὲ
1367 1819 1468 1888 τὴν
1499 1795 1733 1892 φυσικὴν
1763 1825 1822 1876 ὲν
1856 1795 1896 1850 Β

249 1895 518 1967 πνεύματι
567 1897 803 1970 θεωρίαν
844 1903 1088 1968 εὐσεϐῶς
1131 1905 1532 1978 ὲξασκούμεθα,
1571 1913 1715 1968 ὅπλα
1747 1915 1824 1985 τῷ

246 1985 366 2056 Θεῷ
421 1987 640 2043 δυνατὰ.
677 1990 775 2056 τὰς
810 1991 910 2062 τῆς
949 1993 1130 2065 ψυχῆς
1179 1999 1493 2070 ποιούμενοι
1539 2003 1822 2072 δυνάμεις,

247 2076 385 2145 πρὸς
417 2076 743 2148 καθαίρεσιν
782 2081 882 2152 μὲν
919 2083 1295 2156 ὀχυρωμάτων
1323 2089 1419 2142 καὶ
1446 2093 1646 2156 παντὸς
1677 2093 1826 2164 ὑψώ-

251 2183 418 2234 ματος
445 2169 816 2240 ἐπαιρομένου
865 2176 1008 2228 κατὰ
1049 2177 1149 2246 τῆς
1190 2178 1448 2247 γνώσεως
1505 2183 1601 2236 τοῦ
1661 2185 1822 2252 Θεοῦ,

247 2255 482 2330 Θεωρίαν
529 2260 587 2314 δὲ
633 2261 744 2318 τῶν
772 2267 830 2319 ἐν
861 2269 977 2330 τοῖς
1023 2263 1145 2325 οὖσι
1192 2275 1580 2344 πνευματικῶν
1625 2277 1820 2344 λόγων,

245 2347 443 2442 ὧσπερ
467 2355 664 2423 γυμνοὶ
718 2355 973 2426 σώματος
999 2361 1096 2415 καὶ
1133 2363 1235 2433 τῆς
1268 2366 1410 2420 κατὰ
1440 2367 1540 2438 τὴν
1571 2369 1825 2442 αισθησιν

247 2440 529 2512 ἁπατηλῆς
575 2446 876 2514 φαντασίας
912 2449 1208 2522 ἐλεύθεροι,
1238 2455 1338 2526 τὴν
1367 2457 1505 2528 πρὸς
1533 2461 1631 2524 τάς
1673 2440 1825 2524 θείας

251 2533 587 2602 ἐπαγγελίας
607 2539 929 2605 γνωστικῶς
960 2542 1276 2615 ποιούμενοι
1297 2550 1543 2618 πορείαν,
1568 2553 1737 2622 ἐσμὲν
1765 2555 1824 2607 ὲν

245 2623 312 2692 τῇ
345 2623 560 2696 ἐρήμῳ,
583 2629 650 2699 τῇ
685 2627 878 2698 παθῶν
905 2630 1072 2701 λέγω,
1114 2634 1208 2689 καὶ
1242 2635 1427 2709 πάσης
1469 2639 1660 2710 ὑλικῆς
1689 2659 1825 2710 φανο
1876 2645 1881 2652 ’

245 2712 441 2778 τασίας
469 2715 853 2792 καθαρευούσῃ
909 2725 1270 2782 καταστάσει,
1312 2729 1376 2782 El
1413 2729 1470 2783 δὲ
1518 2731 1616 2801 τὴν
1646 2731 1826 2786 θεολο-

247 2807 410 2876 γικὴν
469 2811 862 2879 μυσταγωγίαν
895 2813 1157 2887 ἀρρήτοις
1215 2819 1334 2883 νοδς
1391 2821 1658 2892 κινήμασι
1689 2840 1822 2894 μορ-

247 2895 556 2968 φαζόμεθα,
585 2899 638 2953 τί
667 2900 730 2954 τὸ
755 2901 960 2968 πλάτος
991 2906 1086 2958 καὶ
1124 2907 1302 2978 μῆκος
1327 2911 1424 2964 καὶ
1447 2910 1614 2981 βάθος
1637 2915 1734 2968 καὶ
1762 2917 1824 2970 τὸ

249 2989 589 3060 ὑπερϐάλλον
637 2993 716 3057 είς
743 2995 895 3066 ἡμᾶς
923 2998 1156 3066 μέγεθος
1191 3002 1291 3072 τῆς
1327 3001 1422 3056 τοῦ
1461 3003 1598 3058 Θεοῦ
1628 3007 1824 3075 σοφίας

1920 564 2118 603 narum
2173 547 2657 605 annuntiationum
2713 563 2830 601 awo
2871 547 3074 618 pascha
3128 547 3497 614 celebramus,

1919 640 2050 694 dum
2099 649 2402 696 extremam
2457 641 2676 694 edimus
2707 639 3024 693 immediate
3067 638 3350 708 sapientiae
3381 653 3502 694 ser-

1918 747 2162 798 monem,
2224 733 2292 787 ad
2345 747 2510 802 quem
2571 731 2879 802 regenerati
2925 747 3023 800 per
3069 731 3302 800 gratiam
3337 730 3498 785 deiﬁ-

1918 840 2144 890 camur;
2187 841 2290 879 nec
2337 825 2506 878 ullum
2555 823 2624 878 ad
2680 825 2916 878 alterum
2969 823 3166 891 pascha
3201 823 3496 877 transitum

1919 916 2086 968 alium
2140 915 2427 978 habentes,
2471 922 2674 983 praeter
2702 913 2848 983 quod
2901 913 3064 966 nobis
3110 913 3278 966 ctiam
3311 912 3365 964 in
3395 913 3498 966 hac

1917 1009 2030 1064 vita
2065 1009 2131 1062 ad
2178 1004 2614 1078 uniuscujusque
2648 1019 2851 1062 statum
2893 1007 3165 1073 locorum,
3205 1023 3327 1076 qum
3357 1006 3494 1070 dixi,

1919 1100 2232 1169 proprietas
2257 1115 2354 1168 per
2387 1099 2681 1170 imaginem
2713 1097 3097 1168 repraesentari
3130 1107 3332 1168 potest.
3361 1098 3496 1152 Nam

1920 1190 2357 1258 uniuscujusque
2388 1199 2638 1243 nostrum
2683 1187 2794 1242 vita
2841 1189 2962 1258 ejus
3005 1188 3062 1242 in
3103 1204 3214 1258 quo
3247 1198 3498 1242 versatur

1917 1277 2026 1333 loci
2053 1277 2210 1347 quasi
2254 1278 2551 1346 imaginem
2601 1277 2828 1346 praebet.
2861 1277 3043 1340 Velut,
3089 1278 3133 1331 si
3167 1276 3493 1346 practicam,

1919 1381 2042 1434 quae
2074 1365 2299 1429 dicitur,
2344 1365 2750 1434 philosophiam
2802 1365 3022 1420 fortiter
3070 1375 3390 1429 tractamus,
3439 1365 3498 1419 in

1918 1457 2154 1529 Egypto
2213 1456 2416 1526 pascha
2474 1455 2648 1525 probe
2703 1455 2958 1520 obimus,
3014 1457 3161 1510 inter
3212 1456 3498 1526 [Egyptios

1920 1548 2144 1620 quidem
2178 1554 2484 1612 versantes,
2527 1562 2631 1602 nec
2685 1553 2869 1601 tamen
2913 1546 3152 1618 Egyptii
3189 1547 3315 1616 ipsi,
3350 1555 3414 1601 ut
3443 1547 3499 1601 in

1921 1654 2086 1694 carne
2113 1638 2336 1708 quidem
2365 1647 2674 1702 versantes,
2711 1652 2814 1692 nec
2850 1645 3034 1692 tamen
3069 1637 3370 1692 carnaliter
3397 1637 3501 1690 mi-

1923 1733 2168 1787 litantes.
2219 1729 2276 1784 Si
2306 1745 2440 1784 vero
2473 1729 2783 1783 naturalem
2835 1729 2888 1782 in
2923 1729 3122 1798 spiritu
3161 1729 3500 1798 contempla-

1926 1823 2132 1877 tionem
2175 1821 2264 1891 pie
2291 1835 2638 1886 exercemus,
2669 1835 2821 1874 arma
2851 1821 2966 1875 Deo
2999 1819 3162 1874 fortia
3203 1819 3500 1882 reddentes

1925 1912 2122 1966 animae
2147 1910 2456 1973 facultates,
2489 1909 2558 1964 ad
2581 1909 2942 1979 expugnanda
2974 1909 3225 1977 praesidia
3251 1923 3502 1962 omnem-

1924 2018 2030 2072 que
2071 2000 2444 2056 summitatem
2475 2008 2669 2054 contra
2701 2001 2798 2054 Dei
2829 1999 3200 2068 cognitionem
3231 2007 3496 2062 erectam,

1924 2102 1980 2148 et
2003 2093 2068 2146 ad
2092 2091 2540 2160 contemplandas
2563 2091 2880 2161 spirituales
2900 2093 2954 2148 in
2982 2094 3064 2148 eis
3084 2107 3206 2162 qua:
3226 2091 3502 2147 exsistunt

1926 2187 2190 2248 rationes,
2237 2185 2414 2240 veluti
2458 2199 2693 2254 corpore
2743 2183 2878 2238 nudi
2923 2198 2988 2238 ac
3028 2183 3270 2238 sensuali
3309 2183 3503 2254 imagi-

1923 2277 2168 2333 nationis
2205 2276 2397 2331 fraude
2433 2275 2619 2340 liberi,
2663 2275 2731 2330 ad
2785 2275 2999 2330 divinas
3047 2275 3502 2330 annuntiationes

1923 2368 2173 2440 gnostice
2224 2368 2330 2422 iter
2373 2367 2666 2432 facientes,
2706 2376 2825 2422 tum
2855 2368 2910 2422 in
2941 2367 3160 2422 deserto
3200 2381 3412 2432 sumus,
3441 2365 3500 2420 in

1924 2465 2096 2523 statu,
2150 2459 2397 2527 inquam,
2447 2457 2517 2512 ab
2562 2457 2858 2513 aﬂ‘ectihus
2913 2466 2970 2513 et
3013 2459 3162 2513 omni
3223 2457 3500 2513 materiali

1923 2549 2164 2603 vanitate
2191 2561 2356 2618 puro.
2385 2545 2441 2601 Si
2469 2545 2712 2617 denique
2739 2546 3099 2618 theologicam
3131 2547 3500 2602 initiationern

1925 2637 2302 2692 ineffabilibus
2322 2636 2524 2691 mentis
2553 2636 2892 2692 motionibus
2913 2637 3214 2701 imitamur,
3249 2649 3500 2706 quaenam

1924 2730 1996 2784 sit
2049 2728 2284 2784 latitudo
2311 2736 2368 2782 et
2398 2727 2686 2798 longitudo
2727 2736 2786 2783 et
2827 2729 3062 2784 altitudo
3093 2736 3150 2784 et
3183 2727 3500 2783 redundans

1924 2821 1980 2875 in
2025 2835 2126 2874 nos
2168 2818 2490 2890 magnitudo
2539 2819 2829 2888 sapientiae
2881 2820 3000 2884 Dei,
3055 2820 3238 2890 quoad
3287 2819 3502 2890 possint

1923 2913 2198 2976 homines,
2247 2909 2398 2966 haud
2431 2910 2770 2981 ignorantes,
2800 2911 2858 2966 in
2889 2919 3036 2968 terra
3063 2927 3254 2967 sumus
3281 2928 3502 2968 annun~

1927 3005 2193 3060 tiationis.
2223 3005 2532 3060 Practicam
2576 3003 2746 3075 igitur
2785 3014 2846 3058 et
2870 3005 3182 3060 naturalem
3210 3011 3267 3059 et
3296 3003 3504 3058 theolo-

168 3119 172 3123 ε
245 3081 389 3177 κατά
412 3081 472 3134 τὺ
509 3084 734 3177 ἐφικτὸν
771 3086 1084 3160 ἀνθρώποις
1127 3091 1229 3146 οὐκ
1264 3093 1612 3162 ἀγνοοῦντες,
1655 3099 1823 3168 ἐσμὲν

1930 3097 2102 3168 gicam
2144 3095 2551 3168 phil050phiam
2597 3109 2699 3164 per
2743 3095 2909 3171 trium
2945 3109 3306 3164 personarum
3345 3093 3505 3148 δισθ-

244 3173 303 3225 ὲν
327 3175 394 3245 τῇ
433 3177 503 3246 γῇ
539 3175 640 3246 τῆς
675 3178 1034 3247 ἐπαγγελίας.
1068 3182 1182 3253 Τὴν
1221 3186 1534 3258 πρακτικὴν
1561 3188 1678 3253 οὖν,
1729 3191 1823 3246 καὶ

1930 3191 2160 3245 rentiam
2199 3203 2227 3243 a
2254 3188 2515 3260 magistro
2536 3186 2834 3258 signiﬁcari
2862 3187 3000 3242 mihi
3028 3186 3268 3252 videtur,
3300 3185 3504 3256 quibus

245 3263 344 3335 τὴν
378 3268 638 3339 φυσικὴν,
672 3271 768 3324 καὶ
803 3272 905 3342 τὴν
942 3271 1260 3344 θεολογικὴν
1305 3276 1631 3347 φιλοσοφίαν
1668 3275 1823 3347 οἶμαι

1930 3281 2327 3349 convenienter
2358 3295 2460 3349 pro
2483 3294 2582 3334 sua
2603 3278 2842 3348 quisque
2865 3277 3127 3333 facultate
3152 3276 3504 3332 intellectua-

245 3355 335 3410 διὰ
365 3357 465 3429 τῆς
491 3359 811 3430 διαιρέσεως
848 3362 958 3417 τῶν
991 3363 1160 3433 τριῶν
1206 3366 1516 3436 προσώπων
1545 3369 1638 3422 τὸν
1679 3369 1823 3424 διδά-

1930 3373 1974 3426 le
2003 3371 2258 3426 comedat
2297 3371 2521 3442 pascha.

248 3423 447 3596 σέαλον
505 3423 979 3525 παραινίττεσθαι,
1027 3423 1100 3512 δι’
1149 3451 1228 3517 ὧν
1251 3423 1559 3532 ’ἀναλόγως
1625 3463 1859 3530 ἕκαστος
1895 3423 2655 3538 Ϋαὺτῷ
2701 3463 2935 3536 δύναμιν
2997 3463 3060 3518 τὸ
3099 3423 3504 3542 νοητδνιὲσθῐει
3614 3459 3617 3462 ’

248 3560 290 3596 π
330 3560 454 3596 σγα.

248 3560 454 3614 πασχα.

262 3721 362 3776 Ἐκ
418 3721 524 3778 τοῦ
575 3725 762 3780 αὐτοῦ
806 3729 1018 3796 λόγου,
1055 3729 1143 3795 είς
1169 3731 1237 3784 τό
1263 3746 1276 3763 ο
1345 3734 1448 3787 «ΕΙ
1488 3733 1602 3805 μέν
1641 3753 1729 3800 τις
1771 3731 1823 3790 εί

1930 3733 2008 3788 Ea:
2039 3729 2220 3784 eodem
2247 3741 2508 3790 sermone,
2538 3726 2596 3778 in
2626 3723 2764 3778 illud
2798 3740 2816 3778 :
2863 3742 2883 3776 ι
2917 3721 2975 3778 Si
3017 3723 3216 3779 Rachel
3259 3725 3504 3796 quaedam

333 3815 562 3882 Ῥαχὴλ
596 3815 634 3882 ἢ
680 3816 843 3882 Λεία,
891 3819 1066 3888 ψυχὴ
1130 3824 1531 3892 πατριαρχικὴ
1578 3826 1678 3879 καὶ
1720 3843 1828 3894 με·

321 3905 499 3976 τάλη,
552 3907 652 3961 καί
685 3909 760 3962 τὰ
805 3907 1026 3964 ετδωλα
1062 3911 1300 3980 κλέψον
1340 3913 1489 3981 ἅπερ
1529 3913 1607 3968 ἂν
1643 3915 1826 3983 εὕρῃς

317 3999 426 4052 τοῦ
463 3998 581 4052 σοῦ
608 3999 854 4068 πατρὸς,
895 4001 1009 4070 οὐχ
1060 4001 1160 4058 ἵνα
1203 4003 1506 4074 φυλάξῃς,
1555 4005 1828 4060 ἀλλ’ἵνα

317 4089 625 4160 ἀφανίσῃς
646 4107 662 4124 ο
701 4093 754 4145 εί
791 4089 861 4144 δὲ
894 4091 1276 4161 Ἰσραηλίτης
1300 4095 1512 4163 σοφὸς,
1539 4095 1690 4164 πρὸς
1713 4095 1828 4165 τὴν

239 4258 242 4262 ι
319 4181 437 4250 γῆν
476 4180 589 4250 τῆς
611 4181 973 4250 ἐπαγγελίας
989 4184 1340 4253 μτὲνετκαι
1375 4185 1542 4256 (47).»

329 4289 534 4360 Ῥαχὴλ
593 4291 713 4361 μὲν,
737 4292 814 4356 ὥς
873 4311 1056 4364 φασιν,
1099 4297 1295 4366 ἀμνὰς
1335 4299 1368 4370 ἢ
1421 4301 1828 4369 nom-afroan

257 4379 644 4450 ἑρμηνεύεται,
698 4382 822 4454 ἠδὲ
871 4386 1024 4450 Λεία,
1061 4389 1407 4458 κοπουμένη
1468 4390 1499 4460 ἢ
1557 4392 1825 4458 κόπωσις

251 4471 633 4540 ἑρμηνεύεται.
691 4475 1045 4544 Ποιμαίνεται
1087 4473 1182 4530 οὖν
1231 4479 1325 4532 καὶ
1395 4481 1674 4551 ποιμαίνει
1733 4483 1828 4536 καὶ

248 4562 443 4628 ἄγεται
473 4563 568 4616 καὶ⁵
596 4565 773 4637 ἄγειή
801 4566 1021 4638 Ῥαχὴλ,
1049 4568 1191 4622 κατὰ
1215 4570 1314 4640 τὴν
1329 4569 1432 4640 τῆς
1455 4572 1827 4644 προσηγορίας

247 4649 498 4722 δύναμιν.
546 4653 745 4726 Ῥαχὴλ
771 4651 866 4709 οὖν
908 4657 1025 4710 ἐστι
1053 4660 1204 4712 πᾶσα
1229 4658 1375 4730 ψυχὴ
1418 4661 1751 4734 θεωρητικὴ,
1794 4666 1826 4734 ὴ

249 4740 327 4811 τῷ
352 4741 503 4814 νόμῳ
527 4744 624 4798 τοῦ
663 4745 799 4800 Θεοῦ
839 4748 916 4812 ὡς
955 4749 1136 4819 ἀμνὰς
1188 4753 1581 4825 ποιμαινομένη
1625 4771 1686 4806 τε
1731 4755 1828 4808 καὶ

248 4833 518 4904 ἀγομένη,
583 4836 678 4890 καὶ
703 4838 847 4892 κατὰ
886 4838 979 4892 τὸν
1016 4839 1179 4911 νόμον
1216 4841 1312 4896 τοῦ
1343 4843 1478 4896 Θεοῦ
1512 4847 1625 4908 τοῖς
1677 4847 1825 4900 κατά

251 4921 449 4994 πρᾶξιν
481 4925 704 4997 θεσμοῖς
736 4931 1100 5000 ποιμαίνουσά
1145 4949 1204 4985 τε
1253 4933 1347 4987 καὶ
1394 4933 1604 5002 ἄγουσα
1652 4936 1824 5006 αὐτῆς

249 5013 316 5066 τὰ
345 5016 624 5086 κινήματα
655 5023 752 5072 καὶ
780 5022 850 5075 τά
881 5021 1244 5093 διανοήματα,
1297 5027 1394 5079 καὶ
1436 5027 1504 5080 τὰ
1549 5021 1696 5097 πάθη
1726 5029 1824 5098 τῆς

253 5105 454 5175 σαρκὸς
501 5105 579 5175 τῷ
637 5108 824 5180 (248
852 5110 915 5177 a)
971 5112 1178 5182 γονίμῳ
1206 5113 1306 5182 τῆς
1337 5114 1538 5184 ἀρετῆς
1585 5115 1826 5170 ὑποτάσ-

255 5211 424 5249 σουσα
449 5195 611 5260 τέως,
635 5200 730 5251 καὶ
756 5199 930 5264 οὕτως
959 5201 1096 5270 μετὰ
1131 5203 1231 5274 τὴν
1271 5205 1354 5266 είς
1388 5205 1592 5272 γνῶσιν
1620 5207 1826 5261 εἴσοδον

254 5286 950 5358 παντελῶςάφανίζουσα.
1013 5294 1146 5350 Λεία
1199 5296 1257 5350 δέ
1309 5297 1426 5350 ἐστι
1480 5299 1632 5356 πᾶσα
1679 5299 1825 5372 ψυχὴ

254 5376 554 5447 πρακτικὴ,
613 5378 711 5450 τὴν
769 5381 911 5453 ὑπὲρ
958 5383 1158 5456 ἀρετῆς
1218 5386 1418 5456 ἔχουσα
1459 5389 1722 5454 κόπωσιν,
1758 5393 1825 5463 ἢν

257 5464 492 5534 μάλιστα
522 5471 745 5542 πρώτην
776 5476 884 5538 πᾶς
913 5491 996 5538 τις
1027 5477 1126 5547 τὴν
1159 5477 1312 5530 θείαν
1362 5478 1561 5547 μετιὼν
1602 5479 1822 5548 φιλοσο-

353 5596 367 5634 ¹
407 5599 544 5657 Gen.
577 5619 721 5668 xxxx,
750 5605 834 5660 l9.

1993 3839 2066 3887 es,
2103 3829 2198 3875 aut
2225 3819 2343 3882 Lia,
2372 3820 2467 3874 hoc
2495 3826 2569 3871 est
2602 3817 2959 3887 patriarchica
2993 3826 3041 3872 et
3070 3835 3268 3890 magna
3298 3819 3502 3888 animo,

1995 3913 2161 3985 patris
2189 3925 2391 3980 quoque
2406 3910 2481 3962 tui
2501 3906 2667 3971 idola,
2693 3910 3308 3979 quacunqueinveneris,
3329 3909 3506 3962 subri-

1993 4020 2058 4076 ρο
2092 4004 2157 4065 ι’,
2192 4017 2296 4053 non
2333 4007 2392 4052 ut
2448 4014 2643 4062 serves,
2676 3998 2768 4052 sed
2793 4005 2850 4051 ut
2879 3997 3055 4052 deleas
3079 4016 3097 4063 ;
3125 3999 3172 4052 si
3211 4006 3387 4052 autem
3415 4015 3507 4053 sa-

1997 4097 2144 4167 piens
2168 4090 2438 4156 Israelita,
2475 4091 2546 4146 ad
2575 4101 2774 4146 terram
2803 4091 3163 4162 promissionis
3197 4092 3449 4157 transter.
3477 4109 3496 4142 ι

1995 4287 2201 4343 Rachel
2237 4285 2487 4357 quidem,
2537 4295 2598 4338 ut
2642 4285 2888 4348 tradunt,
2943 4301 3084 4354 agna
3137 4283 3224 4338 vel
3284 4299 3504 4355 pascens

1925 4397 2042 4436 oves
2090 4379 2418 4449 explicatur,
2465 4377 2619 4431 Liam
2670 4393 2804 4431 vero
2852 4375 3138 4446 fatigatam
3181 4376 3268 4431 vel
3311 4377 3500 4446 fatiga-

1930 4475 2126 4527 tionem
2171 4472 2635 4540 interpretantur.
2686 4469 2938 4524 Pascitur
2990 4469 3159 4539 igitur
3203 4477 3261 4523 et
3305 4468 3504 4538 pascit,

1929 4573 1988 4619 et
2020 4563 2202 4633 agitur
2245 4571 2302 4616 et
2355 4561 2488 4632 agit,
2543 4561 2770 4626 Rachel,
2818 4562 3122 4615 secundum
3154 4559 3309 4614 vocis
3337 4559 3508 4630 signi-

1926 4655 2262 4712 ﬁcationem.
2299 4653 2507 4708 Rachel
2553 4653 2724 4724 igitur
2775 4662 2862 4708 est
2911 4653 3094 4708 omnis
3139 4652 3324 4707 anima
3369 4668 3506 4708 con-

1925 4747 2264 4820 templativa,
2293 4755 2435 4818 ,‘quaa
2485 4748 2603 4818 lege
2639 4747 2736 4802 Dei
2775 4757 3034 4818 tanquam
3071 4765 3208 4819 agna
3257 4755 3412 4818 pasta
3449 4755 3506 4802 et

1923 4851 2068 4907 acta,
2117 4851 2174 4898 et
2210 4843 2365 4914 juxta
2416 4842 2592 4912 legem
2649 4841 2741 4895 Dei
2801 4841 3090 4911 praeceptis
3132 4841 3214 4894 eis
3267 4853 3390 4908 qua-
3435 4839 3504 4894 ad

1923 4933 2199 4987 actionem
2254 4931 2534 5001 pertinent
2567 4940 2623 4985 et
2651 4931 2829 5001 pascit
2855 4940 2911 4986 et
2941 4932 3052 5002 agit
3077 4931 3353 4986 motiones
3376 4945 3506 4985 suas

1923 5023 2418 5094 cogitationesque,
2464 5030 2630 5092 atque
2673 5023 2858 5078 carnis
2912 5023 3146 5078 allectus
3173 5021 3502 5081 fecunditati

1922 5113 2150 5168 virtutis
2209 5112 2432 5168 interim
2483 5113 2727 5183 subjicit,
2772 5113 3022 5184 adeoque
3072 5126 3363 5183 postquam
3412 5112 3498 5165 in-

1927 5220 2116 5276 gressa
2149 5204 2205 5258 in
2231 5205 2602 5275 cognitionem
2643 5213 2747 5271 est,
2781 5221 3006 5276 prorsus
3046 5206 3368 5275 exstinguit.
3403 5203 3502 5258 Lia

1927 5307 2112 5354 autem
2158 5307 2242 5354 est
2287 5299 2469 5354 omnis
2509 5299 2694 5352 anima
2749 5307 2974 5352 strenua
3025 5311 3128 5367 pro
3175 5295 3383 5350 virthte
3423 5295 3510 5356 la-g

1926 5389 2153 5454 borans,
2187 5403 2350 5458 quam
2379 5390 2560 5444 omnis
2607 5388 2841 5443 maxime
2888 5387 3088 5442 divinae
3139 5383 3504 5457 philosophia:

1925 5492 2165 5540 sectator
2208 5485 2262 5539 in
2295 5484 2706 5554 matrimonium
2737 5483 2879 5554 apud
2905 5498 2964 5539 se
2997 5483 3223 5552 excipit.
3257 5477 3500 5536 Israelita

319 5713 434 5788 (47)
464 5717 632 5773 Idem.
663 5719 786 5776 ibid.
812 5737 930 5792 cap.
963 5721 1052 5786 Ἣ,
1081 5739 1133 5792 p.
1173 5723 1297 5792 86l,
1337 5733 1466 5780 tom.
1499 5725 1516 5779 l
1544 5725 1680 5798 Opp.
1706 5728 1794 5784 ed.
1837 5730 2041 5786 Bcncd.
