3938 6148
508 275 638 340 1371
1659 278 1719 337 5.
1760 279 2045 338 MAXIMI

2182 279 2594 339 NFESSURIS
3348 302 3367 317 ν
3646 277 3734 345 13τέ

503 398 691 444 autem
730 387 950 457 sapiens
993 393 1081 440 est
1122 400 1282 442 mens
1324 387 1754 458 contemplativa
1779 393 1883 443 aevi
1920 392 2054 459 huju

2198 390 2326 458 φιαν
2372 390 2629 459 γαμικῶς
2667 388 3041 454 εἰσοικίζεται.
3099 388 3468 460 Ἰσραηλιτης
3522 387 3575 440 δὲ
3624 394 3732 459 cogi;

503 482 871 553 cogitationes
918 478 975 533 in
1026 486 1233 533 terram
1280 479 1616 549 cognitionis
1653 480 1997 536 transferens
2028 495 2058 533 a

2199 482 2318 533 ἐστι
2340 481 2466 544 νοῦς
2490 480 2826 559 θεωρητικὸς
2851 480 2919 533 τά
2949 480 3046 533 τοῦ
3074 481 3289 542 αἰῶνος
3324 483 3518 532 τούτου
3549 482 3734 550 νοήματι

502 576 821 645 exemplum
856 573 1041 643 magni
1087 573 1238 627 illius
1277 573 1492 637 Jacobi,
1532 573 1628 643 qui
1677 581 1850 627 totam
1887 572 2057 626 Labar

2200 573 2336 642 πρὸς
2382 573 2483 644 τὴν
2532 574 2718 643 χώραν
2766 573 2865 640 τῆς
2911 572 3175 640 γνώσεως
3227 571 3607 642 μεταϐιϐάζων
3640 577 3735 627 κατὰ

504 668 874 724 substantiam
923 665 995 720 ad
1055 673 1262 719 terram
1327 674 1550 734 patrum
1600 664 1997 735 transportavit
2049 662 2059 712 1'

2198 661 2288 713 τὸν
2320 661 2496 731 μέγαν
2531 662 2740 714 ἐκεῖνον
2776 660 2996 725 Ἰακὼϐ,
3051 661 3146 714 τὸν
3172 661 3371 715 πάντα
3404 661 3470 713 τά
3496 660 3584 713 τοῦ
3602 662 3732 715 Δάὗαν

503 758 981 826 Quemadmodum
1031 756 1178 812 enim
1216 756 1574 811 admirandus
1608 755 1702 811 ille
1744 755 2006 819 Iacobus,
2037 772 2058 807 ι

2202 753 2339 822 πρὸς
2380 753 2479 822 τὴν
2507 751 2615 820 γῆν
2639 754 2750 804 τῶν
2787 754 3050 823 Πατέρων
3088 751 3573 822 μετακομίσαντα.
3600 754 3730 806 Καθά-

507 851 773 906 traditum
821 857 928 913 est,
976 850 1160 919 virgas
1207 848 1577 903 decortieatas
1618 863 1888 916 aquarum
1933 862 2062 901 cana

2202 861 2306 914 περ
2337 844 2448 915 γάρ
2480 845 2685 907 ἐκεῖνος
2708 846 2737 897 ὁ
2764 843 3080 914 Θαυμαστὸς
3112 842 3333 897 Ἰακὼὸ
3365 843 3634 914 ἱστορικῶς
3669 849 3733 909 τὰς

506 942 652 995 libus
698 940 891 1011 iniecit
937 947 995 994 et
1033 938 1330 1008 concipere
1376 938 1446 992 ad
1495 952 1592 992 eas
1646 936 1779 991 fecit
1823 953 1953 992 oves
2016 937 2061 990 bi

2203 933 2432 1004 ῥάϐδους
2462 934 2695 997 λεπίσας
2723 934 2818 987 καὶ
2839 933 3062 998 ὑποθεὶς
3090 937 3220 997 ταῖς
3243 934 3438 1004 ληνοῖς
3460 934 3563 987 τῶν
3585 936 3734 989 ὑδάτων

509 1032 703 1086 bentes
744 1031 792 1096 κ,
852 1029 934 1085 sic
967 1030 1148 1083 omnis
1172 1044 1330 1084 mens
1361 1030 1417 1082 in
1447 1028 1647 1098 spiritu
1688 1028 2061 1098 sapientissim

2200 1027 2336 1093 πρὸς
2383 1025 2552 1088 αὑτὰς
2610 1027 2876 1096 ἑγκισσᾷν
2909 1026 3081 1078 ἐποίει
3122 1026 3197 1078 τὰ
3256 1025 3487 1079 πίνοντα
3528 1027 3732 1096 πρόϐατε,

505 1136 729 1191 quoque
792 1121 1039 1175 rationes
1093 1136 1281 1175 rerum
1341 1135 1464 1189 quae
1518 1126 1649 1173 sunt
1698 1119 2005 1174 diviniores

2198 1118 2342 1172 οὕτω
2372 1118 2468 1171 καὶ
2499 1119 2608 1181 πᾶς
2632 1118 2691 1170 ὲν
2713 1117 2988 1187 πνεύματι
3017 1117 3349 1187 σοφώτατος
3372 1117 3496 1180 νοῦς
3524 1119 3610 1186 τῆς
3632 1135 3734 1188 περι-

506 1212 739 1266 materia
771 1211 1258 1266 circumvestiente
1291 1209 1600 1265 denudatas
1626 1210 1804 1265 modis
1825 1210 2061 1281 cognitio

2199 1212 2461 1283 κειμένης
2513 1211 2647 1282 ὕλης
2700 1212 2828 1274 τοὺς
2872 1211 2982 1263 τῶν
3027 1210 3205 1265 ὄντων
3240 1211 3552 1281 θειοτέρους
3596 1211 3731 1280 λόγους

504 1302 593 1356 nis
613 1302 1059 1372 contctnplativis
1076 1301 1325 1372 subjicit,
1352 1312 1409 1355 et
1435 1300 1871 1370 ineorporalium
1890 1310 2059 1355 statur

2198 1304 2627 1375 ἀπογυμνώσας,
2692 1304 2789 1358 καὶ
2819 1305 2932 1366 τοῖς
2978 1304 3122 1356 κατὰ
3160 1305 3272 1374 τὴν
3306 1304 3540 1374 θεωρίαν
3565 1305 3731 1374 τρόποις

503 1393 743 1448 formare
780 1408 1059 1463 quemque
1094 1393 1403 1446 discentem
1443 1400 1499 1445 et
1539 1392 1737 1446 anima:
1771 1407 1884 1447 sua:
1921 1392 2058 1461 ipsiu

2196 1397 2295 1465 τῆς
2324 1396 2578 1465 γνώσεως
2602 1394 2961 1466 ὑποθέμενος,
2989 1395 3089 1465 τὴν
3119 1395 3237 1448 τῶν
3272 1395 3577 1464 ἀσωμάτων
3608 1396 3728 1449 κατὰ·

507 1488 779 1542 motiones
805 1487 1024 1541 edocet.
1068 1485 1389 1540 Patriarcha
1418 1485 1604 1554 itaque
1646 1500 1838 1539 eorum
1871 1485 2062 1554 quidet

2202 1506 2389 1542 στασιν
2445 1487 2808 1559 μορφοῦσθαι,
2869 1487 2997 1550 τούς
3037 1504 3098 1540 τε
3147 1487 3533 1557 μανθάνοντας
3582 1488 3731 1551 πάντες

505 1579 599 1648 qui
640 1594 738 1648 per
778 1579 1020 1632 activum
1062 1577 1308 1631 laborem
1346 1576 1537 1632 virtuti
1587 1591 1812 1644 operam
1860 1584 2060 1630 navant

2198 1582 2289 1634 xui.
2343 1580 2412 1633 τὰ
2458 1581 2560 1650 τῆς
2618 1580 2815 1634 ἑαυτοῦ
2879 1581 3060 1650 ψυχῆς
3112 1579 3441 1633 ἐκδιδάσκει
3495 1580 3725 1648 κινήματα.

506 1672 606 1725 Lia
641 1678 749 1734 est,
800 1678 993 1723 contra
1042 1683 1234 1722 eorum
1287 1667 1383 1737 qui
1438 1682 1537 1737 per
1602 1666 1915 1721 naturalem
1965 1682 2061 1721 con

2197 1672 2555 1743 Πατριάρχης
2581 1668 2677 1724 οῦν
2707 1672 2817 1724 τῶν
2862 1672 2961 1738 μὲν
2995 1671 3085 1725 διά
3134 1671 3466 1741 πρακτικῆς
3503 1670 3729 1730 maxime;

511 1763 930 1832 templationem
967 1762 1316 1817 rationaliter
1341 1762 1601 1816 virtutem
1631 1762 1846 1826 colunt,
1886 1761 2066 1817 Racbc

2194 1763 2291 1833 τὴν
2590 1732 3005 1833 κατορθούντων
3048 1732 3202 1815 ἐστὶν
3234 1765 3271 1832 ἡ
3310 1732 3466 1825 Λεία,
3491 1760 3587 1813 τῶν
3605 1760 3649 1812 δὲ
3670 1760 3728 1812 διὰ

507 1867 625 1920 est,
672 1864 865 1926 utpote
932 1856 1030 1912 Dei
1085 1856 1206 1925 lege
1253 1856 1583 1910 obedienter
1639 1855 1980 1925 gubernata,
2031 1868 2061 1907 a

2192 1856 2291 1926 τῆς
2330 1858 2567 1925 φυσικῆς
2591 1856 2824 1926 θεωρίας
2854 1854 2955 1925 τὴν
2984 1853 3188 1925 ἀρετὴν
3216 1853 3466 1923 λογικῶς
3501 1852 3727 1920 μετιόντων

509 1948 709 2002 leniter
735 1946 1038 2001 secundum
1066 1961 1189 2000 eam
1223 1946 1559 2015 gubernans.
1597 1946 1803 1999 Eorum
1837 1960 1970 1999 vero
1999 1960 2064 2015 qu

2193 1945 2341 1997 ἐστὶν
2371 1946 2404 2014 ἡ
2454 1944 2679 2015 Ῥαχὴλ,
2718 1944 2796 2007 ὡς
2822 1945 3091 2007 εὐπειθῶς
3118 1944 3382 2014 ἀγομένη
3413 1942 3489 2012 τῷ
3520 1942 3644 2012 νόμῳ
3665 1940 3726 1994 τοῦ

504 2039 657 2108 juxta
709 2036 1240 2107 contemplationem
1283 2035 1635 2106 spiritualem
1690 2042 1887 2105 petunt
1924 2034 2059 2089 subii

2192 2032 2327 2087 Θεοῦ
2356 2034 2453 2086 καὶ
2487 2034 2679 2105 πράως
2723 2035 2847 2088 κατ’
2899 2034 3061 2088 αὐτὸν
3093 2034 3340 2103 ἄγουσα.
3398 2033 3515 2086 Τῶν
3551 2033 3601 2084 δὲ
3627 2032 3726 2084 acati

509 2130 755 2184 mitatem
803 2127 1138 2199 cognitionis
1165 2128 1405 2183 Iacobus
1450 2138 1538 2183 est
1568 2128 1664 2182 ille
1695 2127 1898 2183 eximia
1929 2125 2064 2181 laud

2194 2126 2431 2197 θεωρίαν
2472 2126 2854 2198 πνευματικὴν
2898 2126 2961 2180 τὸ
3011 2126 3146 2195 ὕψος
3198 2126 3629 2197 μεταδιωκόντων
3662 2124 3727 2192 τῆς

507 2221 912 2293 ιιιτεόὶεεηάιιε,
959 2221 1065 2276 hoc
1109 2228 1195 2276 cst
1242 2235 1436 2274 eorum
1467 2220 1562 2290 qui
1587 2235 1652 2274 ea
1689 2234 1813 2289 quae
1837 2218 2061 2273 videntu

2201 2216 2475 2285 γνώσεως,
2540 2216 2737 2270 Ἰακὼσ
2764 2218 2795 2270 ό
2838 2218 3224 2288 πανεύφημος,
3256 2217 3371 2271 τῶν
3404 2216 3477 2286 μὴ
3504 2215 3566 2269 τὰ
3593 2214 3724 2284 φαινό-

508 2330 621 2367 non
670 2314 747 2367 ita
799 2320 859 2367 ut
896 2311 1178 2378 videntur,
1214 2311 1311 2367 sed
1342 2320 1401 2366 ut
1447 2311 1755 2366 intellectui
1789 2325 2063 2380 repraesen

2205 2323 2342 2376 μενα
2405 2304 2590 2368 καθὼς
2661 2306 2945 2374 φαίνονται
3018 2306 3333 2371 παντελῶς,
3408 2305 3537 2359 ἀλλά
3597 2302 3726 2365 καθὼς

511 2414 698 2459 tantur
736 2405 1042 2475 inspiciunt
1085 2412 1249 2474 atque
1291 2410 1653 2474 cognoscunt,
1711 2416 1768 2459 et
1818 2419 1943 2458 cum
1999 2417 2066 2456 co

2201 2397 2469 2462 νοοῦνται,
2497 2396 2787 2467 θεωμένων
2823 2414 2884 2449 τε
2926 2397 3023 2451 καί⁵
3060 2397 3470 2466 γινωσκόντων,
3513 2396 3593 2448 καὶ
3629 2392 3721 2462 μετὰ

508 2495 868 2564 gitationibus
899 2495 1029 2550 inde
1064 2494 1324 2565 repetitis
1353 2494 1556 2549 divites
1583 2495 1648 2548 ad
1674 2492 2063 2548 immaterialen

2201 2488 2308 2541 τῶν
2332 2490 2391 2541 ὲν
2428 2489 2643 2553 τούτοις
2667 2490 2956 2559 νοημάτων
3004 2488 3286 2552 πλουσίως
3327 2490 3463 2559 πρὸς
3494 2486 3582 2556 τὴν
3612 2483 3723 2537 me

507 2597 566 2643 et
615 2587 1018 2658 incorporalem
1058 2587 1434 2659 cognitionem
1484 2594 1796 2641 transeunt.

2202 2580 2297 2634 καὶ
2330 2579 2621 2650 ἀσώματον
2653 2578 3178 2651 μεταϐιϐαζομένων
3211 2578 3436 2649 γνῶσιν.

2118 2696 2189 2709 ..υ-ι

510 2761 597 2819 Ea:
633 2762 812 2845 eodem
834 2778 1098 2826 sermone,
1142 2763 1194 2814 in
1226 2761 1361 2814 illud
1397 2777 1414 2814 :
1458 2778 1477 2811 ι
1513 2757 1570 2813 Si
1606 2757 1787 2813 Simon
1813 2759 2065 2831 Cyrenwu

2203 2761 2304 2814 Ἐκ
2356 2758 2463 2812 τοῦ
2510 2756 2699 2812 αὐτοῦ
2751 2757 2959 2826 λόγου,
3007 2756 3097 2819 είς
3142 2756 3253 2808 τόδ
3291 2755 3431 2807 «Ἂν
3452 2752 3619 2819 Σίμων
3667 2740 3717 2845 tit

784 2851 878 2912 sis,
915 2865 1119 2903 crucem
1160 2848 1306 2911 tolle,
1367 2865 1429 2902 ac
1471 2863 1689 2918 sequere
1722 2847 1765 2903 ι.
1797 2867 1815 2899 ι
2259 2855 2339 2904 Kr

2259 2850 2614 2917 KvpnraToc,
2670 2849 2779 2903 τὸν
2840 2850 3112 2915 σταυρὸν
3164 2840 3324 2915 ἆρον
3378 2846 3471 2898 καί
3524 2838 3716 2896 ἀκολού-

1460 3006 1471 3013 _
2068 2998 2075 3005 ,
2271 2948 2463 3009 θησον
2488 2943 2620 3012 (48).
2657 2961 2674 2991 ι

584 3045 775 3100 Simon
806 3044 1029 3113 quidem
1063 3052 1147 3098 est
1187 3044 1502 3102 obedientia.
1546 3042 1842 3115 Cyrenzeus
1883 3054 2090 3110 autem,

2269 3053 2450 3119 Σίμων
2483 3052 2580 3119 μὲν
2612 3048 3211 3119 ὑπακοὴ,⁷1(υρηναῖος
3262 3048 3320 3101 δὲ
3349 3046 3640 3114 ἑτοιμότης,
3665 3037 3714 3099 ὣς

515 3147 576 3193 ιιι
622 3138 867 3200 tradunt,
899 3136 1208 3205 explicatur
1240 3148 1462 3206 paratus
1507 3140 1737 3191 animus.
1766 3138 2070 3209 ρυίειιηίμιι

2155 3124 2164 3177 ἶ
2198 3160 2380 3211 φασιν,
2408 3141 2795 3212 ἑρμηνεύεται.
2832 3138 3033 3211 (248
3057 3140 3119 3208 b)
3153 3140 3274 3203 Πᾶς
3295 3138 3391 3193 οὖν
3413 3139 3600 3206 ἕτοιμος
3620 3133 3710 3201 πρὸς

514 3230 687 3300 igitur
730 3230 797 3282 ad
828 3228 1203 3283 obediendum
1232 3228 1535 3298 Evangelia
1573 3239 1820 3298 paratus,
1860 3232 2066 3285 terreni

2199 3232 2447 3302 ὑπακοὴν
2480 3231 2574 3285 τοῦ
2608 3230 2969 3299 Εὐαγγελίου,
3009 3229 3441 3300 καὶ’προθύμως
3463 3225 3540 3279 διὰ
3564 3217 3713 3291 νεκρὼ-

514 3319 862 3376 mortitlcatis
896 3320 1163 3375 membris
1206 3335 1303 3389 per
1356 3320 1656 3388 practicam
1686 3322 2069 3391 philosophian

2195 3340 2332 3387 σεως
2352 3323 2460 3376 τῶν
2490 3322 2583 3376 ἐπὶ
2612 3321 2717 3391 γῆς
2763 3321 2946 3391 μελῶν
2973 3322 3073 3391 τὴν
3105 3321 3253 3392 ὑπὲρ
3280 3319 3477 3391 ἀρετῆς
3501 3314 3617 3370 κατὰ
3644 3310 3711 3376 τὴν

514 3427 616 3481 pro
637 3412 838 3466 virtute
863 3412 1123 3466 lubenter
1140 3412 1293 3467 subit
1308 3412 1677 3478 vexationem,
1699 3413 1889 3469 Simon
1915 3413 2061 3468 factu

2196 3413 2509 3484 πρακτικὴν
2543 3414 2864 3483 φιλοσοφίαν
2904 3412 3288 3483 ὑπερχόμενος
3314 3412 3560 3471 κάκωσιν,
3581 3402 3711 3471 Σίμων

514 3515 599 3557 est
640 3502 957 3575 Cyrenaeus,
1004 3505 1370 3559 voluntariam
1428 3515 1649 3560 sectans
1704 3506 1989 3569 virtutem,
2042 3506 2069 3559 i1

2200 3510 2391 3573 γέγονε
2428 3507 2758 3575 Κυρηναῖος,
2804 3502 3054 3557 ἑκούσιον
3108 3504 3502 3576 μετερχόμενος
3548 3491 3710 3564 ἀρετὴν.

516 3594 765 3649 humeris
791 3595 922 3650 dum
975 3595 1083 3651 fert
1128 3611 1350 3651 crucem
1392 3607 1449 3652 et
1497 3597 1779 3652 Christum
1827 3597 2071 3667 sequitur

2199 3598 2285 3650 ἐπ’
2316 3596 2482 3667 ὤμων
2515 3613 2574 3649 τε
2615 3597 2706 3649 τὸν
2758 3595 2993 3666 σταυρὸν
3023 3595 3167 3666 ἔχων
3217 3597 3315 3649 καὶ
3355 3586 3624 3647 ἀκολουθῶν
3659 3578 3711 3648 τῷ

516 3686 999 3740 conversationem
1075 3688 1202 3741 Viue
1255 3688 1368 3742 Deo
1430 3691 1819 3744 convenientis
1883 3697 2065 3743 terren

2198 3689 2418 3758 Χριστῷ
2462 3688 2875 3759 άνεσταλμένην
2920 3687 3208 3750 παντελῶς
3246 3688 3358 3758 τῆς
3386 3684 3480 3754 γῆς
3512 3676 3590 3733 τοῦ
3612 3670 3710 3727 κατᾶ

518 3792 747 3847 prorsus
799 3786 1112 3832 aversatam
1155 3779 1477 3835 ostendens.

2201 3779 2334 3833 Θεὸν
2373 3780 2488 3850 βίου
2520 3781 2622 3852 τὴν
2642 3780 2869 3850 ἀγωγὴν
2898 3778 3374 3850 ἐπιδεικνύμενος.

517 3949 602 4004 Ea:
639 3934 1127 4012 eodcm'sermone,
1176 3951 1233 4003 in
1285 3948 1421 4002 illud
1456 3966 1473 4002 :
1516 3968 1533 3999 ‹
1565 3947 1623 4003 Si
1658 3957 1714 4001 ut
1761 3949 1899 4002 latro
1954 3967 2072 4005 cruc

2219 3958 2314 4011 Ἐκ
2366 3956 2473 4011 τοῦ
2513 3956 2701 4012 αὐτοῦ
2751 3957 2961 4025 λόγου,
3010 3959 3099 4022 εὶς
3142 3959 3216 4010 τό
3240 3973 3253 3988 ·
3290 3974 3308 4005 ι
3332 3951 3465 4007 Ἐὰν
3507 3957 3708 4002 avetau-

550 4037 713 4093 simul
732 4037 930 4108 afﬁxus
955 4038 1136 4107 fueris,
1160 4048 1218 4093 ut
1243 4038 1323 4092 vir
1347 4038 1562 4109 probus,
1588 4038 1750 4092 Deum
1772 4055 2011 4109 agnosce.
2039 4061 2057 4092 ι

2271 4050 2470 4118 ρωθῇς
2517 4052 2599 4115 ὡς
2655 4050 2913 4118 λῃστὴς,
2967 4049 3049 4114 ὡς
3103 4049 3425 4118 εὐγνώμων
3474 4040 3566 4095 τὸν
3604 4030 3710 4093 Θεὸν

2276 4136 2570 4204 ’γνώρισον
2592 4136 2720 4206 (49).
2755 4155 2773 4186 ι

589 4241 754 4295 Latro
807 4240 1015 4308 probus
1061 4254 1187 4293 cum
1233 4238 1457 4293 Christo
1504 4239 1668 4292 simul
1719 4240 1868 4293 cruci
1912 4240 2102 4296 aﬂixus

2289 4250 2511 4317 Λῃστής
2541 4249 2689 4300 ἐστιν
2728 4247 3028 4318 εὐγνώμων
3054 4246 3513 4319 συσταυρούμενος
3533 4236 3594 4308 τῷ
3615 4235 3705 4301 x9“

518 4332 702 4386 omnis
734 4340 819 4385 est
862 4332 1029 4385 homo
1068 4332 1163 4400 qui
1215 4345 1315 4399 pro
1343 4330 1584 4398 peccatis
1619 4330 1759 4384 male
1808 4331 2015 4398 patitur
2047 4349 2073 4385 u

2150 4328 2184 4381 ί)
2211 4339 2321 4408 στῷ
2358 4340 2465 4397 πᾶς
2504 4340 2793 4410 ἄνθρωπος
2825 4341 2966 4410 ὑπὲρ
3013 4324 3319 4411 ἁμαρτιῶν
3345 4339 3548 4406 πάσχων
3578 4321 3705 4382 κακῶς

520 4422 816 4485 obnoxius,
867 4420 1029 4475 simul
1059 4420 1201 4473 male
1229 4418 1445 4487 patiens
1480 4433 1605 4472 cum
1639 4417 1904 4474 Sermone
1937 4421 2075 4490 ipsiu

2208 4428 2283 4489 ώς
2330 4427 2653 4489 ὑπεύθυνος,
2714 4426 2793 4496 τῷ
2844 4426 3159 4490 ἀνευθύνως
3216 4428 3287 4481 δι’
3335 4424 3484 4479 αὐτὸν
3525 4426 3704 4471 κακοπα-

522 4514 695 4583 gratia
732 4514 955 4567 innoxie
1004 4512 1147 4566 male
1193 4510 1463 4580 patiente,
1489 4519 1544 4566 et
1576 4527 1701 4565 cum
1739 4521 1895 4581 grata
1945 4515 2077 4569 bene

2210 4518 2391 4572 θοῦντι
2434 4519 2579 4588 λόγῳ
2618 4517 3059 4587 συγκακοπαθῶν
3104 4518 3200 4571 καὶ
3240 4519 3414 4589 φέρων
3455 4510 3556 4582 μετ’
3591 4504 3703 4570 εὐχα-

522 4602 633 4655 ﬁcii
663 4602 1049 4657 recordatione
1077 4601 1284 4664 ferens,
1306 4601 1553 4672 justique
1570 4600 1770 4671 judicii
1802 4606 2077 4660 secundur

2212 4610 2442 4679 ριστίας,
2469 4611 2562 4662 καὶ
2594 4610 2684 4662 τὸν
2711 4609 2853 4662 κατὰ
2886 4608 3145 4678 πρόνοιαν
3177 4610 3280 4680 τῆς
3315 4604 3511 4665 δικαίας
3535 4595 3701 4680 κρίσεξθί

523 4693 932 4762 providentiam
961 4708 1148 4749 recum
1189 4708 1310 4756 esse
1335 4692 1656 4749 Sermonem
1685 4711 2014 4765 agnoscens,
2054 4714 2078 4753 ε

2209 4674 2401 4769 λόγονν
2411 4701 2639 4753 συνόντα
2666 4674 2968 4770 γνωρίζων,
2993 4700 3088 4752 καὶ
3108 4674 3387 4769 ὁμολογῶν
3414 4694 3502 4761 τὴν
3521 4687 3630 4785 iipr

523 4786 744 4855 culpam
795 4801 961 4855 quam
1014 4785 1158 4840 male
1220 4784 1483 4855 patiendo
1540 4785 1645 4841 luit
1690 4786 1983 4850 conﬁtens,
2045 4805 2073 4842 a

2218 4793 2415 4862 πάσχει
2463 4792 2647 4854 κακῶς
2682 4791 2883 4856 αἰτίαν,
2929 4791 3023 4843 καὶ
3063 4791 3238 4844 αἰτῶν
3284 4790 3459 4854 ὥσπερ
3496 4775 3613 4844 αὐτῷ

526 4894 760 4945 precans
780 4888 840 4933 ut
859 4878 1056 4933 Sermo
1078 4878 1547 4948 quemadmodum
1573 4879 1828 4948 quamvis
1850 4880 2076 4935 innoxiu

2218 4855 2422 4947 πάθους
2446 4882 2803 4952 ἐκοινώνησεν
2841 4855 3135 4944 ἆνεύθυνος
3162 4881 3240 4934 ὢν
3282 4884 3309 4934 ὁ
3349 4880 3506 4945 λόγος,
3530 4867 3639 4923 οὕτω
3655 4855 3697 4952 δι’

527 4972 840 5037 passionem
883 4987 1040 5026 suam
1084 4972 1535 5036 communicarit,
1584 4972 1658 5027 ita
1705 4973 1811 5027 sibi
1861 4974 2079 5043 quamvi

2219 4976 2410 5027 ἑαυτὸν
2465 4974 2553 5027 τὸν
2600 4975 2757 5041 λόγον
2809 4974 2911 5038 τῆς
2962 4974 3172 5036 οἰκείας
3242 4970 3513 5028 εὐπαθείας
3558 4950 3699 5015 ἀναξίῳ

528 5062 757 5133 indigno
808 5078 907 5133 per
961 5064 1322 5133 semetipsum
1348 5064 1483 5118 velit
1530 5063 1792 5133 gaudium
1844 5079 2003 5117 suum
2058 5078 2083 5115 c

2218 5064 2541 5134 τυγχάνοντι
2604 5062 2946 5135 μεταδοῦναι,
2993 5065 3088 5115 καὶ
3136 5064 3237 5132 τὴν
3288 5066 3349 5119 ἐκ
3413 5048 3696 5126 περιστάσεως

532 5153 964 5208 oblectationem
991 5154 1429 5219 communicare,
1459 5166 1515 5209 et
1543 5156 2023 5211 mortiﬁcationem
2047 5174 2087 5211 c:

2221 5158 2487 5227 νέκρωσιν
2524 5158 2602 5219 εἰς
2642 5157 2891 5209 ἑκούσιον
2920 5155 3087 5207 αὐτοῦ
3114 5156 3319 5226 ἀρετὴν
3351 5151 3428 5207 διά
3453 5147 3535 5216 τὴν
3556 5140 3698 5232 εῆγνως

530 5245 940 5298 circumstantia
956 5246 1009 5299 in
1025 5246 1392 5300 voluntariam
1415 5246 1587 5315 ipsius
1600 5248 1859 5303 virtutem
1882 5248 2085 5320 benigni

2226 5249 2462 5319 μοσύνην
2486 5249 2825 5317 λογίσασθαι,
2850 5249 3010 5319 ἡνίκα
3032 5249 3130 5316 τῆς
3154 5248 3403 5319 προνοίας
3426 5240 3484 5294 τὰ
3506 5229 3612 5300 σοφὰ
3632 5237 3693 5319 τοξ

532 5346 918 5397 azinumcrarc,
950 5334 1173 5403 quando
1205 5335 1487 5390 Sermonis
1540 5337 1929 5403 velaminibus,
1991 5356 2087 5408 qua

2205 5342 2381 5409 Λόγου
2459 5340 2898 5410 προκαλύμματα
2965 5339 3138 5409 πέρας
3187 5340 3408 5394 λαϐόντα
3461 5329 3544 5397 τῆς
3582 5320 3694 5376 αὖτίθν

609 5460 623 5512 i
659 5460 798 5517 Gen.
827 5480 949 5527 xxx,
983 5470 1204 5535 passim.
1287 5469 1311 5507 ιι
1350 5470 1482 5523 ibid.
1567 5467 1581 5507 ι
1618 5471 1810 5526 Matth.
1847 5489 2010 5535 xxvn,
2044 5474 2130 5527 52.

534 5600 894 5726 ursii‘igdtlt‘m
928 5606 1071 5667 ibid,
1104 5625 1223 5675 cap.
1250 5610 1337 5671 ἓξ,
1377 5627 1427 5679 p.
1460 5612 1580 5671 8M,
1615 5623 1741 5665 tom.
1779 5613 1794 5663 1
1825 5613 1961 5680 Opp.
2018 5612 2102 5664 cal.
2226 5612 2404 5736 milia}
2430 5614 2573 5664 Mam
2616 5613 2758 5673 ibid”
2793 5626 2911 5680 mp,
2940 5607 3027 5669 2t,
3060 5624 3111 5675 p.
3143 5608 3270 5665 86L
3301 5618 3397 5658 tom
3440 5600 3472 5649 l.
3505 5589 3605 5655 Opp.
3628 5575 3682 5629 rd.
