3938 6148
278 373 414 437 1373
1511 376 2028 437 AMBIGUORUM
2067 378 2322 438 LIBER.
3394 368 3535 436 1374

277 485 557 554 βασιλείας
592 485 653 540 τὸ
689 483 802 554 φῶς
839 485 980 556 φανῇ
1012 483 1074 537 τὸ
1107 483 1426 566 ἀπρόσιτον.
1486 485 1644 539 Οὕτω
1702 505 1832 558 περι

1978 511 2236 581 ιορὶοηῐοι·
2271 511 2525 567 induerat
2557 491 2928 583 providentia,
2961 509 3200 580 demptis
3232 510 3382 580 regni
3415 510 3533 580 ejus

279 575 496 630 ίσταται
532 575 683 646 αὐτῷ
723 577 988 645 πάσχοντι
1021 575 1086 628 δι’
1110 576 1387 646 ἁμαρτίας
1423 577 1458 646 ἡ
1499 578 1564 630 ὲκ
1594 578 1834 647 περιστάπ

1979 617 2049 655 ux
2112 602 2389 656 inaccessa
2449 603 2787 673 apparuerit.
2853 603 2946 657 Sic
3009 601 3336 656 circumstat
3403 614 3529 654 eum

277 683 417 731 σεως
445 668 555 722 τῶν
595 668 775 738 μελῶν
798 667 895 720 τοῦ
929 666 1182 736 σώματος
1225 666 1512 737 νέκρωσις,
1553 669 1620 722 δι’
1647 668 1832 738 εὑγνώ·

1977 697 2164 749 ieccati
2218 711 2386 752 causa
2432 699 2734 767 patientem
2771 695 3020 766 corporis
3055 695 3433 750 membrorum
3463 691 3532 748 de

277 777 442 830 μονος
495 761 852 832 εὐχαριστίας
896 763 980 824 είς
1043 759 1368 830 αὐθαίρετον
1433 761 1636 834 ἀρετὴν
1687 779 1828 832 μετα

1978 785 2367 842 :ircumstantia
2411 759 2786 850 mortiﬁcatio,
2831 759 2952 857 quae
2991 801 3092 856 per
3146 785 3362 840 ﬁdelem
3406 799 3533 854 gra—

275 851 573 920 πίπτουσα,
597 853 720 908 καθ’
752 853 820 924 ἠν
859 851 969 905 τῶν
1002 851 1126 904 καθ’
1168 853 1445 923 ἁμαρτίαν
1481 853 1693 907 πολλῶν
1717 855 1830 907 ἀπο

1980 892 2178 946 amque
2236 878 2490 934 beneﬁcii
2541 877 2984 933 recordationem
3040 877 3096 932 in
3165 875 3532 931 voluntariam

273 943 532 1014 λυόμενος
605 945 938 1015 ὀφλημάτων
1019 941 1159 1012 μετά
1226 942 1322 996 τοῦ
1402 943 1564 1013 λόγου
1627 943 1828 998 δικαίω.

1980 975 2202 1020 nutatnr
2239 969 2523 1032 virtutem,
2575 984 2698 1038 qum
2729 967 2933 1022 debitis
2975 965 3184 1036 peccati
3231 963 3422 1018 multis
3447 977 3535 1017 so—

273 1038 498 1090 εῖσεισιν
557 1040 639 1102 είς
680 1037 778 1108 τὴν
816 1037 1001 1108 χώραν
1034 1038 1134 1106 τῆς
1177 1036 1449 1106 γνώσεως,
1486 1040 1629 1108 φημὶ
1667 1039 1724 1093 δὲ
1762 1038 1828 1090 τδι

1978 1065 2102 1109 ntus
2140 1055 2193 1109 in
2242 1057 2522 1126 regionem
2556 1036 2894 1127 cognitionis
2935 1068 3060 1108 cum
3110 1052 3379 1106 Sermone
3407 1050 3533 1120 jure

275 1131 626 1216 παράδεισον,
668 1133 725 1182 ὲν
817 1129 1112 1200 γενόμενος
1139 1131 1410 1198 γνώσεται
1431 1130 1529 1200 τὴν
1553 1129 1734 1184 αἰτίαν
1753 1131 1830 1200 τῆς

1978 1153 2142 1208 ntrat,
2176 1145 2281 1200 hoc
2311 1124 2395 1200 est
2440 1147 2496 1199 in
2527 1124 2866 1216 paradisum,
2912 1143 3009 1198 nbi
3065 1142 3274 1196 certior
3327 1139 3424 1194 (iet
3463 1137 3533 1194 de

273 1225 330 1272 ἐν
440 1220 816 1292 καθείργμεθα
843 1221 940 1278 νῦν
974 1223 1280 1292 καταδίκης
1323 1223 1418 1276 καὶ
1456 1223 1828 1284 κακοπαθείας

1979 1249 2117 1288 causa
2167 1243 2371 1289 nostrae
2403 1235 2778 1290 damnationis
2821 1243 2985 1304 atque
3025 1230 3284 1293 miserias,
3329 1228 3534 1298 quibus

269 1311 488 1382 Λῃστὴς
534 1312 593 1367 δὲ
643 1311 917 1382 ἀγνώμων
957 1314 1112 1367 ἐστὶν
1149 1315 1178 1366 ὁ
1207 1313 1276 1366 δι’
1309 1313 1584 1384 ἁμαρτίας
1623 1315 1824 1382 πάσχω

2159 1331 2417 1390 tanquam
2455 1323 2509 1377 in
2555 1338 2776 1378 carcere
2825 1322 3174 1376 cohibemur.
3225 1318 3392 1373 Latro
3426 1315 3532 1370 im-
3577 1367 3581 1370 .
3683 1305 3688 1316 ’

269 1404 458 1466 κακῶς
485 1405 561 1468 ὡς
589 1403 912 1468 ὑπεύθυνος,
943 1407 1035 1458 καὶ
1069 1405 1145 1475 μὴ
1177 1405 1458 1476 γνωρίζων
1481 1403 1568 1458 διά
1585 1403 1774 1475 (249
1793 1422 1824 1458 a

1980 1413 2160 1467 nrobus
2233 1421 2425 1468 contra
2483 1422 2569 1468 est
2618 1415 2713 1482 qui
2782 1412 2990 1482 peccati
3048 1425 3212 1465 causa
3264 1407 3535 1464 obnoxius

269 1495 722 1566 φιλαπεχθήμονα
746 1499 972 1566 γνώμην
1009 1496 1100 1549 τὸν
1131 1495 1437 1570 ἀνευθύνως
1477 1496 1616 1566 ὑπὲρ
1665 1495 1824 1562 φιλαν

1978 1505 2185 1569 patitur,
2235 1505 2442 1575 quique
2501 1513 2726 1575 propter
2785 1503 3086 1557 voluntatis
3139 1497 3533 1568 malignitatem

269 1587 520 1658 θρωπίας
552 1589 701 1660 αύτῷ
735 1588 1130 1658 συμπάσχοντα
1163 1591 1261 1658 τῆς
1301 1586 1648 1655 δικαιοσύνης
1673 1585 1824 1654 λόγον

1978 1594 2172 1648 ustitiae
2194 1610 2504 1649 sermonem
2522 1611 2632 1649 non
2652 1593 2899 1664 agnoscit
2923 1609 3030 1647 una
3051 1605 3176 1646 cum
3200 1605 3278 1652 se,
3301 1587 3396 1642 sed
3413 1587 3533 1642 sine

269 1679 406 1733 ἀλλὰ
440 1679 779 1751 βλασφήμως
809 1680 1271 1750 ἀποπεμπόμενος
1301 1677 1392 1731 τὸν
1421 1679 1508 1730 ἐπ’
1538 1677 1690 1747 αύτῷ
1711 1694 1824 1730 me:

1976 1685 2136 1754 :ulpa,
2154 1685 2451 1754 patientem
2476 1702 2577 1756 pro
2598 1679 2938 1756 benignitate
2967 1699 3088 1746 sua,
3110 1683 3220 1736 imo
3245 1695 3369 1735 cum
3396 1691 3531 1732 con-

269 1771 532 1842 πρόνοιαν
565 1772 794 1836 δικαίως
835 1772 1124 1840 ὁρισθέντα
1155 1772 1255 1840 τῆς
1298 1772 1534 1839 κρίσεως
1572 1769 1754 1838 λόγον,
1793 1769 1820 1822 ὃ

1981 1777 2096 1832 'icio
2127 1777 2380 1847 repudiat
2402 1777 2597 1848 judicii
2625 1792 2934 1832 sermonem
2963 1775 3163 1830 merito
3186 1772 3236 1827 ei
3263 1771 3330 1826 de
3351 1769 3536 1840 provi-

268 1859 458 1930 ἐπειδὴ
489 1863 566 1929 μὴ
602 1859 872 1930 ἐγνώρισε
898 1861 989 1914 τὸν
1013 1860 1226 1930 ἀτίμως
1251 1859 1398 1928 αύτῷ
1424 1861 1564 1912 κατὰ
1593 1859 1823 1928 βούλησιλ

1978 1867 2142 1922 lentia
2159 1869 2450 1923 delinitum
2479 1887 2498 1921 :~
2518 1869 2612 1938 qui
2637 1884 2762 1923 cum
2788 1868 3110 1923 Sermonem
3137 1861 3533 1920 contumeliose

269 1950 844 2018 συγκαταδικασθέντα
901 1951 1062 2025 λόγον
1114 1950 1210 2004 καὶ
1258 1951 1500 2022 ῂτήσατο
1561 1950 1720 2020 χάριν
1770 1943 1824 2002 ὧε

1980 1975 2171 2025 secum,
2196 1970 2253 2016 et
2271 1977 2367 2016 sua
2395 1961 2568 2032 ipsius
2597 1969 2814 2032 sponte,
2845 1959 3268 2014 condemnatum
3303 1968 3414 2008 non
3441 1965 3535 2006 eo-

267 2039 716 2111 ὲπλημμέλησεν,
769 2042 990 2110 ἀφίεται
1045 2043 1148 2113 τῆς
1210 2041 1486 2112 βασιλείας
1543 2040 1822 2110 ἀλλότριος

1976 2060 2174 2119 {nosset
2195 2068 2296 2108 nec
2319 2053 2644 2109 delictorum
2665 2067 2892 2108 suorum
2911 2050 3130 2105 veniam
3157 2045 3478 2116 rogavisset,
3499 2057 3531 2097 e

263 2131 524 2203 οὐδεμίαν
551 2134 644 2188 τοῦ
665 2151 798 2188 ποτε
827 2134 1034 2208 ταύτης
1059 2135 1345 2202 τεύξεσθαι
1387 2135 1538 2207 παρὰ
1560 2135 1656 2190 τοῦ
1683 2135 1818 2202 λόγος

1980 2158 2123 2213 egno
2157 2143 2398 2214 ejicitur,
2435 2153 2494 2198 ut
2516 2144 2750 2207 alienus,
2773 2142 2981 2197 nullam
3007 2153 3247 2208 unquam
3269 2151 3327 2190 se
3343 2134 3534 2188 civita-

264 2221 446 2279 λαϐὼν
469 2226 796 2296 ἑπάγγελον.

1974 2251 2061 2288 em
2077 2236 2196 2306 ejus
2212 2245 2560 2306 recepturum
2576 2251 2698 2291 esse
2715 2235 2898 2290 laetum
2914 2239 3240 2300 accepturus
3253 2225 3529 2282 nuntium.

621 2403 812 2457 ’Άλλο
841 2404 928 2469 είς
953 2401 1019 2454 τὸ
1041 2402 1186 2456 αὐτὸ
1211 2357 1498 2472 θεώρημα.
1872 2357 1938 2362 ﬂ

2312 2409 2436 2465 Alia
2487 2412 2542 2464 in
2587 2411 2724 2465 idem
2771 2405 3167 2477 contemplatio.

335 2513 449 2566 Καὶ
475 2513 638 2568 πάλιν
661 2513 867 2585 λῃστής
902 2515 1050 2572 ἐστιν
1083 2512 1384 2585 εὐγνώμων
1413 2517 1442 2569 ό
1465 2515 1570 2570 κᾶν
1609 2517 1696 2571 ἐπ’
1719 2519 1851 2573 αὐτὸ

2016 2526 2196 2590 Atque
2241 2521 2440 2577 iterum
2473 2521 2615 2576 latro
2659 2520 2870 2590 probus
2898 2527 2984 2572 est
3017 2516 3136 2586 qui,
3187 2513 3358 2568 etiam
3393 2513 3439 2568 si
3474 2513 3530 2567 in

261 2599 329 2658 τὸ
348 2602 522 2674 πέρας
549 2602 648 2672 τῆς
683 2601 966 2672 παρούσης
1005 2601 1154 2673 αὺτῷ
1181 2603 1472 2674 γενόμενος
1505 2603 1654 2674 ζωῆς
1684 2605 1816 2659 ὲλοὼ

1976 2630 2068 2684 pso
2101 2615 2322 2669 demum
2375 2614 2484 2667 [ine
2521 2613 2812 2683 praesentis
2853 2609 3002 2672 vitaz,
3039 2606 3194 2662 venit
3238 2605 3292 2659 in
3332 2618 3531 2675 pecca-

253 2684 348 2758 ἒίς
400 2692 752 2764 συναίσθησιν
819 2693 930 2746 τῶν
975 2693 1484 2764 πλημμεληθέντων
1531 2695 1702 2766 αὐτῷ,
1755 2713 1808 2750 κι

1976 2720 2130 2760 orum
2155 2719 2386 2760 suorum
2408 2704 2836 2774 reputationem,
2866 2698 3284 2772 prudenterque
3311 2695 3531 2766 agnovit

265 2784 552 2856 γνωρίζων
603 2783 742 2854 μετά
800 2783 1069 2848 συνέσεως
1130 2785 1223 2838 τὸν
1271 2785 1360 2838 ἐπ’
1411 2783 1560 2857 αύτῷ
1620 2787 1820 2840 δικαίωη

1972 2797 2181 2850 'erbum
2225 2795 2402 2850 divini
2449 2795 2644 2865 judicii
2694 2795 2750 2847 in
2799 2808 2858 2847 se
2912 2791 3004 2845 hic
3061 2793 3527 2848 consummatum,

263 2877 572 2948 ὡρισμένον
591 2875 828 2931 ἐνταῦθα
857 2877 956 2947 τῆς
978 2875 1129 2940 θείας
1161 2877 1400 2947 κρίσεως
1425 2878 1818 2948 συντελούμενα

1971 2888 2091 2957 ιυοᾱ
2123 2887 2174 2942 ei
2207 2887 2406 2942 merito
2437 2895 2560 2941 erat
2609 2883 2927 2945 deﬁnitum,
2959 2880 3166 2950 quique
3195 2877 3411 2934 sincere
3457 2891 3526 2930 ex

261 2965 416 3038 αὐτῷ
447 2967 626 3036 λόγον,
685 2967 781 3021 καὶ
821 2967 990 3021 αίτῶν
1041 2967 1374 3038 συγγνώμην
1419 2969 1728 3040 εἰλικρινῶς
1775 2973 1816 3024 ἐπ

1971 2981 2138 3034 ntimo
2183 2980 2354 3036 corde
2387 2995 2583 3035 eorum
2613 2993 2735 3048 quas
2764 2975 3068 3045 deliquerit
3097 2973 3318 3028 veniam
3363 2971 3526 3042 petit.

263 3057 466 3128 βάθους
513 3057 692 3128 ψυχῆς
723 3051 798 3111 ὧν
843 3058 1112 3127 ἥμαρτεν.
1190 3057 1486 3130 Ἀγνώμων
1537 3061 1594 3114 δὲ
1637 3061 1818 3133 λῃστή,

1976 3072 2227 3142 mprobus
2264 3079 2460 3126 contra
2516 3071 2660 3124 latro
2724 3074 2811 3122 est
2861 3067 2956 3137 qui
2999 3065 3085 3120 vel
3128 3065 3184 3118 in
3234 3064 3357 3133 ipso
3403 3062 3531 3117 vitm

260 3150 413 3202 ἐστιν
441 3149 470 3201 ὁ
497 3148 619 3202 κατ’
644 3148 777 3202 αὐτὸ
797 3148 858 3201 τὸ
879 3149 1052 3218 πέρας
1081 3150 1181 3218 τῆς
1213 3151 1498 3220 παρούσης
1519 3153 1669 3223 αύτῷ
1691 3155 1815 3224 (reip

1976 3143 2234 3218 irresentis
2275 3162 2383 3217 ﬁne
2423 3159 2522 3216 Dei
2563 3160 2740 3230 legem
2787 3172 2854 3212 ac
2907 3155 3286 3210 deﬁnitionem
3333 3154 3531 3208 animae

261 3238 554 3306 γενόμενος
613 3238 707 3293 καὶ
745 3238 837 3292 τὸν
889 3199 1050 3292 καῖτά⁷
1085 3199 1266 3310 ψέιιρον
1297 3199 1526 3294 Γδικαίαν
1563 3199 1666 3294 τού

1970 3199 2234 3218 “me...”
2275 3199 2383 3217 μην
2424 3199 2522 3216 νυ.
2563 3199 2740 3230 κον...
2787 3199 2854 3212 ..ν
2908 3199 3286 3210 “unum”.--
3333 3199 3525 3208 ---..--._

1970 3268 2248 3322 icorpore
2303 3251 2645 3322 separandae,
2699 3248 2952 3318 quamvis
2999 3248 3148 3318 justo
3188 3243 3402 3316 judicio
3459 3258 3525 3298 ac

259 3331 492 3382 τεθέντα
548 3328 870 3397 σοφῶςοτοῦ
917 3327 1186 3398 μερισμοῦ
1245 3329 1342 3397 τῆς
1387 3329 1562 3399 ψυχῆς
1593 3331 1702 3384 ἀπὸ
1749 3349 1814 3384 τοι

1974 3345 2234 3412 ;apienter
2285 3343 2576 3404 sancitam,
2629 3341 2756 3395 vita:
2813 3353 3002 3393 amore
3067 3345 3331 3408 tanquam
3387 3335 3529 3391 male

262 3423 518 3488 σώματος
547 3419 711 3488 νόμον
754 3437 815 3472 τε
847 3419 941 3472 καὶ
985 3421 1110 3488 ὅρον
1144 3418 1220 3482 ὡς
1269 3419 1346 3490 μὴ
1393 3420 1574 3484 καλῶς
1618 3420 1817 3476 δοθέντι

1762 3439 1843 3476 ιτα
1951 3434 2258 3490 institutam
2302 3433 2604 3502 vituperat.
3310 3441 3317 3450 “

261 3510 358 3564 διὰ
387 3509 681 3578 φιλοζωΐαν
715 3509 1088 3580 μεμφόμενος.

622 3687 802 3741 ’Άλλο
829 3691 918 3755 είς
940 3689 1006 3743 τὸ
1027 3690 1174 3745 αὐτὸ
1204 3692 1490 3762 θεώρημα.
2083 3729 2107 3756 ο

2083 3729 2107 3756 ο
2324 3697 2449 3754 Alia
2494 3701 2550 3752 in
2594 3698 2734 3752 idem
2779 3691 3170 3766 contemplatio.

335 3799 448 3854 Kal.
488 3797 650 3853 πάλιν
686 3800 986 3870 ἐπειδήπερ
1025 3801 1256 3866 ἕκαστος
1287 3804 1442 3874 ἡμῶν
1467 3805 1688 3871 διπλοῦς
1733 3809 1850 3863 ὲστι

2020 3812 2200 3882 Atque
2241 3823 2435 3866 rursus
2473 3827 2598 3866 cum
2642 3819 2894 3866 nostrum
2931 3807 3314 3878 unusquisque
3345 3801 3527 3874 dupli-

264 3893 368 3959 τὴν
390 3891 576 3960 φύσιν,
603 3893 668 3946 ὲκ
693 3891 874 3962 ψυχῆς
908 3892 1003 3946 καὶ
1035 3893 1285 3963 σώματος
1325 3897 1614 3962 συνεστὼς,
1647 3899 1814 3972 λῃστή

1974 3919 2070 3960 :em
2140 3903 2346 3958 habeat
2397 3913 2675 3967 naturam,
2733 3918 2799 3956 ex
2845 3901 3025 3955 anima
3081 3909 3244 3967 atque
3299 3908 3529 3964 corpore

265 3984 460 4038 ἑστινό
483 3983 606 4037 καθ’
634 3984 898 4055 ἑκάτερον
919 3984 1027 4036 τῶν
1056 3984 1116 4051 ἐξ
1145 3979 1222 4039 ὧν
1251 3987 1553 4058 συνέστηκε
1581 3991 1724 4044 κατὰ
1748 3994 1820 4064 τὴ

1972 3993 2280 4058 mnsisteﬂ's,
2304 3994 2444 4047 latro
2463 4002 2550 4048 est
2567 3993 2660 4062 qui
2688 3990 2993 4046 secundum
3022 3999 3312 4056 utramque
3335 3999 3527 4037 eorum

267 4072 498 4144 θατέρου
538 4074 700 4144 φύσιν
737 4075 903 4144 νόμον
951 4073 1092 4146 ὑπὲρ
1131 4077 1334 4148 ἀρετῆς
1363 4078 1442 4148 τῷ
1465 4077 1621 4152 Λόγῳ
1654 4101 1817 4153 μυστι

1974 4099 2013 4138 ιι
2059 4082 2263 4152 quibus
2307 4087 2524 4136 constat
2572 4095 2672 4149 pro
2709 4076 2935 4132 alterius
2964 4084 3161 4128 natura
3206 4073 3382 4140 legem
3428 4083 3529 4136 pro

267 4166 382 4230 κῶς
401 4167 898 4239 συσταυρούμενος,
931 4169 1022 4222 καὶ
1051 4169 1142 4222 τὸν
1169 4170 1271 4238 μὲν
1297 4171 1398 4240 τῆς
1431 4172 1633 4246 σαρκὸς
1659 4175 1822 4244 νόμον

1976 4175 2156 4228 'irtute
2199 4187 2326 4226 cum
2382 4170 2650 4224 Sermone
2704 4167 2935 4238 mystice
2983 4161 3134 4219 cruci
3173 4159 3430 4230 aﬂigitur,
3473 4161 3531 4212 et

267 4256 458 4329 ὥσπερ
493 4256 787 4328 ἀγνώμονα
823 4257 1026 4330 λῃστὴν
1065 4258 1147 4328 τῷ
1173 4258 1318 4330 λόγῳ
1345 4261 1444 4332 τῆς
1471 4264 1672 4334 ἀρετῆς
1693 4266 1822 4318 ἀντι·

1971 4265 2133 4319 :arnis
2165 4263 2388 4337 quidem
2434 4263 2608 4332 legem
2660 4258 2831 4314 veluti
2883 4254 3196 4325 improbum
3255 4251 3526 4304 latronem

269 4349 561 4413 πίπτοντα,
587 4351 677 4404 τὸν
697 4349 754 4402 δὲ
777 4350 871 4403 τοῦ
902 4349 1212 4420 πνεύματος
1239 4351 1400 4422 νόμον
1423 4351 1614 4426 ῶσπερ
1641 4355 1824 4426 λῃστὴε

1970 4355 2169 4410 rirtutis
2211 4353 2451 4409 sermoni
2499 4352 2865 4410 obnitentem.
2923 4347 3152 4417 spiritus
3183 4359 3318 4396 vero
3349 4343 3525 4410 legem.

269 4441 409 4510 ἔχων
435 4440 774 4508 εὐγνώμονα,
799 4439 892 4493 καὶ
911 4439 1002 4494 τὸν
1028 4441 1256 4512 Σωτῆρα
1281 4442 1452 4510 Λόγον
1471 4443 1560 4496 διὰ
1575 4444 1684 4497 τῶν
1705 4445 1824 4498 κατὲ

1972 4445 2117 4500 τοιυιί
2148 4445 2380 4516 probum
2424 4444 2696 4497 latronem
2722 4439 2914 4504 habet,
2940 4437 3149 4506 quique
3181 4434 3527 4498 Salvatorem

267 4527 366 4598 τὴν
393 4529 704 4600 πρακτικὴν
729 4529 969 4599 τρόπων,
1010 4527 1110 4582 κᾶν
1153 4528 1403 4584 ὲπίπονοι
1445 4523 1602 4595 ὦσιν,
1642 4531 1822 4586 άποδε·

1972 4539 2269 4594 Sermonem
2317 4551 2417 4604 per
2469 4534 2724 4603 practice:
2757 4528 3124 4601 philosophia:
3171 4524 3386 4587 modos,
3424 4523 3527 4590 etsi

269 4620 517 4690 χύμενον,
592 4614 638 4686 ᾧ
683 4621 1090 4690 συνεισέρχεται
1145 4621 1394 4690 γεγηθὼς
1457 4623 1536 4684 εἰς
1590 4623 1683 4676 τὸν
1737 4624 1824 4692 τῆς

1970 4641 2145 4698 nagno
2169 4641 2295 4682 cum
2325 4625 2515 4678 labore
2546 4623 2658 4678 sint
2683 4618 2987 4692 conjuncti,
3029 4617 3248 4686 recipit,
3286 4627 3525 4683 quocum

267 4710 502 4782 εὐωχίας
540 4711 705 4766 τόπον
740 4711 834 4764 τὸν
868 4711 1052 4781 πάσης
1086 4713 1390 4782 κατάκορον
1434 4712 1710 4781 γνώσεως,
1745 4713 1822 4767 eoi

1971 4719 2114 4774 simul
2183 4716 2497 4788 ingreditur
2549 4715 2709 4768 lmtus
2767 4712 2821 4766 in
2883 4707 3272 4766 oblectationis
3320 4705 3526 4767 locum,

265 4803 406 4854 κατά
474 4803 655 4872 σάρκα
728 4801 1074 4872 φρονήματος
1133 4801 1415 4866 παντελῶς
1487 4803 1816 4874 άπηλλαγμέ

1972 4807 2099 4860 »ηιΠί
2144 4805 2460 4876 cognitione
2497 4802 2782 4865 refertum,
2815 4798 3024 4856 carnali
3064 4812 3231 4852 sensu
3260 4809 3330 4850 ac
3375 4793 3527 4864 cogi-

265 4908 373 4956 νος.
423 4907 440 4918 '
1779 4954 1798 4960 -

1665 4969 1684 4984 κ
1779 4954 1798 4960 _
1953 4898 2160 4952 tatione
2213 4895 2376 4966 plane
2419 4894 2707 4948 liberatus.
3151 4904 3161 4914 '

1865 5038 1936 5050 ..η-

467 5097 669 5169 (249
685 5099 737 5168 b)
776 5100 965 5154 Ἀλλο
992 5101 1076 5164 εις
1101 5099 1166 5153 τό
1191 5098 1336 5154 αὐτὸ
1357 5098 1644 5168 θεώρημα.

1587 5117 1644 5154 a.
2334 5093 2456 5148 Alia
2485 5095 2541 5147 in
2569 5092 2704 5146 idem
2747 5090 3141 5163 contemplatio.

334 5210 444 5262 Kal.
485 5209 640 5272 αὖθις
689 5210 890 5281 λῃστής
938 5213 1086 5263 ἐστιν
1145 5207 1444 5280 εὐγνώμων
1491 5209 1520 5261 ὁ
1567 5208 1842 5272 καταξιωο

2021 5214 2195 5281 Atque
2219 5223 2412 5263 rursus
2439 5207 2583 5260 latro
2603 5204 2812 5275 probus
2840 5212 2926 5261 est
2956 5205 3002 5260 is
3029 5203 3124 5274 qui
3155 5217 3278 5258 cum
3309 5199 3529 5256 Christo

267 5299 380 5363 θεὶς
415 5301 866 5372 συσταυρωθῆναι
895 5301 1114 5371 Χριστῷ
1143 5300 1232 5354 διὰ
1261 5299 1556 5362 παντελοῦς
1587 5299 1682 5353 καὶ
1721 5299 1822 5352 ὁλο-

1972 5303 2106 5358 imul
2137 5300 2290 5356 cruci
2339 5298 2482 5369 alligi
2510 5296 2715 5352 meruit
2757 5312 2856 5366 per
2901 5297 3116 5367 plenam
3149 5304 3312 5364 atque
3345 5291 3527 5362 perfe-

269 5389 472 5460 κλήρου
511 5390 619 5443 τῶν
657 5390 850 5444 παθῶν
873 5390 1217 5461 νεκρώσεως,
1237 5391 1331 5444 καὶ
1354 5391 1540 5456 δεξιῶς
1573 5391 1724 5460 αὐτῷ
1749 5409 1824 5444 συ·

1975 5403 2082 5449 tam
2114 5391 2430 5463 passionum
2476 5388 2979 5450 mortiﬁcationem.
3025 5387 3232 5456 quique
3281 5385 3349 5440 ad
3392 5385 3525 5439 dex-

271 5479 692 5550 σταυρούμενος,
741 5481 988 5545 τουτέστι
1051 5482 1187 5550 μετὰ
1233 5481 1392 5550 λόγου
1443 5483 1536 5536 καὶ
1583 5481 1826 5548 γνώσεως

1966 5501 2078 5540 ram
2107 5487 2227 5554 ejus
2259 5491 2345 5538 est
2374 5483 2522 5538 cruci
2556 5481 2748 5536 allixus
2779 5490 2840 5546 ιη,
2871 5481 2978 5534 hoc
3019 5487 3104 5532 est
3133 5477 3224 5546 qui
3263 5491 3388 5530 eum
3434 5488 3521 5528 ra-

269 5570 449 5623 πᾶσαν
479 5569 690 5634 διεξιὼν
720 5571 943 5643 ἀρετὴν,
989 5573 1080 5625 καὶ
1120 5571 1468 5642 ἀπρόσκοπον
1526 5574 1688 5626 πᾶσιν
1746 5574 1824 5626 ἀνι

1963 5577 2084 5631 ione
2117 5582 2168 5630 et
2207 5574 2520 5644 cognitione
2573 5586 2791 5625 omnem
2840 5567 3188 5640 persequitur
3236 5567 3517 5629 virtutem,

332 5734 366 5756 "‘
401 5721 537 5780 ibid.
574 5725 661 5778 38.
