3938 6148
460 274 604 341 i375

1630 282 1690 341 S.
1732 282 2019 342 ΜΛΧΙΜΙ
2059 281 2568 343 CONFESSORIS

3620 279 3720 348 1378

457 386 785 455 cunctisque
809 386 1129 442 hominibus
1155 386 1481 443 inoﬂ‘ensam
1509 398 1693 444 servat
1713 390 1903 455 vitam,
1927 392 2045 461 qui-

2154 392 2391 464 θρώποις
2426 392 2518 445 τὸν
2548 390 2660 461 βίον
2683 390 2974 462 διατηρῶν,
3030 392 3124 445 καὶ
3174 392 3479 464 μηδεμίαν
3524 391 3651 462 ἔχων
3679 412 3724 448 το

452 492 565 545 que
595 478 801 531 nullam
833 493 1059 546 prorsus
1085 495 1208 549 qua:
1238 481 1622 535 austeritate'a
1657 483 1928 537 sermonis
1959 483 2041 536 le-

458 569 629 621 nitate
673 567 946 637 discrepet
980 569 1146 624 habet
1174 571 1494 626 motionem.
1527 572 2042 640 ImprobuS'contra

456 659 598 711 latro
627 666 710 711 est
753 659 846 726 qui
893 659 1079 729 gloria:
1125 662 1491 727 lautiorumve
1539 662 2041 717 cmolumentorum

454 749 630 815 gratia
685 749 951 818 speciosis
996 752 1175 806 modis
1223 752 1453 806 subdole
1494 753 1719 807 simulat
1752 755 1920 808 vitam
1956 770 2043 808 se-

454 839 696 893 cundum
734 841 996 895 virtutem
1036 843 1366 906 institutam,
1400 845 1673 915 unicoque
1708 861 1771 900 ac
1805 847 1903 900 soli
1942 862 2043 915 pro

456 930 607 985 omni
649 932 854 986 virtute
899 922 957 987 et
1008 936 1319 1005 cognitione
1360 936 1413 989 in
1449 938 1868 992 conversatione
1917 953 2043 991 cum

457 1023 654 1077 alienis
699 1025 941 1077 sermoni
972 1024 1244 1080 adulatori
1280 1027 1373 1083 dat
1406 1043 1651 1097 Operam,
1691 1044 1821 1097 erga
1848 1044 2042 1083 neces-

455 1113 632 1167 sarios
655 1124 845 1168 contra
873 1131 1101 1184 pravum
1137 1132 1195 1171 se
1225 1119 1366 1187 gerit
1394 1120 1671 1173 voluntate
1705 1135 1768 1172 ac
1795 1120 2045 1174 moribus

455 1215 511 1257 et
556 1203 881 1260 illiberalem
915 1223 1162 1277 prorsus,
1201 1209 1288 1263 cui
1323 1212 1627 1279 praesertim
1676 1211 1777 1264 via:
1822 1211 1916 1264 Dei
1948 1227 2043 1264 ca—

454 1292 771 1357 lumniatori
801 1294 1104 1363 prudenter
1141 1305 1220 1350 est
1258 1313 1322 1350 os
1365 1296 1755 1351 obturandum.
1789 1295 2043 1349 Fortasse

454 1386 602 1439 enim
640 1385 857 1441 desinet
903 1387 1050 1456 quod
1102 1388 1157 1441 in
1209 1403 1308 1441 sua
1358 1396 1667 1441 revertatur
1713 1385 2042 1441 calumniari

456 1475 777 1530 Sermonem
826 1476 895 1530 ab
931 1478 1257 1547 increpante
1302 1477 1636 1542 admonitus,
1684 1478 2043 1548 quemadmo-

456 1568 585 1621 dum
613 1568 665 1621 in
695 1584 859 1623 cruce
887 1570 1117 1639 contigit
1146 1569 1225 1623 illi
1262 1571 1355 1639 qui
1386 1570 1503 1624 sine
1530 1566 1861 1624 verecundia
1895 1569 2042 1623 blas-

458 1660 733 1729 pltemiam
794 1662 1103 1730 protulerat
1134 1663 1274 1716 latro
1307 1673 1353 1715 η.
1385 1661 1539 1728 Quod
1570 1663 1716 1716 enim
1749 1677 1859 1716 non
1886 1662 2044 1716 oblo—

2152 485 2415 556 παράπαν
2445 484 2545 553 τῆς
2583 483 2677 536 τοῦ
2730 484 2890 552 λόγου
2941 485 3261 555 πραότητος
3319 486 3630 554 ἀπᾴδουσαν
3672 487 3720 541 δι’

2151 577 2535 646 αύστηρότητα
2563 574 2795 645 κίνησιν.
2835 574 3130 644 Ἀγνώμων
3156 576 3225 629 δὲ
3273 575 3492 646 λῃστής
3548 578 3675 628 ἐστιν
3703 582 3723 630 ὁ

2153 671 2312 739 δόξης
2341 670 2525 722 ἕνεκεν
2553 669 2585 739 ἢ
2612 669 2920 737 λημμάτων
2958 668 3283 738 ἁδροτέρων
3330 671 3451 731 τοῖς
3496 672 3720 739 φαινομέ-

2153 778 2264 822 νοις
2297 760 2518 830 τρόποις
2553 758 2802 820 ὑπούλως
2831 760 2923 810 τὸν
2953 760 3072 811 κατ’
3102 759 3329 829 ἀρετὴν
3364 759 3483 827 βίον
3531 761 3719 829 ὑποκρι-

2152 853 2397 919 νόμενος,
2434 850 2527 902 καὶ
2559 850 2655 902 ἕνα
2701 848 2796 901 καὶ
2845 848 3004 917 μόνον
3036 848 3175 917 πρὸς
3217 849 3361 911 τοὺς
3404 847 3509 911 ἔξω
3540 848 3621 901 τὸν
3651 850 3718 902 1ιό-

2151 944 2291 997 λακα
2330 943 2485 1010 λόγον
2514 941 2635 993 ἀντὶ
2658 941 2839 1007 πάσης
2866 940 3066 1009 ἀρετῆς
3094 956 3152 991 τε
3191 940 3298 991 καὶ
3332 938 3592 1006 γνώσεως
3617 957 3716 1007 μετα

2152 1034 2465 1104 ερχόμενος,
2495 1032 2632 1101 πρὸς
2661 1031 2718 1083 δὲ
2755 1032 2881 1094 τοὺς
2934 1031 3191 1099 συνήθεις
3245 1031 3480 1094 σκολιός
3525 1049 3603 1095 τις
3642 1032 3715 1103 τήν

2152 1126 2377 1194 γνώμην
2416 1123 2763 1176 παντάπασιν
2794 1122 2868 1175 ὢν
2896 1122 2989 1174 καὶ
3015 1122 3395 1191 δυσάντητος,
3422 1123 3481 1175 ὃν
3508 1124 3583 1174 δεῖ
3607 1124 3715 1191 μάλα

2151 1234 2214 1285 γε
2245 1217 2345 1285 τὴν
2381 1216 2499 1268 ὁδὸν
2534 1213 2629 1266 τοῦ
2660 1212 2793 1265 Θεοῦ
2831 1211 3275 1283 βλασφημοῦντα
3307 1213 3455 1283 μετά
3486 1214 3713 1277 συνέσεως

2151 1306 2542 1376 ἐπιστομίζειν.
2608 1305 2769 1366 Ἴσως
2823 1304 2932 1373 γὰρ
2975 1305 3263 1357 παύσεται
3308 1304 3411 1356 τοῦ
3451 1303 3711 1357 διαϐάλλειν

2151 1402 2239 1453 διὰ
2268 1401 2364 1469 τῆς
2390 1399 2596 1461 οἰκείας
2617 1399 2964 1468 ἀναστροφῆς
2995 1399 3085 1450 τὸν
3120 1398 3298 1465 λόγον
3333 1401 3402 1468 τῇ
3434 1397 3708 1469 παραινέσει

2152 1490 2243 1545 τοῦ
2275 1491 2732 1559 ἐπιπλήσσοντος,
2760 1489 2948 1558 ὥσπερ
2973 1490 3066 1541 ἐπὶ
3098 1490 3199 1542 τοῦ
3255 1488 3504 1559 σταυροῦ
3548 1488 3709 1539 πέπον-

2152 1584 2297 1636 θενὸ
2330 1582 2431 1652 τὴν
2472 1580 2823 1651 βλασφημίαν
2873 1580 3042 1643 ἀδεῶς
3089 1581 3491 1650 προσενέγκας
3528 1580 3706 1652 λῃστής.

2152 1672 2227 1725 Τὸ
2256 1672 2363 1741 γὰρ
2397 1672 2471 1741 μὴ
2507 1672 2971 1739 ἀντιφθέγξασθαι
3000 1671 3077 1741 τῷ
3110 1672 3497 1741 ἐπιπλήξαντι
3529 1674 3710 1740 σημεῖον
3746 1674 3747 1677 “

457 1762 619 1807 cutus
646 1763 729 1807 est
757 1754 1085 1823 increpanti,
1112 1754 1165 1808 id
1192 1770 1502 1809 sermonem
1527 1755 1619 1824 qui
1655 1755 1901 1824 prolatus
1928 1763 2045 1809 erat

2152 1763 2263 1832 ἔχει
2300 1763 2395 1832 τῆς
2420 1762 2513 1815 τοῦ
2550 1763 2808 1834 ῥηθέντος
2832 1764 3099 1833 ἀποδοχῆς
3139 1763 3320 1829 λόγου
3358 1763 3459 1832 τὴν
3516 1762 3704 1829 σιωπήν.

459 1847 622 1901 tacite
666 1846 958 1916 probatum
990 1846 1281 1917 signiﬁcat.
1312 1846 1651 1918 Quacunque
1699 1848 1887 1918 utique
1914 1864 2046 1901 con-

457 1937 831 2007 templationis
878 1939 1091 1993 ratione
1129 1955 1256 1993 cum
1286 1938 1508 1994 Christo
1542 1940 1705 1994 simul
1738 1941 1889 1995 cruci
1926 1938 2042 1992 atii-

457 2030 661 2101 gimur,
696 2030 825 2084 dum
871 2029 945 2084 ibi
981 2046 1190 2096 sumus,
1228 2031 1550 2086 Sermonem
1584 2048 1689 2085 una
1724 2046 1849 2085 cum
1884 2030 2044 2084 nobis

458 2116 610 2172 cruci
652 2116 870 2172 aﬂixum
904 2119 1121 2187 placare
1161 2120 1502 2184 studeamus,
1532 2136 1596 2175 ac
1632 2136 1880 2174 veracem
1909 2136 2044 2174 con-

458 2207 691 2263 scientia
714 2223 744 2263 a
767 2209 1194 2279 cogitationibus
1221 2226 1343 2265 eam
1373 2211 1789 2278 increpantibus
1819 2219 2045 2280 purgata

460 2300 711 2369 accipere
731 2302 938 2371 quietis
957 2303 1460 2366 annuntialionem,
1480 2303 1756 2372 siquidem
1775 2302 2043 2356 hodierna

460 2392 580 2447 dies
595 2403 920 2462 praesentem
946 2395 1111 2465 hujus
1132 2395 1232 2449 aevi
1259 2395 1405 2450 diem
1425 2395 1649 2450 denotat
1667 2398 1836 2466 (nam,
1856 2396 2040 2458 Hodie,

462 2482 663 2554 inquit,
685 2501 885 2538 mecum
909 2486 1011 2539 eris
1032 2487 1087 2539 in
1109 2486 1362 2555 paradiso
1381 2486 1454 2555 ¹³),
1479 2488 1720 2542 crastina
1743 2502 1878 2541 vero
1902 2485 2048 2539 futu-

463 2590 601 2636 ram.
627 2591 734 2645 qua
765 2591 874 2630 non
902 2585 1256 2646 peccatorum
1284 2577 1539 2632 remissio
1570 2577 1939 2647 exspectanda
1966 2585 2051 2631 est

464 2667 597 2727 ulla.
647 2667 741 2721 sed
790 2668 905 2721 sola
949 2668 1073 2723 vitae
1123 2682 1188 2722 ex
1242 2669 1442 2724 merito
1490 2670 1830 2724 conveniens
1886 2670 2047 2723 retri-

463 2757 643 2812 butio.

2153 1853 2289 1908 Καθ’
2321 1856 2513 1924 ἥντινα
2549 1853 2679 1921 γοῦν
2715 1853 2824 1905 τῶν
2868 1855 3181 1923 εἰρημένων
3229 1854 3475 1923 θεωρίαν
3504 1854 3573 1922 τῷ
3601 1853 3705 1921 Χρι.

2154 1944 2265 2013 στῴ
2300 1944 2758 2014 συσταυρούμεθα
2827 1945 3254 2013 σπουδάσωμεν,
3321 1945 3401 2008 ὣς
3451 1945 3603 2009 ἐσμεν
3640 1942 3704 1991 ἐν·

2150 2035 2346 2097 ταῦθα,
2390 2036 2482 2087 τὸν
2522 2034 2999 2107 συσταυρούμενον
3039 2038 3179 2103 ἡμῖν
3207 2027 3701 2100 ίλεὼσασθαιΛόγον,

2151 2129 2246 2181 καὶ
2290 2127 2390 2199 τὴν
2441 2128 2647 2197 ἀψευδῆ
2696 2126 2945 2192 δέξασθαι
2984 2127 3128 2180 κατά
3172 2126 3498 2196 συνείδησιν
3543 2123 3703 2188 καθαρ-

2148 2218 2338 2271 θεῖσαν
2366 2217 2475 2271 τῶν
2506 2218 2858 2285 πλησσόντων
2895 2216 3061 2286 αὐτὴν
3108 2218 3418 2287 νοημάτων
3471 2215 3563 2282 τῆς
3598 2214 3698 2264 ἀνα-

2151 2306 2405 2368 παύσεως
2439 2305 2796 2373 ἐπαγγελίαν,
2814 2305 3018 2375 εἶπερὴ
3037 2306 3293 2375 σήμερον
3317 2304 3418 2373 τὴν
3446 2300 3700 2369 ἐνεστῶσμν

2151 2396 2660 2466 τούτουτοῆαίῶνος
2686 2396 2900 2468 ἡμέραν
2926 2395 3275 2453 ἐνδείκνυται
3300 2391 3696 2467 (σήμερονγὰρ,

2153 2490 2337 2561 φησὶν,
2368 2490 2483 2556 ἔσῃ
2512 2489 2638 2557 μετ’
2663 2486 2808 2554 ἐμοῦ
2840 2488 2911 2540 ἐν
2940 2485 3019 2552 τῷ
3049 2487 3458 2555 παραδείσῳ),
3497 2487 3529 2554 ἡ
3554 2485 3603 2536 δὲ
3630 2483 3698 2534 αὓ-

2150 2599 2266 2651 ριον
2297 2581 2394 2651 τὴν
2425 2579 2521 2632 τοῦ
2556 2577 2862 2649 μέλλοντος,
2892 2579 3014 2631 καθ’
3044 2582 3111 2649 ἢν
3130 2579 3408 2648 οὐδεμίαν
3435 2577 3525 2645 μὲν
3546 2575 3721 2639 ἄφεσιν·

2149 2672 2563 2741 ἁμαρτημάτων
2598 2668 2913 2739 ἐκδέχεσθαι
2935 2670 3063 2740 χρὴ,
3105 2669 3292 2738 μόνην
3326 2668 3385 2720 δὲ
3414 2665 3508 2733 τῆς
3526 2662 3696 2728 ἑκάστῳ

2147 2764 2464 2833 πρεπούσης
2539 2761 2661 2815 κατ’
2719 2761 2874 2825 ἀξίαν
2930 2760 3175 2831 ἀμοιϐῆς
3230 2759 3345 2814 τῶν
3402 2754 3691 2825 ϐεϐιωμένων

2144 2855 2434 2907 ἀντίδοσιν.

461 3037 547 3093 Ea:
586 3035 765 3090 eodem
799 3053 1059 3105 sermone,
1093 3041 1147 3093 in
1192 3038 1327 3093 illud
1354 3057 1372 3094 :
1410 3058 1427 3090 ι
1460 3038 1517 3094 Si
1541 3038 1795 3107 Iosephus
1829 3039 2044 3093 Arima-

2151 3032 2349 3102 (250
2376 3030 2437 3099 α)
2480 3031 2577 3083 Ἐκ
2632 3029 2737 3083 τοῦ
2784 3027 2972 3083 αὑτοῦ
3021 3028 3241 3096 λόγου,
3271 3030 3359 3092 είς
3412 3027 3507 3079 τό·
3565 3019 3687 3074 σιῶν

529 3130 696 3185 ιΙιωιιδ
721 3130 814 3195 sis,
847 3130 912 3184 ab
947 3146 1006 3185 eo
1030 3132 1121 3202 qui
1145 3133 1288 3185 cruci
1316 3133 1481 3202 aﬁixit
1507 3147 1695 3203 corpus
1724 3139 1839 3201 pete
1866 3142 1912 3184 ρ.
1946 3150 1965 3181 ι

527 3332 742 3404 Corpus
770 3331 977 3389 Christi
1006 3340 1090 3388 est
1116 3335 1322 3399 anima,
1351 3334 1436 3389 vel
1476 3333 1767 3388 facultates
1788 3333 1928 3403 ejus,
1956 3332 2044 3387 vel

459 3440 676 3484 sensus.
704 3424 791 3478 vel
822 3424 1164 3493 singulorum
1201 3440 1425 3494 corpus,
1452 3424 1539 3477 vel
1578 3423 1830 3492 corporis
1869 3438 2045 3476 mem-

458 3514 581 3578 bra,
616 3513 705 3568 vel
740 3514 1018 3576 mandata,
1054 3514 1140 3569 vel
1177 3515 1431 3576 virtutes,
1455 3514 1542 3567 vel
1574 3515 1816 3567 rationes
1849 3528 2043 3568 eorum

459 3618 582 3672 qua:
616 3603 757 3657 facta
794 3612 943 3666 sunt,
992 3603 1098 3667 vel,
1150 3612 1212 3657 ut
1254 3604 1440 3658 verius
1477 3603 1799 3674 simpliciter
1839 3604 2040 3669 dicam,

459 3693 717 3763 privatim
752 3703 806 3746 et
838 3694 892 3747 in
918 3708 1233 3758 commune,
1262 3694 1376 3750 haec
1406 3696 1590 3748 omnia
1623 3704 1678 3749 et
1702 3696 1900 3749 horum
1934 3697 2047 3749 sin-

461 3786 586 3855 gula
615 3800 850 3855 quaeque
894 3794 1021 3840 sunt
1067 3801 1268 3856 corpus
1297 3787 1523 3843 Christi.
1553 3787 1708 3855 Quod
1742 3790 1895 3843 cruci
1926 3788 2044 3842 alli-

461 3878 561 3947 git,
600 3892 799 3946 nempe
832 3877 948 3932 htec
989 3877 1196 3937 omnia.
1238 3878 1513 3944 diabolus,
1546 3877 1601 3932 in
1645 3894 1712 3932 eo
1741 3878 1836 3947 qui
1882 3878 2043 3933 talem

462 3968 660 4022 horum
706 3968 1120 4025 cruciﬁxionem
1158 3970 1420 4034 admittit,
1458 3969 1761 4025 secundum
1791 3978 2042 4023 naturam

462 4072 526 4111 ea
560 4060 781 4128 operari
817 4061 1139 4130 prohibens.
1191 4062 1464 4132 Josephus
1509 4069 1692 4115 autem
1740 4060 2045 4129 explicatur

463 4149 772 4203 secundum
812 4151 1132 4206 llebraicam
1177 4152 1419 4222 linguam
1463 4150 2045 4205 Additio:Arimathia

463 4252 618 4301 vero,
653 4238 796 4292 Tolle
840 4239 994 4294 illud.
1023 4239 1161 4306 Quid
1196 4242 1399 4313 igitur?
1435 4242 1609 4297 [lomo
1657 4240 1781 4295 ﬁdei
1829 4240 2045 4294 addita-

465 4336 649 4382 menta
683 4329 892 4385 habens
926 4341 982 4386 et
1022 4332 1369 4402 cognitionis,
1401 4342 1457 4386 et
1492 4331 1711 4386 virtutis
1738 4331 1917 4384 modis
1944 4345 2043 4383 au-

2230 3120 2452 3190 Ἰωσὴφ
2480 3115 2555 3191 ᾖς
2641 3120 2757 3174 ἀπὸ
2787 3120 3184 3189 Ἁριμαθαίας,
3203 3120 3450 3187 almam
3469 3116 3528 3171 τὸ
3554 3111 3683 3182 σῶμα

2215 3214 2377 3282 παρὰ
2425 3211 2534 3266 τοῦ
2569 3210 2982 3279 σταιφοῦντος
3010 3212 3150 3281 (50).
3182 3231 3203 3263 ι

2214 3329 2287 3382 Τὸ
2322 3327 2481 3398 σῶμα
2518 3327 2611 3381 τοῦ
2638 3326 2876 3398 Χριστοῦ
2915 3328 3066 3380 ἐστιν
3096 3328 3132 3397 ἡ
3164 3327 3343 3396 ψυχὴ,
3376 3326 3409 3395 ἢ
3440 3326 3492 3377 αί
3525 3320 3679 3387 ταύτης

2143 3419 2425 3490 δυνάμεις,
2460 3419 2495 3489 ἢ
2544 3420 2599 3472 at
2642 3417 2942 3487 αἰσθήσεις,
2977 3419 3011 3489 ἢ
3050 3418 3112 3471 τὸ
3142 3418 3312 3488 σῶμα
3336 3416 3427 3470 τοῦ
3449 3413 3557 3469 καθ’
3579 3412 3679 3464 ἕκα-

2146 3527 2291 3575 στον,
2330 3509 2362 3578 ἢ
2401 3509 2469 3562 τὰ
2522 3508 2654 3579 μέλη
2707 3508 2802 3561 τοῦ
2844 3506 3120 3577 σώματος,
3171 3509 3207 3579 ἢ
3259 3510 3314 3561 αἱ
3360 3504 3569 3564 ἐντολαὶ,
3595 3497 3679 3569 ila!

2144 3601 2360 3671 ἀρεταὶ,
2407 3600 2439 3670 ἢ
2483 3600 2534 3652 oi
2556 3599 2726 3667 ’λόγοι
2756 3598 2865 3652 τῶν
2902 3600 3237 3667 γεγονότων,
3274 3600 3308 3669 ἢ
3341 3596 3516 3658 ἁπλῶς
3544 3590 3678 3644 εἰπεῖν

2145 3690 2525 3762 ἀληθέστερον,
2548 3690 2654 3762 ίδίᾳ
2668 3707 2726 3743 τε
2743 3690 2837 3742 καὶ
2853 3693 3030 3759 κοινῇ,
3048 3691 3227 3744 ταῦτα
3244 3690 3416 3745 πάντα
3432 3681 3678 3739 καὶτούτων

2143 3782 2377 3836 ἕκαστον
2405 3784 2519 3835 ἔστι
2547 3782 2606 3834 τὸ
2636 3782 2795 3851 σῶμα
2819 3780 2914 3834 τοῦ
2942 3783 3209 3851 Χριστοῦ.
3237 3782 3461 3852 Σταυροί
3478 3772 3675 3832 δέτοῦτοι

2145 3875 2313 3944 ἤγουν
2339 3871 2509 3926 ταῦτα
2549 3872 2727 3926 πάντα
2762 3873 2791 3925 ὁ
2814 3871 3084 3935 διάϐολος,
3112 3876 3172 3925 ἐν
3199 3872 3278 3944 τῷ
3308 3863 3675 3942 παραδεξαμένφ

2144 3967 2350 4019 τούτων
2395 3965 2493 4036 τὴν
2549 3964 2879 4034 σταύρωσιν,
2911 3965 3014 4017 οὐκ
3057 3965 3167 4018 ἐῶν
3214 3959 3527 4029 αὑτὰ,κατᾶ
3551 3954 3674 4025 φύσιν

2150 4056 2512 4128 ἐνεργεῖσθαι.
2558 4054 2757 4126 Ἰωσὴφ
2792 4054 2847 4108 δέ
2878 4056 3253 4126 ἑρμηνεύεται
3283 4050 3419 4107 κατά
3458 4044 3671 4117 Ἐϐραίων

2151 4150 2352 4219 φωνὴν,
2400 4148 2732 4215 Πρόσθεσις
2761 4162 2774 4174 ·
2817 4144 3118 4215 ’Λριμαθία
3165 4146 3246 4209 δὲ,
3287 4141 3454 4211 Ἆρον
3500 4133 3670 4191 ἐκεῖνο.

2151 4240 2274 4303 Πῶς
2300 4236 2431 4303 οὖν;
2464 4236 2787 4306 Ἀνθρωπος
2827 4234 3152 4305 προσθήκας
3194 4237 3428 4294 πίστεως
3456 4228 3574 4297 ἔχων
3602 4222 3669 4273 καὶ

2149 4334 2260 4395 τοῖς
2307 4330 2428 4382 κατ’
2460 4329 2660 4398 ἀρετὴν
2705 4325 3072 4395 ηὐξημένοςδθ
3107 4327 3351 4398 τρόποις,
3396 4320 3483 4373 καὶ
3533 4315 3669 4368 πᾶσαν

469 4432 609 4484 ctus,
641 4435 971 4491 omnemque
1006 4423 1368 4477 materialium
1408 4422 1655 4477 fraudem
1689 4421 1743 4475 in
1774 4436 1831 4475 se
1859 4418 2045 4489 proﬂi-

2152 4421 2369 4491 ἀπάτην
2393 4419 2501 4472 τῶν
2530 4416 2729 4470 ὐλικῶν
2758 4416 2949 4469 ἑαυτοῦ
2991 4418 3401 4488 περιελόμενος,
3424 4405 3557 4468 οὗτος
3584 4404 3667 4455 Ἶω·

468 4523 619 4577 gans.
652 4509 924 4579 Josephus
967 4511 1056 4564 hic
1082 4519 1166 4565 est
1203 4511 1527 4583 spiritualis,
1555 4513 1649 4579 qui
1684 4508 1889 4564 Christi
1919 4525 2044 4563 cor-

467 4615 571 4667 pus
596 4600 945 4670 desumptum
972 4602 1121 4657 laute
1144 4603 1449 4674 pollingerc
1474 4610 1657 4671 potest
1685 4601 1851 4671 inque
1879 4600 2046 4655 corde

467 4693 706 4747 condere
755 4709 821 4747 ex
871 4694 998 4747 ﬁdei
1051 4703 1306 4764 tanquam
1358 4694 1540 4764 lapide
1592 4700 1824 4757 structo,
1872 4693 2047 4762 ipsius

469 4788 668 4853 corpus
687 4784 755 4837 ad
781 4784 954 4839 instar
982 4786 1185 4840 Christi
1206 4802 1409 4856 corpus
1437 4802 1535 4856 per
1563 4786 1815 4856 gratiam.
1842 4793 1895 4838 et
1923 4801 2043 4838 cor-

472 4873 623 4941 poris
643 4876 888 4931 membra
912 4878 1137 4953 iustitiae
1159 4894 1309 4933 arma
1342 4880 1452 4933 Deo
1481 4880 1535 4932 in
1561 4876 2051 4932 sanctiﬁcationem

471 4964 735 5029 clliciens,
770 4982 966 5022 sensus
997 4986 1127 5023 vero
1175 4972 1422 5041 corporis
1453 4970 1757 5025 secundum
1810 4969 2054 5023 innatam

476 5054 744 5108 rationem
776 5057 841 5109 ad
874 5059 1179 5113 naturalem
1216 5061 1271 5115 in
1308 5061 1503 5131 spiritu
1538 5060 2054 5129 contemplationem

477 5142 672 5197 animae
715 5145 1022 5201 ministerio
1051 5149 1273 5215 sistens,
1316 5152 1526 5220 ipsique
1556 5151 1752 5205 animae
1790 5150 1856 5204 ad
1887 5150 2062 5203 virtu-

482 5240 563 5285 tes
604 5234 971 5302 perficiendas
1031 5255 1219 5309 parem
1271 5252 1435 5312 atque
1497 5243 1855 5297 facultatibus
1904 5244 2061 5297 attri-

556 5377 583 5420 Ρ
615 5366 748 5421 Luc.
779 5387 927 5436 xxnt,
960 5375 1046 5428 39.

1127 5388 1149 5413 ο
1184 5381 1314 5435 ibid.
1348 5382 1433 5433 45.
1516 5392 1541 5429 l'
1574 5381 1707 5434 ibid.
1743 5382 1828 5435 5'2.

2153 4516 2263 4582 σήφ
2308 4515 2424 4565 ἐστι
2477 4510 2867 4578 πνευματικὸς,
2915 4509 3218 4579 δυνάμενος
3244 4508 3304 4561 τὸ
3355 4505 3501 4570 σῶμα
3527 4493 3665 4550 λαϐεῖν

2148 4604 2244 4657 τοῦ
2287 4600 2521 4673 Χριστοῦ
2561 4601 2653 4653 καὶ
2693 4600 2874 4663 καλῶς
2913 4602 3242 4669 ἐνταφιάσαι
3273 4598 3363 4652 καὶ
3396 4592 3591 4648 ἐνθεῖναι
3616 4582 3662 4673 τῇ

2150 4698 2214 4748 ἐκ
2265 4670 2499 4757 πίστεως
2541 4692 2958 4763 λελατομημὲνῃ
2987 4693 3213 4763 καρδίᾳ,
3253 4691 3313 4743 τό
3352 4704 3407 4740 τε
3453 4681 3587 4748 σῶμα
3620 4670 3661 4763 Ti

2151 4788 2346 4843 ἐαυτοῦ
2408 4788 2481 4850 ὡς
2544 4785 2778 4856 Χριστοῦ
2830 4761 2986 4853 σῶμα
3042 4761 3135 4838 διὰ
3171 4761 3287 4854 τὴν
3316 4781 3482 4852 χάριν,
3512 4761 3662 4824 καὶτά

2153 4879 2406 4948 σώματος
2440 4876 2573 4947 μέλη
2619 4876 2759 4929 ὅπλα
2802 4875 3154 4945 δικαιοσύνης
3202 4875 3278 4945 τῷ
3307 4869 3419 4939 Θεῷ
3448 4868 3517 4925 εἰς
3540 4861 3659 4923 ἁγια-

2154 4971 2289 5041 σμὸν
2334 4968 2671 5038 ποιούμενος,
2726 4968 2825 5029 τὰς
2878 4966 2934 5018 δὲ
2989 4967 3275 5035 αἰσθήσεις
3330 4960 3416 5015 τοῦ
3464 4953 3659 5041 σώματος

2156 5037 2463 5132 ὑπουργοὺς
2499 5037 2645 5112 εἶναι
2694 5061 2758 5127 τῇ
2807 5057 2951 5126 ψυχῇ
2986 5057 3133 5110 κατά
3180 5057 3269 5111 τὸν
3298 5054 3511 5123 ἔμφυτον
3540 5037 3655 5135 Ml?"

2158 5153 2295 5223 πρὸς
2325 5153 2424 5221 τὴν
2448 5153 2504 5204 ἐν
2532 5150 2802 5219 πνεύματι
2832 5150 3068 5216 φυσικὴν
3111 5147 3345 5218 θεωρίαν
3375 5137 3657 5223 παρασγευαξ

2160 5218 2288 5308 ζων,
2318 5218 2486 5311 αὐτὴν
2523 5242 2579 5294 δὲ
2616 5218 2716 5309 τήν
2752 5236 2929 5307 ψυχὴν
2978 5239 3254 5308 ίσονομείν
3305 5234 3412 5292 ταῖς
3446 5218 3652 5285 δυνάμεσι

1760 5470 1991 5525 ΥᾹΙὲιλῐσί
2032 5469 2429 5526 LECTIONES.

555 5525 602 5559 “
633 5528 1017 5599 Alingraphum
1047 5536 1207 5593 habet
1240 5536 1551 5609 εύξημένος.

557 5653 670 5724 (50)
701 5654 843 5708 lilClll
876 5659 995 5712 ibid.
1039 5679 1154 5732 cap.
1183 5669 1270 5733 '25,
1301 5688 1351 5739 p.
1386 5671 1507 5733 θοι,
1534 5682 1663 5723 tum.
1699 5671 1713 5721 l
1745 5669 1879 5738 Opp.
1910 5673 1995 5724 c-l.
2033 5674 2235 5727 Bcucd.

3825 4104 3827 4225 ί

3825 4270 3827 4429 1
