3938 6148
273 253 412 320 13:7
1519 251 2047 336 AMBIGUORUM
2088 250 2341 310 LIBER.
3399 253 3536 322 I373

273 371 446 426 ποιῶν
485 371 623 442 πρὸς
669 369 767 442 τὴν
810 370 916 424 τῶν
956 369 1168 441 ἀρετῶν
1211 366 1587 437 ἐκπλήρωσιν,
1633 365 1730 419 καὶ
1773 365 1828 417 ετ

1983 377 2134 416 tuens
2159 360 2554 425 conditionem,
2588 375 2652 416 ac
2693 368 2952 430 praeterea
2989 363 3230 417 animam
3261 373 3425 436 atque
3457 366 3538 422 fa-

235 515 242 529 ,
271 466 372 533 τὴν
401 466 580 533 ψυχήν
608 479 670 516 τε
691 463 786 516 καὶ
811 463 911 525 τὰς
949 461 1121 530 αὐτῆς
1141 461 1403 529 δυνάμεις
1431 457 1710 520 δουλώσας
1733 473 1790 510 το

1984 452 2197 506 :ultates
2243 451 2363 521 ejus
2410 451 2505 504 Dei
2553 451 2824 506 mandatis
2871 452 3187 523 subjiciens,
3243 455 3360 524 ipsa
3408 470 3539 512 vero

271 555 515 618 ἐντολαῖς
563 554 657 608 τοῦ
691 554 847 620 Θεοῦ,
885 551 1057 617 αὐτὰς
1088 553 1148 605 δὲ
1195 551 1292 614 τὰς
1347 551 1566 613 ἐντολὰς
1618 549 1826 619 φυσικάη

1986 547 2214 601 nandata
2243 547 2524 600 naturales
2555 546 2753 600 animae
2785 547 3019 601 virtutes
3046 547 3306 616 probans,
3333 563 3399 603 ac
3438 563 3541 618 per

271 645 372 714 τῆς
429 643 610 714 ψυχῆς
649 645 978 706 ἀποδεικνὺς
1008 625 1309 713 ἐνεργείας,
1337 641 1431 694 καὶ
1462 639 1550 694 διὰ
1590 641 1688 709 τῆς
1731 655 1826 692 κατ

1986 639 2360 694 mmutabilem
2388 637 2696 693 secundum
2724 637 2986 693 virtutem
3019 647 3077 693 et
3102 639 3356 695 stabilem
3381 638 3541 694 habi-

272 733 472 806 ἀρετὴν
498 735 830 806 ἀμεταθέτου
857 735 952 788 καὶ
981 734 1183 800 παγίας
1211 732 1377 798 ἕξεως
1413 731 1492 794 εἰς
1518 729 1827 801 κατανόησιτ

1986 736 2076 786 u‘m
2120 730 2188 786 ad
2236 727 2624 800 percipiendas
2676 743 2870 783 rursus
2909 738 2967 784 et
3025 729 3370 799 recipiendas
3404 729 3541 784 divi-

273 825 340 880 αὖ
373 829 466 880 καὶ
501 827 767 898 ὑποδοχὴν
797 827 908 880 τῶν
942 823 1412 896 ὲγκεκρυμμένων
1445 825 1568 886 ταῖς
1605 823 1828 878 ἐντολαῖς

1987 823 2143 879 tiores
2172 837 2296 892 quae
2328 823 2386 876 in
2428 822 2526 876 Dei
2561 821 2834 876 mandatis
2873 823 3045 877 latent
3089 822 3334 878 rationes
3373 823 3542 878 exsti—

275 915 568 986 θειοτέρων
611 917 784 986 λόγων
825 915 1248 985 διεγειρόμενος,
1281 913 1376 965 καὶ
1411 911 1602 982 ὥσπερ
1651 911 1826 966 σινδόν

1986 919 2218 984 nulatus,
2246 925 2308 972 ut
2337 925 2600 988 tanquam
2630 917 2863 972 sindone
2891 916 3131 986 quodam
3157 915 3541 986 spiritualibus

273 1008 384 1064 τινὶ
403 1011 518 1071 τοῖς
541 1011 670 1078 περὶ
690 1009 781 1062 τὸν
811 1007 985 1062 αἰῶνα
1017 1006 1205 1060 τοῦτον
1247 1006 1638 1074 πνευματικοῖς
1675 1003 1824 1071 λόγοι

1984 1009 2104 1062 :irca
2129 1009 2236 1063 hoc
2261 1024 2437 1064 aevum
2459 1009 2809 1064 sermonibus
2833 1008 3251 1064 circumvestiat
3271 1007 3539 1078 primum,

276 1098 626 1170 περιϐάλλειν
661 1099 754 1152 τὸν
795 1096 1036 1168 πρῶτον,
1065 1096 1124 1162 ἐξ
1159 1089 1222 1149 οὗ
1261 1095 1356 1148 καὶ
1373 1093 1438 1147 δι’
1466 1089 1526 1148 οὗ
1557 1095 1652 1147 καὶ
1685 1094 1766 1158 εις
1798 1092 1831 1145 δι

1983 1114 2022 1150 τι
2045 1113 2155 1168 quo
2178 1109 2236 1153 et
2258 1113 2357 1167 per
2379 1112 2543 1168 quem
2569 1107 2626 1152 et
2651 1097 2708 1151 in
2729 1111 2894 1168 quem
2922 1097 3183 1152 universa
3210 1097 3538 1160 decurrunt,

273 1189 342 1243 τὰ
385 1189 585 1253 πάντα,
622 1174 814 1256 Λόγον.
859 1189 918 1240 '0
956 1188 1162 1256 ταύτην
1187 1185 1332 1240 οὕτω
1367 1186 1616 1257 τηρήσας
1647 1184 1745 1254 τὴν
1772 1181 1828 1237 εὖ

1988 1189 2299 1244 ‘vermonem.
2327 1188 2433 1255 Qui
2461 1197 2572 1244 tam
2601 1189 2857 1245 decoram
2887 1197 3072 1245 servat
3097 1189 3470 1260 disciplinam,
3495 1188 3543 1244 is

275 1297 478 1351 κοσμον
503 1278 781 1347 εὐταξίαν,
811 1280 1011 1350 Ἰωσήφ
1042 1281 1180 1342 ἐστι,
1209 1278 1270 1330 τὸ
1293 1269 1554 1348 μυστικδν
1583 1277 1744 1346 σῶμα
1765 1292 1830 1329 τοι

1990 1281 2232 1349 osephus
2299 1289 2419 1346 est,
2487 1281 2780 1352 mysticum
2846 1281 3056 1338 Christi
3117 1295 3322 1353 corpus
3381 1294 3539 1351 sepe-

274 1370 512 1441 Χριστοῦ
539 1370 818 1443 μυστικῶς
845 1369 1206 1439 ἐνταφιάζων.
1958 1370 2128 1426 liens.

630 1555 810 1607 Ἄλλο
839 1555 926 1617 εἰς
953 1551 1020 1605 τὸ
1044 1551 1191 1605 αὐτὸ
1219 1551 1504 1621 θεώρημα.

2351 1557 2475 1612 Alia
2511 1559 2566 1613 in
2589 1557 2728 1612 idem
2763 1558 3154 1632 contemplatio.
3185 1569 3191 1576 ‘

347 1669 459 1724 Καὶ
499 1667 582 1722 ἔτι
629 1667 910 1738 συντόμως
955 1667 1152 1729 εἰπεῖν,
1196 1665 1226 1718 ό
1265 1663 1464 1734 πράξει
1511 1663 1604 1716 καὶ
1655 1659 1858 1734 θεωρίᾳ

2033 1663 2325 1736 Praeterea,
2359 1678 2422 1725 ut
2452 1669 2698 1726 breviter
2723 1671 2926 1738 dicam,
2956 1672 3051 1742 qui
3081 1673 3299 1730 actione
3329 1682 3386 1730 et
3415 1689 3547 1730 con-

276 1762 407 1826 τοὺς
451 1761 582 1830 περὶ
622 1758 719 1814 τοῦ
767 1757 1002 1829 σταυροῦ
1062 1759 1176 1820 τοῖς
1225 1755 1484 1810 ἀκούουσι
1532 1753 1831 1824 θαυμαστῶ

1990 1759 2317 1828 emplatione
2349 1760 2419 1815 de
2447 1777 2613 1816 cruce
2651 1777 2936 1818 sermones
2978 1765 3196 1836 egregie
3241 1765 3410 1820 tradit
3449 1782 3545 1821 au-

277 1853 469 1923 λόγους
497 1860 513 1920 (
537 1851 701 1922 250
727 1850 793 1922 ὁ)
821 1850 1134 1913 ἀποδιδοὺς,
1176 1842 1331 1912 οὗτος
1372 1846 1570 1919 Ἰωσὴφ
1621 1845 1718 1916 μὲν
1761 1845 1826 1914 γέ

2058 1849 2266 1916 ntibus,
2297 1851 2346 1906 is
2387 1851 2662 1922 Iosephus
2697 1855 2836 1909 alter
2875 1853 3054 1910 factus
3085 1865 3172 1910 est
3201 1858 3544 1927 conlempla-
3604 1871 3613 1880 '

277 1963 436 2015 γονεν
467 1947 628 2008 ἄλλος
659 1943 748 1998 διὰ
790 1945 890 2016 τῆς
922 1943 1241 2015 προσθήκης
1265 1941 1376 1997 τῶν
1402 1941 1545 1996 κατά
1580 1941 1682 2012 τὴν
1713 1940 1824 1995 θεω

1988 1941 2121 1996 tonis
2153 1941 2316 1998 bonis
2347 1944 2453 1999 sibi
2486 1944 2689 2001 additis
2733 1956 2932 2002 auctus
2979 1947 3038 2002 in
3069 1947 3415 2018 spiritualem
3448 1963 3543 2004 co-

283 2038 402 2108 ρίαν
447 2035 666 2106 ἀγαθῶν
706 2037 787 2098 εἰς
828 2034 1032 2104 γνῶσιν
1075 2035 1392 2101 ὲπαυξήσας
1443 2032 1831 2105 πνευματικὴν

1990 2031 2287 2100 nitionem;
2323 2033 2690 2090 Arimathaeu-s
2712 2050 2848 2091 vero
2880 2035 2975 2107 qui
3004 2035 3221 2092 sincera
3265 2052 3392 2092 cum
3434 2037 3545 2092 vir—

291 2128 646 2204 ’Δριμαθαῖος
674 2127 730 2182 δὲ
761 2127 851 2180 διά
880 2127 980 2197 τῆς
1009 2126 1238 2196 γνησίας
1266 2125 1376 2178 τῶν
1405 2124 1618 2195 ἀρετῶν
1659 2123 1846 2177 οἰκειό-

1986 2123 2170 2178 utibus
2207 2125 2433 2196 junctus
2463 2127 2878 2198 necessitudine
2915 2129 3224 2185 secundum
3269 2130 3541 2184 actionem

278 2238 440 2291 τητος
477 2221 620 2274 κατά
672 2219 773 2290 τὴν
814 2217 1014 2289 πρᾶξιν
1049 2219 1231 2272 πᾶσαν
1261 2216 1371 2271 τῶν
1409 2217 1613 2271 ὑλικῶν
1661 2214 1833 2270 ἑαυτοὶ

1987 2228 2016 2266 n
2060 2229 2119 2268 se
2151 2229 2369 2270 omnem
2401 2233 2510 2288 qua
2545 2218 2924 2275 materialihus
2955 2229 3041 2276 est
3081 2220 3334 2276 addictus
3363 2229 3421 2276 et
3447 2221 3542 2276 ob-

281 2313 630 2386 περιτέμνων
660 2311 760 2383 τὴν
793 2309 1192 2382 προσπάθειαν.

1176 2349 1192 2364 ,
1959 2306 2156 2360 noxius
2186 2307 2329 2362 tollit
2357 2307 2728 2364 affectionem.

601 2489 783 2544 Ἄλλο
813 2486 1088 2556 θεώρημα
1116 2489 1205 2553 εις
1233 2486 1302 2540 τὸ
1331 2487 1502 2540 αὑτό.

2357 2479 2481 2534 Alia
2510 2481 2566 2534 in
2595 2480 2734 2536 idem
2763 2483 3156 2555 contemplatio.

349 2599 655 2672 Σταυροῦσι
701 2599 758 2653 δὲ
804 2598 966 2653 πάλιν
1011 2597 1106 2652 τὸν
1145 2595 1382 2669 Χριστὸν
1421 2597 1471 2649 οἱ
1521 2593 1858 2666 βλασφήμως

2033 2591 2198 2646 Cruci
2240 2607 2436 2648 rursus
2465 2592 2690 2666 aﬂigunt
2714 2593 2995 2652 Christum
3026 2599 3120 2669 qui
3147 2600 3543 2658 contumeliose

280 2692 408 2756 τοὺς
433 2691 563 2761 περὶ
596 2690 699 2761 τῆς
731 2689 1176 2760 ὲνσωματὼσεως
1203 2687 1298 2742 τοῦ
1341 2687 1480 2740 Θεοῦ
1513 2687 1835 2741 διδάσκοντες

1988 2682 2030 2736 le
2056 2683 2151 2736 Dei
2183 2683 2634 2754 incorporatione
2665 2686 2910 2755 tradunt,
2939 2691 3193 2760 sepulcro
3215 2701 3397 2748 autem
3423 2709 3543 2748 rur-

280 2782 492 2852 λόγους,
527 2781 839 2851 ὲνταφιάζει
867 2781 925 2836 δὲ
950 2780 1111 2835 πάλιν
1139 2781 1168 2833 ὁ
1197 2780 1324 2842 τοὺς
1357 2779 1485 2850 περὶ
1511 2777 1610 2848 τῆς
1643 2776 1835 2848 σαρκώ·

2100 2783 2372 2843 praeparat
2417 2774 2511 2844 qui
2563 2775 2874 2832 doctrinam
2921 2779 2988 2834 de
3031 2781 3147 2836 Deo
3191 2782 3546 2853 incorporato
3639 2838 3645 2848 ,

284 2889 422 2937 asto;
457 2871 552 2925 τοῦ
579 2872 714 2926 Θεοῦ
754 2872 948 2942 λόγους
995 2871 1132 2944 μετὰ
1163 2869 1481 2943 παρρησίας
1512 2871 1677 2922 πᾶσιν
1711 2869 1836 2922 εὐσε

1594 2885 1677 2922 σιν
1711 2869 1854 2922 εὐσε-
1958 2871 2148 2932 aperte
2175 2871 2232 2919 et
2262 2865 2441 2934 palam
2471 2867 2732 2922 omnibus
2755 2869 2845 2938 pie
2868 2870 3149 2939 praedicat.

283 2964 396 3030 ὁῶς
425 2963 844 3036 ἀνακηρύττων.

293 3152 397 3208 Ἕκ
443 3150 548 3206 τοῦ
579 3148 768 3205 αὐτοῦ
807 3149 1018 3218 λόγου,
1048 3132 1136 3214 εἰς
1183 3148 1251 3201 τό
1283 3163 1298 3178 ·
1341 3143 1504 3200 «Κᾶν
1534 3143 1848 3214 Νικόδημος

1987 3138 2050 3194 Ea:
2089 3139 2268 3194 eodem
2308 3155 2570 3206 sermone,
2611 3142 2669 3196 in
2698 3141 2880 3197 illud:
2908 3163 2927 3195 ι
2981 3143 3040 3200 Si
3082 3145 3398 3203 Nicodemus
3441 3151 3542 3215 sis,

349 3237 426 3314 tle
462 3245 496 3296 ὁ
523 3239 874 3308 νυκτερινὸς
899 3239 1208 3306 θεοσεϐὴς,
1235 3239 1450 3308 μύροις
1479 3234 1666 3288 αὐτὸν
1694 3235 1859 3288 ἐντα-

2029 3243 2317 3286 nocturnus
2343 3233 2437 3287 ille
2471 3234 2569 3288 Dei
2595 3233 2788 3303 cultor,
2819 3236 3120 3306 funebribus
3147 3243 3428 3310 unguentis
3457 3245 3579 3316 ipa

349 3332 576 3404 placa?
612 3331 748 3402 (51).
787 3349 808 3384 ι

2025 3341 2143 3379 sum
2180 3341 2318 3396 unge
2346 3335 2409 3378 ιι.-
2433 3343 2449 3376 ι

349 3441 663 3514 Νικόδημός
691 3443 858 3506 ἐστιν,
889 3441 1202 3511 νυκτερινὸς
1233 3439 1491 3512 θεοσεϐὴς
1539 3441 1634 3493 καὶ
1665 3437 1858 3508 μύροις

2027 3435 2383 3502 Nicodamus,
2428 3445 2738 3493 nocturnus
2781 3439 2878 3495 Dei
2925 3441 3124 3507 cultor,
3155 3451 3211 3497 et
3243 3447 3541 3514 unguentis

281 3535 344 3592 τὸ
377 3534 535 3606 σῶμα
565 3532 659 3586 τοῦ
688 3530 928 3604 Χριστοῦ
959 3531 1318 3600 ἑνταφιάζων,
1361 3533 1389 3584 ό
1432 3530 1573 3584 κατά
1615 3527 1836 3582 διὰνοιαπ

1987 3525 2164 3580 Ihristi
2211 3541 2414 3596 corpus
2460 3543 2772 3600 praeparans
2805 3530 2872 3584 ad
2918 3533 3274 3601 sepulturam,
3323 3545 3408 3590 est
3441 3539 3542 3607 qui

287 3628 386 3700 μὲν
421 3625 735 3698 ἐρρωμένος
769 3625 848 3686 εἰς
887 3622 984 3694 τὴν
1019 3622 1317 3691 ἐπίγνωσιν
1341 3621 1435 3674 τοῦ
1469 3620 1728 3692 Χριστοῦ,
1757 3619 1842 3690 τὴν

1986 3629 2142 3672 nente
2172 3617 2396 3687 quidem
2424 3617 2492 3672 ad
2521 3620 2964 3689 cognoscendum
2993 3622 3270 3680 Christum
3299 3626 3460 3683 fortis
3481 3638 3541 3683 ct

281 3718 341 3772 δὲ
386 3717 486 3788 τῆς
527 3714 780 3786 πράξεως
828 3711 940 3766 τῶν
965 3711 1220 3764 -ὲντολῶν
1251 3710 1558 3780 φιλοτιμίαν
1591 3709 1666 3772 ὡς
1685 3707 1836 3760 δειλὸς

1981 3707 2193 3779 mpiger
2231 3718 2337 3775 est,
2383 3717 2441 3763 at
2480 3710 2859 3766 mandatorum
2901 3716 3376 3784 exsequendorum
3417 3729 3535 3775 stu—

282 3809 369 3863 διά
397 3811 488 3863 τὸν
516 3807 681 3878 φόϐον
722 3805 831 3858 τῶν
871 3803 1142 3857 Ἰουδαίων
1168 3802 1346 3872 (λέγω
1371 3802 1426 3854 δὲ
1460 3801 1568 3854 τῶν
1596 3799 1786 3854 παθῶν
1817 3797 1837 3850 i

1990 3801 2109 3854 ium
2137 3809 2197 3855 ut
2225 3800 2455 3872 ignavus
2477 3801 2544 3857 de
2568 3802 2884 3858 Judmorum
2911 3804 3272 3874 (passionum,
3289 3809 3545 3878 inquam,.

283 3901 391 3956 τῶν
433 3899 706 3970 δαιμόνων
747 3897 848 3960 τὰς
885 3892 1230 3964 προσϐολὰς)
1280 3895 1454 3964 φειδοῖ
1498 3895 1597 3964 τῆς
1657 3891 1838 3962 σαρκὸς

1984 3893 2042 3948 'el
2075 3893 2382 3948 daemonum
2423 3895 2848 3967 incursationes)
2875 3905 3046 3964 metu,
3076 3901 3260 3957 carnis
3287 3916 3420 3957 cura
3445 3919 3539 3959 re-

287 3990 740 4063 παραιτούμενος,
851 3987 996 4058 μέγα
1028 3983 1164 4055 πρὸς
1203 3983 1474 4054 ἀποδοχὴν
1499 3984 1602 4037 κᾶν
1631 3982 1692 4036 τὸ
1719 3979 1842 4034 καλὲ

1997 3992 2134 4046 usat,
2153 3986 2240 4040 cui
2269 4003 2524 4057 magnum
2543 3997 2627 4042 est
2649 3987 2716 4042 ad
2733 3988 3265 4046 commendationem
3287 3995 3372 4048 vel
3399 3994 3552 4051 bene

286 4086 502 4154 φρονεῖν
549 4082 678 4153 περὶ
723 4079 960 4152 Χριστοῦ
1020 4081 1113 4134 καὶ
1157 4078 1230 4147 μὴ
1272 4076 1626 4146 βλασφήμους
1673 4072 1841 4142 προτε-

1960 4075 2028 4146 de
2057 4075 2278 4131 Christo
2313 4078 2518 4134 sentire
2545 4095 2649 4134 nec
2676 4083 3081 4140 contumeliose
3103 4083 3171 4140 de
3199 4099 3266 4140 eo
3291 4085 3478 4156 loqui.

286 4176 409 4228 σθαι
437 4173 650 4242 λόγους.
1195 4197 1209 4202 -

295 4353 392 4404 Ἐκ
429 4350 534 4404 τοῦ
578 4349 766 4404 αὑτοῦ
823 4352 1034 4418 λόγου,
1087 4353 1174 4415 εἰς
1217 4351 1307 4403 τόο
1346 4348 1513 4402 «Κᾶν
1538 4348 1732 4414 Μαρία
1763 4365 1850 4412 τις

2077 4343 2258 4398 eodem
2303 4361 2562 4411 sermone,
2607 4349 2662 4401 in
2708 4347 2846 4402 illud
2879 4365 2898 4404 :
2927 4370 2945 4401 ‹
2991 4349 3050 4406 Si
3078 4351 3256 4408 Maria
3297 4354 3551 4424 quoniam
3613 4405 3617 4410 .

351 4437 447 4512 ᾖς.
500 4439 616 4493 κᾶν
674 4440 713 4506 ἡ
765 4438 922 4506 ἄλλη
981 4439 1198 4506 Μαρία,
1258 4437 1374 4490 κᾶν
1433 4435 1706 4504 Σαλώμη,
1739 4433 1856 4488 κᾶν
1894 4509 1906 4512 _

2110 4476 2124 4497 ,
2155 4437 2199 4489 si
2249 4435 2358 4490 alia
2389 4438 2584 4504 Maria,
2613 4441 2662 4492 si
2689 4438 2922 4505 Salome,
2953 4444 2999 4496 si
3039 4441 3274 4509 Joanna,
3305 4445 3548 4500 diluculo
3651 4468 3663 4479 -

365 4509 632 4594 Ἶωάννα,
691 4531 1001 4599 δάκρυσον
1059 4531 1282 4598 ὀρθρία.
1341 4528 1462 4582 Ἴδε
1511 4526 1709 4594 πρώτη
1751 4527 1858 4579 τὸν
1890 4509 1920 4564 ΙῙ

2033 4525 2296 4597 lacrymas
2326 4528 2603 4598 profunde.
2649 4529 2756 4584 Fac
2798 4540 2855 4584 ut
2887 4535 3062 4604 prima
3101 4535 3368 4590 sublatum
3405 4536 3543 4608 lapi-

348 4624 525 4676 λίθον
551 4621 834 4690 ἠρμένον,
863 4621 1054 4691 τυχὸν
1079 4621 1147 4674 δὲ
1176 4621 1273 4675 καὶ
1339 4619 1482 4686 τοὺς
1534 4619 1850 4688 ἀγγέλους,

2031 4619 2170 4682 dem,
2202 4621 2414 4690 angelos
2439 4622 2598 4676 etiam
2629 4622 2872 4692 fortasse,
2905 4635 3062 4696 atque
3087 4627 3217 4682 adeo
3245 4629 3426 4684 Iesum
3458 4633 3549 4702 ipe

349 4713 450 4768 καὶ
491 4713 734 4778 Ἰησοῦν
759 4713 948 4766 αὐτόν
972 4712 1104 4784 (52).
1144 4730 1163 4764 ›

919 4729 948 4765 ν
972 4712 1104 4784 (52).
1144 4730 1163 4764 ι
2028 4727 2144 4764 sum
2171 4711 2346 4765 videas
2377 4721 2418 4764 τ.
2459 4732 2474 4762 ι

350 4826 543 4896 Μαρία
588 4827 622 4896 ὴ
678 4825 892 4896 πρώτη,
923 4823 980 4891 ἐξ
1009 4819 1076 4896 ἦς
1102 4823 1442 4893 ἐκϐέϐληκεν
1471 4819 1686 4886 όΛόγος
1713 4820 1852 4874 ἐτετά

2035 4822 2218 4875 Prima
2250 4823 2436 4889 Maria,
2465 4841 2530 4879 ex
2561 4841 2669 4894 qua
2695 4825 2888 4882 Sermo
2916 4839 3124 4900 septem
3151 4832 3314 4902 ejecit
3339 4833 3548 4887 dremo-

281 4917 558 4987 δαιμόνια,
607 4918 725 4970 ἐστὶ
765 4919 914 4970 πᾶσα
954 4915 1230 4987 πρακτικὴ
1257 4913 1427 4984 ψυχὴ,
1455 4911 1543 4964 διὰ
1571 4911 1664 4962 τοῦ
1695 4911 1836 4977 λόγοι

1992 4912 2076 4978 lia,
2105 4921 2190 4968 est
2221 4915 2402 4970 omnis
2447 4917 2624 4972 activa
2669 4919 2868 4986 anima,
2900 4936 2999 4990 per
3030 4917 3340 4977 sermonem
3375 4939 3547 4978 evan-

281 5008 391 5060 τῶν
431 5005 805 5074 εὑαγγελικῶν
845 5005 1074 5059 ἐντολῶν
1122 5005 1220 5072 τῆς
1259 5003 1389 5074 περὶ
1423 5003 1515 5055 τὸν
1539 5001 1709 5056 αἰῶνα
1731 4999 1836 5054 τοῦ·

1999 5003 2262 5059 elicorum
2299 5005 2680 5062 mandatorum
2721 5025 2752 5063 a
2785 5012 3226 5068 consternatione
3257 5013 3402 5067 circa
3435 5012 3554 5071 hoc"

283 5113 372 5150 τον
404 5097 740 5166 καθαρθεῖσα
781 5096 1084 5164 πτοήσεως.
1129 5091 1516 5162 Ἑϐδομαδικὸς
1553 5092 1660 5160 γὰρ
1700 5085 1838 5152 οὗτος

1985 5111 2136 5150 evum
2162 5107 2412 5168 purgata.
2441 5098 2897 5156 Hebdomaticum
2925 5103 3070 5158 enim
3100 5105 3204 5158 hoc
3227 5114 3312 5158 est
3339 5119 3540 5170 aevum,

285 5191 312 5241 ὁ
342 5187 495 5254 αἰὼν,
529 5191 593 5258 τῇ
617 5189 661 5220 ’⁸
692 5190 774 5251 εἰς
805 5187 996 5240 ἑαυτὸν
1024 5185 1116 5238 τοῦ
1157 5185 1350 5256 χρόνου
1396 5182 1690 5253 περιελίξει
1718 5183 1840 5249 πλη-

2000 5190 2106 5244 uod
2155 5192 2418 5262 temporis
2463 5193 2521 5248 in
2573 5197 2815 5265 seipsum
2875 5197 3370 5252 circumvolutione
3404 5211 3550 5252 conv

355 5307 390 5346 ‘1
413 5304 609 5360 Joann.
648 5319 758 5367 nx,
787 5301 876 5358 39.
951 5312 974 5338 τ
1003 5301 1170 5356 Marc.
1201 5316 1310 5365 XVI,
1359 5299 1411 5363 l,
1445 5299 1498 5352 9.

1558 5369 1793 5424 V'Alll/E
1837 5369 2239 5436 LECTIONES.

353 5441 399 5473 “’
425 5441 810 5512 Apographum
843 5441 973 5493 τῶν.

287 5631 323 5685 Β
503 5559 672 5615 Idem-
699 5561 822 5614 ibid.
848 5575 966 5630 cap.
991 5559 1080 5626 24,
1105 5576 1162 5639 p.
1187 5561 1312 5626 864,
1363 5569 1494 5615 tom.
1519 5561 1537 5616 l
1561 5560 1702 5632 Opp.
1728 5561 1864 5616 edit.
1923 5593 1940 5608 ε
1967 5565 2156 5687 ἢ(δῇ
2185 5566 2330 5620 idem
2368 5570 2518 5630 ἐὺὶά..
2551 5585 2670 5638 cap.
2698 5571 2788 5634 9.1,
2819 5586 2870 5639 ρ.
2899 5571 3022 5632 8M,
3055 5567 3242 5676 tom..l
3269 5563 3406 5636 Opp.
3448 5563 3546 5616 9dr

331 5645 430 5683 ene
2026 5651 2108 5687 me
2155 5675 2168 5687 .

381 5646 466 5683 tcu
1967 5646 2168 5689 ϋυιςρα.
3209 5647 3239 5676 ⁸
