3938 6148
468 226 604 292 1379

1637 223 1695 280 S.
1739 221 2025 281 MAXIMI
2063 223 2571 289 CONFESSORIS

3670 230 3785 300 1351]

463 351 796 409 summatm,
822 359 851 396 a
885 354 996 411 quo
1027 340 1221 394 Sermo
1252 334 1633 403 suimetipsius
1657 335 1900 389 cultores
1922 334 2038 389 libet

2163 339 2445 407 ρούμενος,
2470 339 2680 408 οὗτινος
2713 342 2987 422 ἐλευθεροί
3005 355 3135 417 τοὺς
3169 356 3395 411 ἑαυτοῦ
3426 354 3730 417 θιασώτας
3763 362 3783 410 ὁ

463 445 570 497 rat,
593 449 759 503 supra
797 430 982 485 omnia
1015 428 1336 497 temporalia
1370 426 1468 481 eos
1493 425 1722 479 omnino
1750 425 2046 480 collocans.

460 525 646 579 Altera
682 539 813 578 vero
863 523 1032 576 Maria
1071 529 1156 575 est
1192 518 1373 573 omnis
1405 517 1588 571 anima
1622 516 2051 586 contemplativa

462 629 586 685 quae
636 629 782 669 vera:
817 610 1151 683 cognitionis
1196 624 1302 679 ope
1347 607 1722 677 cognitionem
1762 620 1887 659 cum
1922 604 2051 660 Ser-

461 720 625 761 mone
674 720 775 774 per
819 704 1051 775 gratiam
1100 701 1206 756 sibi
1258 698 1532 769 quaesivit.
1580 697 1799 751 Salome
1841 704 2045 759 autem,

460 813 624 868 quam
672 798 1109 866 interpretantur
1150 794 1365 853 Pacem,
1404 791 1489 844 vel
1535 790 1927 854 Plenissimam,
1961 798 2049 843 est

460 891 641 945 omnis
687 890 869 944 anima
906 886 1256 958 passionibus
1289 883 1521 955 abjectis
1571 891 1785 952 pacata,
1821 891 1877 935 et
1923 896 2049 950 pra-

457 983 722 1037 ctiearum
776 982 1044 1035 virtutum
1094 978 1252 1047 copia
1308 976 1494 1030 carnis
1538 975 1776 1045 cogitata
1821 974 2049 1044 spiritus

444 1068 563 1145 'legi
594 1074 915 1143 subjiciens,
949 1087 1047 1140 per
1088 1069 1462 1139 expletionem
1499 1082 1632 1121 vero
1662 1067 2047 1136 contemplati-

456 1179 651 1219 varum
695 1161 1066 1233 spiritualium
1102 1157 1498 1227 cogitationum
1532 1172 1718 1211 rerum
1753 1171 1876 1225 quae
1904 1156 2048 1209 exsi-

456 1262 612 1309 stunt
645 1254 1014 1324 cognitionem
1046 1268 1146 1323 pro
1188 1250 1335 1305 virili
1378 1252 1655 1321 sapienter
1685 1250 2047 1320 comprehen-

456 1347 594 1401 dens
618 1354 794 1417 parte.
817 1346 1026 1401 Joanna
1051 1354 1258 1407 autem,
1283 1360 1405 1413 qua:
1427 1343 1735 1413 explicatur
1764 1341 2041 1405 Columba,

455 1441 662 1495 animal
694 1441 848 1503 mite,
886 1439 1016 1494 bilis
1045 1452 1247 1507 expers
1272 1447 1330 1491 et
1357 1436 1679 1501 fecundum,
1714 1436 1896 1491 omnis
1928 1434 2045 1489 ani-

456 1545 544 1584 ma
592 1537 678 1584 est
716 1543 841 1598 quae
894 1543 993 1597 per
1045 1528 1529 1583 mansuetudinem
1575 1525 1730 1580 exuit
1775 1525 2038 1587 affectus,

455 1629 623 1691 atque
646 1619 872 1689 spiritus
894 1621 949 1673 in
974 1620 1287 1691 cognitione
1312 1618 1707 1674 fecunditatem
1739 1615 2040 1670 ferventem

2155 429 2350 497 Λόγος,
2385 434 2603 499 πάντως
2662 440 2863 504 αὐτοὺς
2922 445 3183 523 ὑπεράνω
3241 447 3441 511 τιθεὶς
3508 447 3634 500 τῶν
3693 449 3784 500 ὑπὸ

2152 521 2361 590 χρόνον.
2410 525 2473 578 Ἦ
2519 528 2576 581 δὲ
2625 531 2758 602 ἄλλη
2798 521 2987 606 Μαρία
3020 541 3141 591 ἐστὶ
3169 543 3333 595 πᾶσα
3580 541 3783 612 θεωρη-

2149 614 2300 682 τικὴ,
2330 615 2418 670 διὰ
2447 619 2699 687 γνώσεως
2726 625 2960 695 ἀληθοῦς
2985 629 3084 702 τὴν
3110 633 3254 702 πρὸς
3286 635 3395 687 τὸν
3410 636 3611 701 Λόγον
3648 635 3779 688 κατὰ

2150 704 2311 796 χάριν
2340 713 2657 784 κτησαμένη
2692 719 3035 785 συγγένειαν.
3074 725 3318 796 Σαλώμη
3355 725 3419 780 δέ
3449 729 3642 789 ἐστιν,
3665 728 3775 795 ἥτις

2152 794 2517 889 έρμηνεύεται
2578 806 2804 874 Εἰρήνη
2842 809 2874 880 ἢ
2919 794 3344 884 Πληρεστάτή,
3395 820 3570 871 πᾶσα

2148 882 2238 988 διὲξ
2289 886 2389 955 μὲν
2419 889 2713 988 (2-510)
2759 899 2860 967 τῆς
2903 900 3176 975 ἀποϐολῆς
3211 882 3329 957 τῶν
3362 906 3577 959 παθῶν
3624 882 3772 979 sip;

2151 983 2403 1039 νεύουσα,
2436 983 2530 1032 καὶ
2571 986 2637 1053 τῇ
2681 990 2970 1057 περιουσίᾳ
3008 992 3116 1045 τῶν
3165 997 3523 1065 πρακτικῶν
3550 999 3768 1070 ἀρετῶν

2146 1065 2208 1117 τὸ
2241 1070 2496 1141 φρόνημα
2519 1077 2619 1143 τῆς
2650 1079 2854 1146 σαρκὸς
2883 1082 3309 1149 καθυποτὰξασα
3344 1088 3429 1158 τῷ
3475 1065 3642 1158 νόμῲ
3678 1091 3765 1142 τοῦ

2150 1159 2485 1228 πνεύματος,
2522 1163 2610 1216 διὰ
2650 1166 2707 1217 δὲ
2757 1169 2858 1238 τῆς
2903 1171 3240 1240 πληρώσεως
3277 1176 3393 1228 τῶν
3426 1179 3589 1231 κατὰ
3628 1178 3760 1232 θεω-

2148 1249 2272 1321 ρίαν
2305 1256 2695 1323 πνευματικῶν
2727 1262 3014 1330 νοημάτων
3045 1265 3146 1334 τὴν
3185 1267 3295 1320 τῶν
3334 1268 3525 1323 ὄντων
3551 1271 3759 1339 γνῶσιν

2147 1342 2289 1396 κατά
2340 1344 2400 1396 τὸ
2449 1345 2676 1401 δυνατὸν
2740 1352 2921 1420 σοφῶς
2959 1354 3355 1425 περιλαϐοῦσα.
3404 1361 3654 1415 Ἱωάννα
3702 1364 3754 1416 δέ

2144 1435 2313 1498 ἐστιν,
2355 1437 2479 1507 ἥτις
2521 1441 2884 1512 ἑρμηνεύεται
2917 1448 3263 1515 περιστερὰ,
3284 1450 3350 1503 τὸ
3385 1456 3579 1522 πρᾶον
3613 1455 3753 1517 ζῶον

2145 1529 2237 1580 καὶ
2280 1529 2472 1598 ἄχολον
2506 1534 2601 1586 xal.
2643 1534 2961 1604 πολύγονον,
2997 1541 3146 1592 πᾶσα
3189 1541 3337 1616 ψυχὴ
3368 1544 3466 1599 διὰ
3498 1548 3750 1617 πραότη-

2149 1634 2234 1679 τος
2266 1619 2328 1671 τὸ
2361 1620 2605 1690 ἐμπαθὲς
2646 1624 2981 1696 ἀποθεμένη,
3008 1629 3100 1682 καὶ
3129 1629 3228 1701 τὴν
3252 1633 3310 1684 ἐν
3334 1633 3550 1700 γνώσει
3585 1637 3749 1689 πολυ-

456 1714 643 1769 habet.
693 1714 786 1768 Hae
839 1722 1024 1769 autem
1078 1729 1240 1768 mane
1294 1714 1449 1778 flent,
1498 1714 1605 1766 hoc
1651 1719 1736 1766 est
1780 1711 2038 1781 laerymas

2150 1710 2333 1777 γονίαν
2375 1712 2469 1765 τοῦ
2510 1714 2825 1785 πνεύματος
2865 1719 3129 1790 διάπυρον
3182 1722 3403 1791 ἔχουσα.
3464 1718 3652 1778 Δῦταε
3692 1728 3749 1780 δὲ

455 1805 735 1876 gnosticas
787 1804 1168 1875 profundunt,
1222 1803 1354 1858 dum
1407 1804 1731 1858 Sermonem
1790 1811 2046 1872 quazrunt

453 1898 635 1953 omnis
664 1898 887 1952 virtutis
919 1906 977 1952 et
1016 1897 1349 1968 cognitionis
1384 1912 1662 1951 summum
1712 1894 2041 1965 principem.

453 1992 520 2044 Et
558 1992 751 2061 primae
779 1991 972 2045 vident
1009 1989 1249 2059 lapidem
1284 1989 1351 2043 de
1380 1990 1549 2059 janua
1579 1986 1816 2057 sepulcri
1860 1986 2045 2040 subla-

452 2090 593 2148 tum,
627 2084 731 2138 hoc
755 2091 840 2137 est
863 2081 1220 2136 obscuritatis
1249 2080 1534 2136 Sermonis
1558 2095 1680 2149 qua:
1707 2077 1860 2133 cordi
1890 2077 2043 2131 incu-

449 2178 546 2233 bat
581 2176 1025 2239 indurationem;
1057 2173 1260 2229 deinde
1307 2172 1552 2242 angelos,
1589 2171 1695 2225 hoc
1742 2178 1827 2224 est
1874 2178 2038 2223 natu-

452 2270 596 2323 rales
628 2281 811 2321 rerum
845 2280 969 2333 qua:
1000 2263 1277 2318 exsistunt
1306 2262 1361 2314 in
1393 2260 1586 2330 spiritu
1616 2260 1879 2323 rationes,
1911 2258 2038 2313 Ser-

449 2375 670 2414 monem
715 2372 902 2413 rerum
942 2356 1325 2412 universarum
1357 2367 1580 2408 causam
1623 2351 1787 2407 tacite
1831 2349 2035 2422 praedi-

449 2458 659 2506 cantes.

800 2631 923 2686 Alia
951 2632 1007 2684 in
1036 2624 1249 2701 angelos
1285 2625 1680 2697 contemplatio.

520 2743 619 2801 Vel
668 2759 840 2799 saera:
886 2743 1187 2813 Scriptura:
1230 2755 1515 2797 sermones
1560 2739 1655 2808 qui
1703 2728 2037 2807 apertiorem

447 2836 533 2892 eis
557 2836 627 2892 de
658 2834 885 2892 Christo
926 2844 988 2889 ut
1018 2837 1131 2890 Deo
1159 2843 1216 2888 et
1240 2833 1484 2895 homine,
1515 2831 1566 2884 id
1613 2839 1697 2884 est
1725 2829 1794 2883 de
1825 2829 2039 2883 theolo-

448 2929 537 2999 gia
569 2936 734 2998 atque
765 2926 954 2980 divino
989 2925 1387 2978 incarnationis
1421 2922 1656 2976 consilio
1697 2921 1905 2990 prmbet
1949 2922 2037 2974 in-

2144 1800 2472 1872 δακρύουσιν
2521 1805 2773 1877 ὄρθριαι,
2831 1810 3080 1881 τουτέστι
3142 1813 3360 1884 δάκρυα
3426 1819 3745 1887 προχέουςι

2142 1896 2439 1960 γνωστικά,
2477 1897 2742 1967 ξητοῦσαι
2783 1900 2877 1954 τὸν
2922 1902 3106 1974 πάσης
3137 1904 3343 1975 ἀρετῆς
3372 1924 3431 1960 τε
3462 1909 3570 1961 καὶ
3600 1910 3745 1977 γνὼ-

2144 1999 2281 2047 σεως
2327 1987 2706 2058 ἀρχικώτατον
2756 1993 2950 2061 Λόγον.
3000 1998 3111 2049 Καὶ
3160 1997 3607 2068 πρῶτονκόρῶσι
3655 2003 3747 2057 τὸν

2140 2073 2290 2127 λίθον
2324 2078 2387 2130 ὲκ
2414 2080 2512 2148 τῆς
2552 2081 2724 2151 θύρας
2756 2086 2996 2155 ἠρμένον
3024 2089 3118 2141 τοῦ
3155 2091 3449 2159 μνημείου,
3478 2096 3747 2149 τουτέστι

2141 2169 2240 2239 τὴν
2269 2170 2624 2244 ἐπικειμένην
2658 2179 2724 2246 τῇ
2767 2179 2965 2249 καρδίᾳ
2991 2180 3089 2249 τῆς
3122 2181 3391 2249 ἀσαφείας
3419 2183 3524 2236 τοῦ
3562 2187 3748 2255 Λόγου

2145 2260 2435 2328 πώρωσιν·
2482 2262 2601 2319 εἷτα
2649 2270 2777 2332 τοὺς
2831 2271 3129 2337 ἀγγέλους,
3171 2272 3418 2324 τουτέστι
3484 2278 3623 2337 τοὺς
3689 2281 3747 2330 ὲν

2142 2355 2418 2425 πνεύματι
2462 2358 2570 2411 τῶν
2611 2360 2781 2413 ὄντων
2833 2364 3100 2431 φυσικοὺς
3149 2364 3364 2443 λόγους,
3412 2372 3608 2440 σιωπῇ
3641 2388 3747 2442 κη-

2146 2443 2438 2513 ρύττοντας
2459 2448 2550 2501 τὸν
2583 2452 2865 2505 παναίτιον
2890 2455 3082 2522 Λόγον.

2367 2606 2373 2613 1
2396 2631 2574 2684 Ἀλλο
2601 2632 2873 2704 θεώρημα
2892 2638 2979 2702 εἰς
3004 2639 3145 2705 τοὺς
3173 2642 3497 2711 ἀγγέλους.

2214 2741 2283 2793 Ἢ
2313 2742 2440 2804 τοὺς
2479 2741 2673 2811 λόγους
2701 2748 2802 2814 τῆς
2838 2748 3001 2816 ἁγίας
3048 2751 3294 2822 Γραφῆς,
3324 2758 3428 2827 τὴν
3467 2761 3613 2831 περὶ
3649 2764 3747 2816 τοῦ

2136 2833 2376 2925 Χριστοῦ
2415 2835 2492 2898 ὡς
2532 2835 2670 2890 Θεοῦ
2719 2839 2816 2891 καὶ
2863 2841 3176 2913 ἀνθρώπου,
3226 2846 3396 2916 ἥγουν
3438 2849 3548 2921 τὴν
3611 2858 3747 2925 περὶ

2137 2924 2416 2994 θεολογίας
2445 2929 2542 2980 καὶ
2580 2931 2918 2999 οἰκονομίας,
2950 2936 3284 3007 τρανοτέραν
3325 2940 3533 3005 αὐταῖς

451 3018 926 3088 terpretationem.
970 3016 1147 3072 Unum
1181 3016 1328 3069 enim
1378 3021 1570 3067 narrat
1612 3011 1897 3080 Scriptura
1943 3027 2037 3067 eas

2150 3018 2400 3087 (ομένους
2454 3017 2684 3075 ἔννοιαν.
2740 3023 2877 3075 Ἕνα
2933 3025 3041 3094 γάρ
3081 3043 3248 3096 φησιν
3292 3032 3322 3082 ὁ
3358 3028 3529 3100 λόγος
3566 3011 3743 3100 αὐτὰς

447 3110 653 3163 vidisse
685 3108 849 3176 capiti
884 3114 1179 3171 astantem,
1224 3113 1281 3160 et
1332 3107 1566 3159 alterum
1603 3104 1669 3158 ad
1710 3104 1898 3175 pedes.
1937 3104 2035 3159 Et-

401 3199 598 3287 .enim
623 3198 717 3269 qui
748 3198 912 3267 capiti
944 3205 1122 3252 astare
1153 3196 1442 3267 theologiae
1471 3211 1781 3251 sermonem
1811 3205 2037 3266 propter

448 3292 655 3348 Christi
717 3292 1013 3355 deitatem,
1070 3289 1308 3359 pedibus
1368 3298 1548 3344 astare
1608 3289 2035 3360 dispensationis

451 3394 677 3458 propter
706 3384 1163 3445 incarnationem,
1191 3391 1245 3437 et
1266 3381 1587 3451 quiCbristi
1615 3382 1838 3452 quidem
1872 3391 2033 3451 caput

449 3478 790 3533 divinitatem
824 3478 963 3547 ejus,
1011 3475 1178 3545 pedes
1209 3473 1609 3528 humanitatem
1652 3473 1770 3543 ejus
1811 3473 2028 3538 dixerit,

448 3570 495 3625 is
527 3585 556 3624 a
586 3584 715 3631 vero
741 3585 851 3622 non
874 3567 1179 3622 aberrabit.

793 3834 917 3889 Alia
946 3835 1001 3888 in
1039 3834 1247 3888 eosdem
1284 3830 1680 3902 contemplatio.

515 3951 613 4008 Vel
660 3949 914 4014 fortasse,
962 3947 1109 4002 circa
1144 3945 1363 4016 pictatis
1402 3960 1712 4000 sermonem
1762 3945 2037 4001 motiones

446 4045 501 4100 iu
530 4041 867 4100 conscientia
912 4039 1139 4110 angelos
1172 4054 1315 4102 esse,
1351 4045 1577 4107 propter
1609 4035 1906 4105 perfectam
1936 4053 2035 4091 ne-

446 4138 634 4209 quitiae
673 4145 730 4190 et
773 4132 1094 4205 ignorantiae
1125 4130 1545 4201 depositionem,
1592 4128 2036 4183 intellectualiter

449 4232 528 4287 eis
559 4228 921 4300 praedicantes
950 4223 1234 4280 Sermonis
1260 4222 1332 4277 ob
1366 4221 1668 4290 nequitiam
1699 4220 1827 4274 olim
1864 4220 1919 4274 in
1946 4221 2031 4290 ip-

445 4322 522 4377 sis
584 4317 897 4375 mortiﬁcati
969 4314 1454 4370 resurrectionem.
1515 4313 1694 4380 Atque
1756 4321 2034 4380 postremo

446 4413 627 4483 ipsum
671 4409 863 4464 vident
908 4408 1232 4463 Sermonem
1277 4404 1424 4459 clare
1465 4402 1548 4457 eis
1592 4401 2031 4467 manifestatum,

446 4506 566 4560 sine
618 4502 882 4574 symbolis
946 4510 1004 4556 et
1052 4498 1422 4569 imaginibus,
1479 4507 1644 4565 atque
1699 4495 2030 4566 iutelligibili

448 4595 647 4666 gaudio
678 4595 980 4663 replentem
1020 4584 1418 4645 intelleetuales
1446 4576 1635 4645 earum
1667 4603 1882 4642 sensus.

450 4874 533 4928 Ea:
564 4874 743 4928 eodem
776 4888 1035 4937 sermone,
1066 4872 1119 4924 in
1150 4869 1285 4924 illud
1316 4887 1333 4923 :
1367 4889 1383 4919 ι
1414 4869 1631 4923 Petrum
1658 4868 1736 4923 vel
1767 4867 2027 4922 Joannem

517 4968 730 5022 imitare
777 4973 799 5000 ⁸
826 5005 841 5029 ,
875 4964 943 5018 ad
981 4961 1282 5032 sepulcrum
1332 4958 1579 5032 propera,
1618 4960 1777 5013 simul
1813 4976 1875 5013 ac
1914 4976 2029 5013 cer-

516 5057 671 5179 ;atim
714 5070 951 5118 currens,
991 5063 1147 5123 atque
1189 5053 1409 5106 honesta
1442 5051 1780 5106 wntulatione
1813 5060 2030 5104 conten-

554 5142 663 5178 ens.
698 5145 715 5175 ι

554 5142 663 5178 εηδ.
698 5145 715 5175 ι

517 5237 713 5290 Petrus
738 5234 962 5304 quidem
998 5243 1081 5288 est
1109 5234 1288 5287 omnis
1314 5234 1477 5287 homo
1510 5234 1605 5302 qui
1637 5232 1758 5286 fidei
1787 5234 1841 5287 in
1872 5232 2031 5287 Chri-

446 5338 590 5383 stum
620 5327 1022 5380 firmamentum
1048 5341 1144 5394 per
1170 5325 1291 5378 vitze
1323 5325 1588 5378 rationem
1619 5324 1726 5394 sibi
1754 5326 2024 5393 acquirit;

443 5420 685 5476 Joannes
710 5434 841 5471 vero
881 5417 975 5487 qui
1009 5428 1232 5486 propter
1275 5417 1500 5470 multam
1549 5416 2025 5470 mansuetudinem

512 5542 535 5572 ο
569 5531 728 5585 Joan.
758 5545 848 5585 xx.
882 5529 933 5580 3.

2060 3770 2126 3781 —

2140 3108 2447 3176 ἑωρακέναι
2485 3111 2623 3181 πρὸς
2651 3115 2718 3183 τῇ
2756 3114 2989 3187 κεφαλῇ,
3014 3119 3107 3170 καὶ
3142 3118 3240 3173 ἕνα
3265 3121 3404 3191 πρὸς
3435 3128 3559 3188 τοῖς
3586 3129 3735 3183 ποσί,

2141 3197 2284 3267 Πρὸς
2318 3201 2384 3270 τῇ
2434 3201 2643 3272 κεφαλῇ
2678 3202 2789 3273 γὰρ
2855 3201 2999 3258 εἶναι
3035 3207 3126 3261 τὸν
3174 3209 3277 3278 τῆς
3324 3211 3618 3279 θεολογίας
3644 3217 3736 3269 λό-

2146 3306 2241 3358 γον
2293 3291 2380 3343 διά
2432 3292 2532 3363 τὴν
2585 3294 2813 3365 θεότητα
2867 3296 2963 3350 τοῦ
3015 3300 3285 3371 Χριστοῦ,
3319 3305 3463 3374 πρὸς
3518 3307 3581 3360 δὲ
3623 3313 3735 3373 τοῖς

2138 3384 2264 3435 ποσὶ
2293 3384 2383 3437 τὸν
2409 3386 2510 3456 τῆς
2541 3388 2855 3458 οἰκονομίας
2878 3390 2968 3444 διὰ
2990 3392 3089 3462 τὴν
3119 3393 3429 3461 σάρκωσιν,
3463 3400 3563 3453 καὶ
3594 3403 3732 3470 Χρι-

2136 3475 2262 3565 στοῦ
2295 3476 2394 3544 μὲν
2426 3479 2664 3549 κεφαλὴν
2697 3479 2797 3551 τὴν
2830 3481 3059 3553 θεότητα
3092 3484 3287 3554 αὐτοῦ,
3322 3490 3493 3554 πόδας
3540 3492 3603 3545 δὲ

2132 3564 2527 3639 ἀνορωπότητα
2556 3572 2720 3624 αὑτοῦ
2748 3572 2921 3642 λέγων
2944 3593 3028 3639 τις
3055 3576 3149 3629 τοῦ
3178 3579 3397 3644 είκότος
3424 3582 3525 3652 οὐχ
3552 3564 3733 3654 ἁμαρ-

2128 3657 2377 3727 τὴσεται.
3117 3687 3152 3721 ο

2409 3844 2599 3899 ’Ἄλλο
2638 3846 2907 3919 θεώρημα
2930 3851 3018 3916 είς
3042 3850 3183 3918 τοὺς
3210 3855 3468 3921 αὐτούς.

2212 3950 2281 4002 Ἢ
2312 3952 2475 4022 τυχὸν
2507 3954 2605 4018 τὰς
2639 3957 2781 4010 κατὰ
2817 3959 3123 4030 συνείδησιν
3148 3964 3281 4029 περὶ
3313 3966 3410 4018 τὸν
3442 3966 3609 4032 λόγον
3636 3970 3731 4037 τῆς

2134 4040 2420 4129 είῦσεὸείας
2472 4047 2718 4117 κινήσεις
2774 4045 2914 4102 εἶναι
2969 4049 3099 4113 τοὺς
3159 4052 3463 4121 ἀγγέλους,
3492 4056 3587 4115 διὰ
3638 4059 3732 4129 τὴν

2135 4134 2374 4203 παντελῆ
2420 4138 2520 4206 τῆς
2571 4140 2768 4203 κακίας
2833 4157 2892 4193 τε
2944 4143 3040 4195 καὶ
3086 4144 3375 4211 ἀγνωσίας
3416 4150 3730 4219 ἀποϐολήν·

2136 4228 2515 4295 κηρυττούσας
2558 4231 2751 4296 αὑταῖς
2798 4233 3008 4303 νοητῶς
3054 4235 3152 4288 τοῦ
3206 4239 3349 4291 ποτὲ
3404 4240 3497 4293 διὰ
3538 4245 3730 4295 κακίω

2135 4316 2194 4369 ὲν
2224 4317 2417 4382 αὐταῖς
2479 4322 2852 4392 νεκρωθέντος
2874 4326 3057 4393 Λόγου
3101 4326 3205 4398 τὴν
3260 4329 3596 4386 ἀνάστασιν.
3632 4332 3733 4385 Καὶ

2138 4409 2289 4473 τέλος
2327 4412 2491 4464 αὐτὸν
2532 4414 2702 4483 δρῶσι
2732 4416 2825 4469 τὸν
2865 4416 3039 4485 Λόγον
3067 4418 3384 4494 διαρρήδην
3410 4424 3606 4488 αὐταῖς
3641 4428 3731 4494 έμ-

2139 4500 2517 4570 φανιζόμενον,
2572 4505 2857 4575 συμϐόλων
2894 4506 3017 4577 δίχα
3067 4510 3167 4562 καὶ
3215 4510 3441 4579 τύπων,
3484 4518 3578 4569 καὶ
3604 4518 3730 4586 7:11;-

2137 4591 2334 4661 ροῦντα
2384 4597 2557 4663 χαρᾶς
2595 4596 2789 4668 (25],
2816 4598 2875 4669 b)
2926 4601 3127 4671 νοητῆς
3168 4602 3273 4668 τὰς
3306 4608 3510 4678 vespa;
3562 4610 3726 4662 αὐτῶν

2133 4684 2429 4753 χωρήσεις.

2067 4811 2136 4822 -——

2148 4873 2248 4927 Ἐκ
2279 4874 2384 4928 τοῦ
2414 4876 2601 4930 αὐτοῦ
2638 4880 2843 4947 λόγου,
2889 4881 2977 4945 εἰς
3009 4879 3078 4931 τό
3111 4899 3124 4912 ο
3158 4886 3423 4946 (Γετλοῦ
3457 4888 3727 4959 Πέτροςῆ

2218 4961 2499 5031 Ἰωάννης
2514 4981 2526 4993 ·
2545 4964 2644 5017 ἐπὶ
2664 4965 2768 5018 τὸν
2784 4966 2974 5034 τάφον
2987 4968 3335 5039 ἐπείχθητι,
3358 4979 3729 5046 ἀντίη-έχων.

2204 5057 2586 5124 συντρέχων,
2647 5058 2763 5125 τὴν
2815 5058 3015 5126 καλὴν
3070 5061 3365 5143 ᾄμιλλαν
3413 5071 3733 5140 ἁμιλλώμε-

2203 5162 2310 5210 νος
2333 5146 2467 5217 (55).
2510 5167 2527 5199 ι

2211 5239 2415 5308 Πέτρος
2450 5243 2549 5309 μὲν
2594 5240 2705 5294 ἔστι
2739 5243 2845 5304 πᾶς
2893 5242 3191 5315 ἄνθρωπος
3217 5251 3288 5305 τὸ
3327 5256 3618 5328 στερέωμα
3645 5256 3734 5325 τῆς

2138 5329 2215 5390 εἰς
2245 5330 2479 5399 Χριστὸν
2513 5333 2745 5396 πίστεως
2776 5335 2913 5386 κατά
2956 5336 3059 5404 τὴν
3108 5340 3489 5419 ἀναστροφὴν
3517 5344 3608 5402 τοῦ
3631 5347 3734 5417 βίον

2138 5421 2479 5491 κτησάμενος
2506 5439 2518 5453 δ
2581 5423 2831 5493 Ἰωάννης
2881 5423 2935 5476 δὲ
2974 5427 3002 5477 ὁ
3044 5426 3139 5481 διὰ
3197 5437 3506 5508 πραότητα
3552 5436 3736 5506 πολλὴν

518 5643 633 5714 (εδ)
668 5630 815 5697 Ide?"
845 5644 991 5711 ibid,
1020 5663 1140 5715 cap.
1167 5647 1255 5712 ΞΕ,
1283 5664 1333 5717 p.
1373 5650 1495 5713 8M,
1525 5657 1652 5702 tom.
1691 5650 1706 5701 l
1737 5648 1873 5719 Opp.
1910 5649 1995 5703 ed.
2040 5647 2242 5704 Beued.
