3938 6148
242 255 393 320 1381’

1480 250 2002 310 AMBiGUOllUM
2042 251 2292 310 LIBER.

3359 257 3500 324 1582

233 371 328 421 καὶ
353 366 450 436 τὴν
481 367 544 419 ὲκ
582 365 784 435 ταύτης
830 362 1108 435 ἀκραιφνῆ
1141 361 1488 431 καθαρότητα
1537 360 1636 431 τῆς
1670 377 1806 430 καρ-

1932 367 2078 430 itque
2128 375 2322 430 puram
2372 362 2558 417 cordis
2602 363 2730 418 inde
2778 363 3151 419 sinceritatem
3199 381 3229 420 a
3273 367 3510 422 Domino

231 457 348 520 δίας
377 456 744 526 ἀγαπώμενος
773 454 852 526 τῷ
883 454 1062 526 Λόγῳ,
1098 454 1216 508 καί“
1249 452 1339 506 διὰ
1365 452 1524 506 τοῦτο
1560 453 1684 515 τοὺς
1713 453 1812 521 τῆς

232 548 427 619 σοφίας
474 549 570 602 καὶ
610 547 710 616 τῆς
755 546 1010 616 γνώσεως
1059 545 1367 614 θησαυροὺς
1400 543 1811 612 πιστευόμενος,

232 639 326 692 καὶ
363 640 431 708 τῇ
459 638 551 690 ἐπὶ
582 637 643 690 τὸ
675 636 872 706 στῆθος
905 634 1220 689 ἀναπτώσει
1248 634 1306 700 ἐξ
1323 633 1494 704 αὐτῆς
1513 631 1607 686 τοῦ
1635 632 1812 701 Λόγου

231 729 330 800 τῆς
355 729 594 800 κρυφιας
630 727 886 798 θεότητος
915 729 1016 798 τὴν
1061 726 1160 794 τῆς
1195 725 1470 792 θεολογίας
1502 724 1825 793 κομισάμε-’

232 837 321 884 νος
344 820 595 889 δύναμιν.
644 819 1044 889 ’Λντιτρέχουσι
1069 816 1127 870 δὲ
1170 815 1421 885 ἀλλήλοις
1453 808 1622 877 οὗτοι,
1653 816 1682 868 ό
1713 812 1812 883 μὲν

232 912 376 964 κατὰ
404 911 504 981 τὴν
543 911 799 982 ἐνάρετον
843 907 1043 981 πρᾶξιν
1082 909 1180 978 τὴν
1211 907 1304 961 τοῦ
1335 907 1525 976 ἐτέρου
1575 905 1811 976 θεωρίαν

233 1003 454 1071 νικῆσαι
493 999 835 1071 φιλονεικῶν,
881 1001 910 1053 ὁ
949 999 1006 1052 δὲ
1035 997 1176 1052 κατὰ
1206 997 1306 1068 τὴν
1341 995 1648 1066 γνωστικὴν
1679 995 1814 1048 θεω-

235 1092 360 1161 ρίαν
387 1089 484 1162 τὴν
508 1090 706 1160 πρᾶξιν
724 1088 818 1142 τοῦ
837 1088 998 1144 ἄλλον
1023 1089 1406 1159 παραδραμεῖν
1433 1085 1809 1156 ἐπειγόμενος.

231 1181 590 1252 Συντρέχουσι
619 1181 676 1234 δὲ
711 1181 856 1234 κατὰ
892 1180 992 1250 τὴν
1026 1179 1285 1251 πρόθεσιν
1321 1179 1594 1249 ἀλλήλοις,
1623 1177 1814 1231 ἑκάτε-

231 1287 322 1341 ρος
351 1270 493 1325 κατά
515 1271 577 1324 τὸ
612 1271 728 1325 ἴσον
771 1270 900 1342 περὶ
925 1269 986 1324 τὸ
1031 1270 1234 1323 οἰκεῖον
1276 1267 1480 1338 ἀγαθὸν
1526 1266 1814 1337 εὐοδούμε-

229 1379 339 1426 νος.

498 1542 692 1597 Ἀλλο
725 1540 997 1608 θεώρημα
1025 1541 1112 1606 εἰς
1143 1539 1286 1604 τοὺς
1314 1538 1556 1604 αὐτούς.

301 1653 508 1724 Πέτρος
554 1654 613 1708 δέ
653 1655 768 1706 ἐστι
819 1653 1000 1718 πάλιν,
1042 1653 1136 1704 καὶ
1174 1651 1446 1720 Ἰωάννης,
1481 1648 1712 1709 ἕκαστος
1737 1648 1823 1702 άν-

1920 451 2198 522 diligitur,
2251 454 2452 523 cuique
2501 462 2795 524 propterea
2841 455 3084 510 thesauri
3130 457 3414 528 sapientia:
3455 467 3511 514 et

1919 539 2251 610 cognitionis
2273 551 2402 597 sunt
2425 543 2644 610 crediti,
2666 553 2725 600 et
2751 545 2847 614 qui
2872 545 2940 600 ad
2968 555 3161 616 pectus
3189 547 3510 603 reclinando

1919 647 1987 686 ex
2028 632 2144 702 ipsa
2177 631 2462 690 Sermonis
2502 636 2717 690 occulta
2750 637 3038 693 divinitate
3076 638 3367 710 theologia:
3397 641 3510 696 vir~

1923 731 2096 779 tutem
2117 725 2306 780 refert.
2335 725 2648 784 Occurrunt
2667 739 2852 784 autem
2879 729 2936 782 hi
2961 729 3066 784 sibi
3094 729 3354 798 invicem,
3375 731 3506 786 dum

1921 814 2012 870 hic
2043 816 2346 872 secundum
2378 819 2651 874 actionem
2687 821 2891 875 virtute
2939 821 3244 876 institutam
3277 821 3508 877 alterius

1919 906 2439 975 contemplationem
2492 909 2713 964 vincere
2767 909 2986 976 studet,
3054 911 3146 965 ille
3201 911 3504 966 secundum

1918 997 2222 1068 gnosticam
2254 1001 2774 1070 contemplationem
2812 1003 3040 1058 alterius
3083 1003 3355 1058 actionem
3402 1019 3504 1058 an-

1921 1097 2194 1144 tevertere
2240 1102 2518 1160 prOperat.
2548 1090 2901 1150 Concurrunt
2943 1109 3076 1150 vero
3117 1095 3222 1150 sibi
3268 1095 3502 1150 invicem

1921 1179 2224 1234 secundum
2277 1182 2733 1251 propositionem,
2778 1184 2909 1239 dum
2957 1195 3192 1256 uterque
3234 1201 3303 1240 ex
3343 1199 3504 1254 aequo

1919 1267 2065 1322 circa
2095 1269 2383 1338 proprium
2419 1270 2629 1326 bonum
2669 1271 2818 1329 felici
2866 1290 3050 1330 rerum
3086 1290 3344 1332 successu
3391 1274 3504 1330 uti-

1919 1363 2027 1411 tur.

2239 1537 2425 1594 Altera
2460 1542 2516 1593 in
2557 1541 2761 1594 eosdem
2795 1541 3185 1612 contemplatio.

1995 1650 2190 1705 Petrus
2214 1667 2347 1706 vero
2365 1635 2567 1708 rursus
2595 1663 2698 1718 est,
2731 1664 2788 1710 et
2827 1656 3088 1721 Joannes,
3120 1657 3300 1713 omnis
3339 1656 3508 1712 homo

231 1744 452 1816 θρωπος
501 1739 621 1814 Θεῷ
678 1733 1001 1812 πλησιάζειν
1059 1741 1381 1810 ἠξιωμένος,
1438 1738 1533 1790 καὶ
1593 1737 1654 1789 τὸ
1717 1737 1814 1806 μὲν

1932 1740 2014 1809 ιιιί
2045 1741 2159 1795 Deo
2186 1741 2634 1813 appropinquare
2682 1747 2904 1809 meruit,
2948 1747 3155 1816 quique
3201 1749 3506 1818 practicum

231 1833 540 1906 πρακτικὸν
566 1835 666 1905 τῆς
687 1832 870 1904 ψυχῆς
890 1829 1000 1886 οἷόν
1030 1848 1154 1886 τινα
1185 1831 1414 1901 Πέτρον,
1433 1829 1494 1882 τὸ
1522 1829 1578 1881 δὲ
1612 1827 1818 1899 θεωρη-

229 1931 382 1981 τικδν
405 1919 517 1980 οἷόν
533 1943 656 1980 τινα
707 1925 982 1996 Ἰωάννην,
1027 1923 1279 1994 ἀλλήλοις
1331 1923 1474 1976 κατὰ
1523 1922 1615 1975 τὸν
1663 1920 1820 1988 λόγον

231 2009 374 2088 ἔχων
402 2017 786 2090 συντρέχοντα,
811 2016 934 2088 δίχα
963 2017 1065 2087 τῆς
1099 2015 1330 2087 θατέρου
1371 2015 1511 2086 πρὸς
1545 2013 1605 2066 τὺ
1633 2014 1820 2084 ἕτερον

229 2107 542 2178 ὑπερϐολῆς
609 2107 705 2160 καὶ
778 2107 1074 2176 ἐλλείψεως
1098 2125 1113 2138 ο
1175 2105 1271 2160 καὶ
1335 2104 1500 2160 πάλιν
1567 2102 1821 2174 ἀλλήλοις

229 2197 376 2252 κατὰ
422 2198 521 2270 τὴν
563 2197 822 2269 πρόθεσιν
865 2197 1250 2268 ἀντιτρέχοντα
1301 2195 1380 2267 τῷ
1431 2195 1560 2266 περὶ
1627 2195 1818 2248 ἑκάτε-

234 2304 327 2358 ρον
375 2288 532 2359 ἄκρῳ
589 2288 1073 2361 παραδραμεῖσθαι
1135 2287 1364 2358 θάτερον
1424 2286 1530 2340 ὑπὸ
1583 2285 1814 2355 θατέρου

228 2380 531 2452 νομίζεται.

241 2557 345 2612 Ἐκ
375 2556 484 2612 τοῦ
525 2556 734 2623 αὐτοῦ,
781 2558 869 2623 εις
921 2554 1020 2610 et"
1055 2554 1220 2610 «Κᾶν
1269 2555 1348 2622 ὡς
1399 2552 1601 2624 Θωμᾶς
1665 2554 1816 2608 ἀπο-

299 2646 555 2718 ⁵ιιινιςοθῇς
620 2646 742 2703 τῶν
781 2644 1065 2717 μαθητῶν
1115 2643 1205 2714 οἷς
1260 2645 1516 2714 Χριστὸς
1571 2644 1818 2714 ἐμφανι-

303 2738 478 2806 (erat,
556 2737 704 2793 ὅταν
778 2738 914 2807 ἴδῃς
946 2779 962 2804 ,
1047 2737 1134 2806 μὴ
1232 2735 1599 2802 ἀπιστήσῃς.
1688 2733 1818 2788 Κᾶν

301 2828 672 2898 ἀπιστήσῃς,
730 2827 858 2892 τοῖς
905 2827 1158 2898 λέγουσι
1215 2828 1572 2882 πίστευσον.
1629 2829 1698 2880 El
1748 2825 1818 2878 δὲ

297 2921 387 2990 μὴ
449 2921 704 2986 τούτοις,
755 2921 880 2988 τοῖς
938 2921 1154 2986 τύποις·
1203 2917 1324 2973 τῶν
1380 2917 1550 2985 ἥλων
1597 2915 1820 2970 πιστώ-

303 3016 434 3082 θητι
457 3011 592 3083 (54).
623 3031 642 3064 ι

1921 1828 2118 1882 animae
2164 1829 2408 1904 studium
2456 1832 2524 1886 ad
2572 1834 2722 1888 Petri
2776 1834 2968 1900 instar,
3020 1838 3507 1908 contemplativum

1920 1934 2054 1974 vero
2079 1919 2146 1974 ad
2173 1920 2398 1977 Joannis
2428 1923 2624 1989 instar,
2659 1925 2890 1980 invicem
2917 1927 3023 1981 sibi
3051 1929 3352 1983 secundum
3386 1945 3506 1985 ser-

1922 2025 2142 2064 monem
2197 2015 2581 2070 concurrentia
2633 2016 2834 2082 habet,
2904 2019 3058 2073 nullo
3110 2019 3340 2075 alterius
3393 2036 3510 2091 pra:

1922 2099 2094 2154 altero
2132 2115 2362 2158 excessu
2407 2113 2502 2158 aut
2555 2104 2794 2161 defectu.
2843 2109 3022 2178 Atque
3069 2125 3261 2165 rursus
3313 2111 3507 2166 eadem

1923 2191 2028 2246 sibi
2063 2191 2300 2247 invicem
2347 2194 2652 2249 secundum
2686 2197 3120 2266 propositionem
3159 2201 3508 2256 occurrentia

1921 2283 2248 2349 creduntur,
2289 2299 2414 2342 cum
2457 2297 2689 2357 uterque
2723 2299 3020 2360 utrumque
3053 2305 3150 2346 sua
3193 2300 3510 2347 antevertat

1920 2375 2264 2432 excellentia.
2346 2383 2354 2388 '

1923 2554 2008 2609 Ea:
2037 2553 2236 2618 eodem,
2270 2555 2326 2608 in
2353 2552 2490 2608 illud
2513 2571 2530 2608 :
2561 2573 2580 2605 ι
2609 2553 2760 2620 Quod
2789 2559 2836 2611 si
2865 2557 3072 2613 Thamar
3102 2561 3274 2614 instar
3300 2579 3332 2616 a
3373 2567 3508 2616 coetu

1993 2645 2390 2718 discipulorum,
2425 2647 2608 2714 quibus
2653 2651 2905 2718 apparuit
2951 2649 3214 2713 Christus,
3249 2652 3504 2722 abfueris,

1993 2748 2338 2809 posteaquam
2367 2738 2578 2794 videris.
2613 2755 2678 2792 ne
2717 2741 2794 2792 rei
2822 2738 2980 2807 ﬁdem
3013 2741 3249 2812 abroges.
3283 2741 3436 2807 Quod
3459 2742 3510 2799 εἰ

1993 2824 2050 2877 id
2077 2823 2168 2878 tibi
2193 2823 2353 2892 ﬁdem
2393 2841 2499 2878 non
2545 2825 2692 2896 facit,
2725 2828 3068 2883 narrantibus
3094 2829 3286 2884 saltem
3329 2831 3503 2886 crede.

1989 2915 2048 2972 Si
2076 2933 2142 2970 ne
2180 2918 2261 2971 his
2296 2919 2527 2988 quidem,
2558 2928 2616 2973 at
2655 2929 2793 2974 certe
2839 2919 3112 2976 clavorum
3140 2923 3504 2994 imprecationi-

1991 3009 2084 3063 bus
2107 3009 2267 3078 ﬁdem
2293 3010 2425 3064 habe
2455 3013 2499 3066 ί.
2541 3030 2560 3062 ι

301 3123 503 3196 Θωμᾶς
551 3121 914 3202 ἑρμηνεύεται
963 3119 1234 3191 δίδυμος,
1287 3121 1316 3174 ὃ
1353 3120 1469 3173 ἐστι
1517 3116 1816 3188 δισταγμὸς

1990 3123 2230 3179 Thomas
2274 3124 2579 3194 explicatur
2621 3127 2879 3197 geminus,
2915 3125 3064 3198 quod
3115 3136 3200 3184 est
3219 3128 3504 3186 dubitatio

229 3217 267 3289 ῆ
293 3216 560 3282 διστάζων
587 3220 700 3282 τοῖς
733 3219 1040 3287 λογισμοῖς,
1067 3217 1164 3269 καὶ
1207 3215 1298 3269 διὰ
1323 3215 1484 3268 τοῦτο
1515 3216 1686 3285 χωρὶς
1718 3214 1818 3283 τῆς

229 3309 342 3364 τῶν
372 3309 560 3362 τύπων
604 3309 716 3362 τῶν
763 3309 911 3380 ἥλων
949 3307 1320 3378 ψηλαφήσεως
1357 3305 1494 3376 μηδὲ
1545 3302 1818 3356 πιστεύων

229 3401 516 3471 γεγονέναι
545 3399 638 3453 τοῦ
665 3400 840 3468 Λόγου
869 3400 966 3470 τὴν
997 3399 1316 3453 ἀνάστασιν.
1350 3397 1551 3465 Θωμᾶς
1579 3391 1671 3450 οὖν
1702 3396 1819 3446 ἐστι

231 3497 344 3559 πᾶς
373 3492 718 3555 διστακτικδς
768 3491 1055 3562 ἅνθρωπος
1098 3491 1198 3561 τὴν
1225 3489 1320 3542 τοῦ
1363 3491 1420 3542 ὲν
1462 3487 1612 3558 αὐτῷ
1643 3487 1818 3554 Λόγου

230 3587 335 3658 τῆς
364 3587 568 3658 ἀρετῆς
637 3585 732 3638 καὶ
783 3585 884 3657 τῆς
921 3582 1176 3653 γνώσεως
1219 3581 1404 3653 (252
1451 3581 1505 3650 a)
1573 3580 1818 3650 γίνεσθαι

231 3680 512 3744 δυσκόλως
569 3677 841 3732 πιστεύων
899 3676 1228 3738 ἀνάστασιν,
1297 3676 1480 3728 ὅντινα
1541 3673 1702 3742 μόνον
1762 3673 1818 3726 αἱ

237 3771 450 3843 μνῆμαι
503 3770 610 3826 τῶν
659 3768 1072 3841 προγεγονότων
1120 3766 1553 3837 ἁμαρτημάτων,
1595 3763 1820 3828 ἀπαθῶς

232 3859 577 3932 τυπούμεναι
625 3859 768 3914 κατὰ
815 3858 1077 3923 διάνοιαν,
1134 3855 1382 3909 πείθουσι
1435 3855 1529 3908 τοῦ
1572 3855 1630 3908 ὲν
1669 3853 1820 3924 αὐτῷ

236 3952 386 4006 θείου
419 3953 596 4020 Λόγου
633 3950 893 4017 δέξασθαι
943 3949 1042 4020 τὴν
1073 3948 1394 4014 ἀνάστασιν,
1433 3948 1530 4002 καὶ
1556 3945 1823 4018 ὁμολογῆ-

237 4063 331 4099 σαι
375 4045 536 4098 αὐτὸν
598 4043 804 4114 Κύριον
853 4043 949 4097 καὶ
997 4041 1130 4096 Θεόν
1161 4057 1175 4071 ·
1203 4042 1410 4113 Κύριον
1453 4039 1553 4110 μὲν
1599 4040 1674 4104 ὼς
1719 4039 1822 4110 τῆς

239 4137 386 4192 κατά
413 4137 614 4208 πρᾶξιν
657 4137 996 4206 τελειότητος
1026 4134 1346 4206 νομοθέτην,
1377 4133 1510 4187 Θεὸν
1531 4132 1589 4186 δὲ
1617 4133 1692 4196 ὡς
1720 4132 1823 4203 τῆς

237 4229 377 4280 κατά
399 4228 499 4298 τὴν
517 4228 749 4298 θεωρίαν
775 4227 1074 4290 παντελοῦς
1102 4225 1490 4298 μυσταγωγίας
1514 4225 1819 4298 ὑφηγητήν.

253 4317 498 4387 Ἀπαθὴς
549 4318 606 4371 δὲ
648 4320 840 4390 μνήμη
879 4318 997 4372 ἐστὶ
1044 4317 1154 4372 τῶν
1200 4317 1694 4390 προγεγενημένων
1729 4316 1824 4370 τύ·

1918 3216 2005 3270 vel
2035 3215 2295 3270 dubitans
2322 3224 2526 3281 mente,
2557 3227 2614 3271 et
2647 3227 2936 3287 propterea
2965 3219 3244 3273 clavorum
3271 3220 3503 3291 impres-
3536 3281 3561 3307 τ

1919 3306 2170 3362 sionibus
2203 3321 2313 3360 non
2349 3309 2705 3364 contrectatis
2733 3325 2839 3364 nec
2881 3311 3249 3366 resurrexisse
3285 3311 3506 3370 Sermo-

1918 3413 2046 3452 nem
2079 3398 2330 3454 credens.
2383 3400 2620 3456 Thomas
2664 3401 2834 3471 igitur
2881 3413 2968 3458 est
3011 3404 3190 3460 omnis
3233 3405 3401 3461 homo
3445 3407 3502 3460 in

1919 3488 2319 3545 dubitationem
2352 3491 2612 3560 proclivis
2641 3493 2738 3561 qui
2775 3491 3057 3549 Sermonis
3084 3494 3305 3550 virtutis
3337 3503 3504 3565 atque

1919 3579 2252 3651 cognitionis
2291 3597 2453 3650 quem
2505 3583 2561 3636 in
2613 3584 2912 3653 semetipso
2957 3585 3124 3641 habet
3165 3587 3312 3642 haud
3341 3587 3504 3643 facile

1919 3670 2099 3726 credit
2132 3671 2376 3726 futuram
2419 3687 2541 3727 esse
2587 3674 3072 3742 resurrectionem,
3108 3677 3197 3731 cui
3245 3685 3501 3747 peccato-

1921 3780 2043 3819 rum
2066 3766 2244 3820 solum
2269 3772 2430 3820 antea
2453 3765 2722 3822 factorum
2751 3775 3128 3834 monumenta,
3155 3769 3273 3825 sine
3301 3757 3502 3825 aﬂ'ectu

1922 3853 1980 3908 in
2029 3862 2212 3910 mente
2255 3853 2558 3925 impressa,_
2577 3855 2750 3910 divini
2784 3856 2842 3910 in
2880 3857 3179 3928 semetipso
3222 3859 3504 3914 Sermonis

1921 3947 2399 4003 resuscitationem
2428 3948 2817 4005 futuramesse
2843 3949 3176 4020 persuadent
3206 3959 3264 4005 ut
3291 3951 3501 4018 credat,

1922 4048 2088 4111 atque
2134 4050 2194 4096 ut
2244 4055 2371 4096 eum
2419 4041 2713 4096 Dominum
2746 4030 2824 4098 'ac
2868 4043 3038 4097 Deum
3085 4057 3207 4098 esse
3235 4043 3501 4113 accipiat;

1921 4133 2217 4189 Dominum
2248 4133 2474 4202 quidem
2504 4140 2566 4187 ut
2591 4133 2866 4204 practice,
2898 4149 3062 4204 quam
3089 4133 3348 4200 dicimus,
3376 4151 3504 4205 per-

1923 4225 2180 4280 lectionis
2220 4225 2615 4296 legislatorem,
2659 4226 2830 4281 Deum
2877 4241 3012 4280 vero
3063 4233 3125 4280 ut
3169 4227 3506 4298 contempla-

1925 4317 2051 4372 tivaa
2082 4333 2146 4372 ac
2185 4317 2361 4387 plena:
2393 4315 2718 4375 initiationis
2758 4315 3136 4372 deductorem.
3185 4317 3508 4374 Monumen-

244 4423 423 4476 πωσις
451 4409 485 4476 ἡ
516 4409 687 4477 χωρὶς
731 4407 928 4478 ἡδονῆς
970 4407 1067 4462 καὶ
1096 4406 1273 4478 λύπης
1317 4408 1446 4478 περὶ
1484 4407 1684 4478 πρᾶξιν
1731 4407 1818 4460 καὶ

1932 4417 2042 4462 tum
2070 4423 2203 4463 vero
2226 4407 2424 4462 affectu
2453 4421 2650 4462 carens
2668 4415 2754 4462 est
2776 4416 2903 4462 ante
2925 4407 3194 4461 factorum
3219 4406 3507 4477 impressio

242 4498 418 4566 Λόγον
440 4497 765 4570 ἐγγινομένη
799 4501 864 4570 τῇ
909 4499 1054 4570 ψυχῇ
1097 4499 1228 4570 περὶ⁸
1269 4497 1376 4552 τῶν
1408 4498 1550 4554 ἰδίων
1579 4499 1755 4570 ἔργων
1785 4501 1819 4570 ἢ

242 4589 534 4659 νοημάτων
555 4589 868 4658 διάγνωσις,
897 4589 1122 4657 τύπους,
1147 4589 1262 4643 ἀλλ’
1291 4589 1352 4643 οὐ
1375 4590 1602 4660 τρήσεις
1625 4590 1822 4662 ἔχουσα

241 4680 349 4734 τῶν
364 4681 698 4753 τραυμάτων
743 4681 832 4736 διά
847 4681 943 4754 τὴν
975 4680 1343 4757 ἐγγενομένην
1389 4681 1660 4737 ἀπάθειαν
1695 4701 1822 4736 συν-

243 4773 613 4828 ουλωθέντων.

605 5048 782 5104 Ἄλλο
803 5049 1071 5118 θεώρημα
1091 5053 1180 5116 εις
1214 5050 1279 5103 τὸ
1304 5050 1470 5102 αὑτό.

321 5162 391 5216 Ἦ
447 5161 610 5215 πάλιν
655 5157 772 5235 ἧλοι
802 5163 1161 5234 τυγχάνουσιν
1193 5164 1241 5218 ol
1281 5164 1423 5218 κατὰ
1450 5159 1548 5236 τὴν
1592 5179 1821 5238 πρακτι-

1927 4498 2074 4568 quod
2121 4498 2294 4553 menti
2330 4498 2450 4554 sine
2494 4497 2777 4568 voluptate
2811 4513 2875 4552 ac
2911 4496 3104 4552 dolore
3141 4496 3290 4552 circa
3335 4497 3510 4554 actio-

1925 4604 2052 4644 nem
2083 4587 2488 4662 etﬁermonem
2511 4587 3080 4658 insidetpropriorum
3112 4586 3380 4642 factorum
3414 4595 3510 4641 aut

1927 4683 2290 4755 cogitatorum
2315 4684 2610 4756 judicium,
2639 4683 3051 4755 impressiones,
3075 4693 3132 4738 at
3168 4698 3280 4738 non
3327 4681 3510 4754 perfo-

1931 4776 2173 4831 rationes
2205 4776 2494 4830 vulnerum
2543 4775 2773 4841 habens,
2804 4791 2926 4846 qua:
2957 4781 3186 4846 prOpter
3213 4775 3510 4831 aﬁ‘ectuum

1930 4867 2230 4922 absentiam
2267 4867 2322 4922 in
2353 4866 2640 4922 cicatrices
2665 4867 2970 4924 coivcrunt.

2319 5049 2444 5103 Alia
2471 5050 2527 5102 in
2555 5051 2693 5103 idem
2718 5051 3113 5122 contemplatio.

2002 5166 2100 5222 Vel
2143 5179 2336 5220 rursus
2370 5163 2511 5219 clavi
2548 5172 2678 5219 sunt
2707 5165 2978 5222 virtutum
3031 5167 3336 5222 secundum
3380 5182 3510 5237 pra-

245 5252 351 5324 κὴν
377 5251 698 5320 φιλοσοφίαν
740 5254 930 5322 τρόποι
973 5253 1080 5306 τῶν
1127 5253 1360 5326 ἀρετῶν,
1397 5255 1818 5326 προσηλωμένηι

1932 5258 2128 5313 cticam
2187 5255 2598 5326 philosophiam
2655 5258 2828 5321 modi,
2877 5259 3074 5313 animae
3126 5258 3386 5314 aﬂ‘ectum
3443 5257 3516 5314 ti-

247 5342 392 5413 μετὰ
422 5343 590 5396 πόνου
638 5343 716 5412 τῷ
755 5344 886 5415 θείῳ
937 5344 1087 5414 φόϐῳ
1131 5345 1463 5416 κρατοῦντες
1506 5348 1613 5416 τῆς
1651 5349 1828 5417 ψυχῆς

323 5502 344 5542 ι
371 5502 530 5558 Joan.
557 5515 646 5562 xx,
676 5501 744 5558 25
769 5517 850 5571 sq.

1933 5350 2104 5404 moris
2157 5342 2254 5403 Dei
2298 5349 2470 5404 clavis
2533 5348 2752 5404 aiiixum
2819 5367 2942 5406 cum
3002 5352 3190 5407 labore
3238 5359 3511 5418 tenentes,

321 5640 437 5714 (54)
462 5639 610 5695 Idem
635 5639 781 5706 ibid.,
806 5655 923 5708 cap.
956 5637 1044 5703 2i,
1078 5654 1128 5707 p.
1167 5637 1290 5701 864,
1329 5646 1458 5690 tom.
1489 5638 1507 5692 Ι
1534 5637 1671 5708 Opp.
1705 5639 1794 5693 od.
1837 5638 2038 5696 Bcned.
