3938 6148
460 272 631 336 “1387
1624 264 1687 323 S.
1722 262 2010 323 ΜΑΧΙΜῙ

2182 263 2561 325 iFESSORIS
3682 257 3783 323 1'53

490 393 547 440 et
568 384 728 437 Pater
760 389 1018 451 tanquam
1077 393 1232 432 mens
1274 375 1556 446 cogitavit,
1622 381 1678 429 et
1728 374 1901 428 Filius
1931 384 2049 428 tan-

2182 375 2264 446 ῖὴρ
2326 370 2414 429 οἶα
2444 374 2569 433 νοῦς
2609 375 2895 445 ἐνενόησε,
2956 377 3051 430 καὶ
3081 378 3111 431 ό
3151 375 3298 438 Υἱὸς
3350 368 3457 426 οἷα
3493 369 3661 436 λόγος
3696 373 3786 436 ξίν.-

490 490 653 544 quam
689 486 869 526 sermo
908 476 1165 539 operatus
1190 476 1294 532 est,
1324 475 1382 521 et
1411 466 1650 535 Spiritus
1695 475 1915 519 sanctus
1940 480 2049 535 per

2182 467 2495 538 fstobpmas,
2540 468 2633 521 καὶ
2689 468 2750 521 τὸ
2809 468 3034 539 Πνεῦμα
3105 468 3173 521 τὸ
3242 466 3433 535 ἅγιον
3507 462 3788 517 ἐτελείωσε.

489 558 637 613 fecit.
666 557 844 627 Atque
873 572 1064 611 rursus
1086 554 1320 611 visibilis
1345 555 1517 608 solius
1556 561 1765 607 natura:
1795 568 1858 608 ac
1889 553 2049 608 solius

2182 555 2376 626 [253
2407 554 2473 625 b)
2510 556 2616 609 Καὶ
2642 556 2800 618 αὖθις
2830 558 2929 625 τῆς
2987 556 3276 625 αἰσθητῆς
3334 554 3539 624 μόνης
3573 552 3789 621 ςὺεεωςτ

488 648 734 703 hominis
757 664 822 702 ex
847 663 1080 718 corpore
1121 655 1176 702 et
1204 646 1384 700 anima
1436 644 1760 707 constantis,
1789 652 1845 697 et
1888 644 2049 698 solius

2182 648 2258 701 ιαὶ
2309 647 2469 716 μόνου
2550 646 2643 700 τοῦ
2700 646 2986 717 ἀνθρώπου
3062 647 3163 700 τοῦ
3237 650 3314 699 ὲκ
3390 644 3599 714 ψυχῆς
3673 643 3793 705 εντκ

487 755 678 794 rursus
737 740 935 794 animae
994 755 1159 808 quam
1209 754 1307 808 per
1361 737 1596 807 seipsam
1657 735 2049 805 contemplatu:

2182 738 2259 791 (αἱ
2311 736 2582 807 σώματος,
2632 738 2725 791 καὶ
2780 738 2947 808 μόνης
2999 738 3070 792 αὖ
3112 738 3220 807 τῆς
3273 735 3494 807 ψυχῆς
3543 733 3672 786 καθ’
3695 735 3794 785 ἐαυ-

488 846 691 893 sermo,
741 831 921 900 imago
954 830 1367 903 tabernaculum
1411 835 1514 890 est,
1547 836 1853 898 spectatum
1905 827 2049 881 vide-

2182 828 2265 899 τὴν
2328 828 2404 894 τῷ
2451 829 2591 897 λόγῳ
2639 828 3045 900 θεωρουμένης,
3092 829 3259 881 ἐστὶν
3314 825 3513 880 εἰκὼν
3542 826 3582 894 ἡ
3622 825 3793 892 σκηνὴ,

486 922 617 976 licet
642 921 943 977 secundum
976 921 1245 977 rationem
1287 919 1588 989 unicuique
1615 918 2049 973 convenientem.

2182 917 2311 970 (ατὰ
2361 918 2452 971 τὸν
2512 917 2733 988 ἑκάστῳ
2798 919 3076 988 πρέποντα
3130 917 3362 988 δηλαδὴ
3448 914 3794 985 θεωρῦυμένη

2169 1010 2346 1079 λόγον.

2181 1191 2275 1244 Ἐκ
2309 1190 2413 1244 τοῦ
2444 1191 2630 1244 αὐτοῦ
2658 1191 2866 1259 ⁸λόγου,
2891 1193 2978 1256 εὶς
3002 1191 3089 1244 τόο
3134 1208 3153 1240 ι
3177 1187 3655 1258 Ἐγκαινίζεται
3681 1186 3792 1255 ὃέή

2231 1281 2526 1343 ,βασιλεία
2550 1279 2730 1333 Δαόὶδ
2751 1320 2766 1344 ,
2791 1280 2888 1333 καὶ
2921 1281 3033 1349 οὐχ
3072 1279 3265 1343 ἅπαξ,
3308 1279 3504 1332 ἀλλὰ
3561 1278 3791 1346 χριομέ-

2234 1388 2345 1424 νου
2371 1370 2438 1424 τὸ
2470 1372 2784 1439 πρότερον,
2815 1372 2914 1425 καὶ
2945 1360 3514 1441 ἀναγορευομέἰιου
3561 1369 3635 1422 τὸ
3668 1368 3785 1422 δεύ-

2232 1478 2407 1530 τερον
2437 1461 2570 1533 (58).
2610 1480 2629 1514 υ

553 1570 678 1626 Pari
701 1570 864 1626 modo
881 1585 1138 1642 magnum
1165 1569 1425 1624 Ilavidem
1452 1585 1670 1640 quoque
1728 1569 2049 1640 prOphetam

2244 1570 2485 1641 Ὁμοίως
2518 1571 2614 1625 καί⁵
2651 1571 2745 1625 τὸν
2779 1570 2953 1643 μέγαν
2981 1571 3147 1625 Δαϐὶδ
3190 1572 3286 1625 τὸν
3339 1572 3677 1642 προφήτην
3703 1570 3788 1622 καὶ

470 1672 652 1733 atque
685 1679 889 1732 regem,
916 1670 1148 1732 augusto
1179 1661 1485 1731 spiritualis
1511 1676 1706 1715 sensus
1743 1676 1807 1714 ac
1839 1661 2049 1732 mystici

2182 1659 2389 1714 ιασιλὲα
2412 1699 2427 1725 ,
2456 1661 2796 1732 πολύσεμνον
2838 1661 3031 1730 ἔχοντα
3063 1661 3156 1715 τὸν
3192 1662 3285 1714 ἐπ’
3322 1663 3500 1731 αὐτῷ
3537 1662 3653 1730 τῆς
3699 1663 3787 1714 ἁν-

483 1755 703 1809 nomine
754 1765 1029 1816 ornatum,
1079 1768 1190 1823 quo
1241 1767 1368 1806 eum
1399 1753 1453 1805 in
1485 1752 1740 1821 praesenti
1774 1752 1895 1807 loco
1945 1768 2049 1807 ma-

2182 1752 2389 1821 ιγωγῆς
2432 1751 2614 1821 λόγον,
2664 1752 2789 1806 καθ’
2823 1752 2882 1805 ὃν
2917 1754 3008 1806 ἐπὶ
3057 1752 3151 1806 τοῦ
3201 1754 3503 1822 παρόντος
3561 1753 3785 1806 αὑτὸνό

484 1845 653 1916 gister
685 1843 1086 1913 contemplatus
1135 1852 1238 1909 est,
1265 1859 1366 1897 nos
1429 1835 1647 1913 quoque
1696 1843 2049 1913 accipiamus.

2182 1845 2481 1909 ῑιδάσκαλος
2508 1844 2807 1916 ἐθεώρησε,
2837 1849 2933 1899 καὶ
2975 1846 3137 1914 ἡμεῖς
3170 1844 3580 1912 ἑκδεξώμεθα.
3622 1846 3785 1899 Δαειδ

474 1935 653 1990 David
687 1934 853 2005 igitur
878 1934 1266 1989 intellectualis
1293 1943 1378 1989 est
1395 1950 1559 1989 verus
1588 1949 1685 1988 rex
1725 1934 1943 1990 lsraelis
1997 1943 2049 1989 et

2182 1933 2340 1987 :olvuv
2374 1935 2491 1987 ἐστὶ
2522 1934 2712 2002 νοητὸς
2745 1936 2773 1987 ό
2805 1934 3059 2003 ἀληθινὸς
3089 1934 3351 2004 βασιλεὺς
3382 1935 3493 1987 τοῦ
3544 1936 3772 2007 Ἰσραὴλ

482 2027 655 2081 Deum
679 2024 919 2081 videntis
938 2025 1101 2080 Jesus
1144 2024 1418 2090 Christus,
1465 2041 1567 2095 pro
1604 2025 1794 2095 priore
1830 2025 2049 2096 quidem

2182 2022 2257 2075 ta".
2304 2022 2537 2094 ὁρῶντος
2576 2024 2708 2077 Θεὸν
2750 2024 2962 2095 Ἰησοῦς
3002 2026 3274 2096 Χριστὸς,
3306 2026 3468 2079 κατὰ
3526 2028 3641 2097 μὲν
3683 2029 3779 2096 τὴν

483 2133 586 2173 suo
614 2117 857 2172 adventu
880 2117 1245 2172 humanitatis
1288 2117 1549 2188 opinione
1579 2121 1826 2184 unctus,
1864 2127 1924 2173 ut
1950 2118 2049 2173 do-

2182 2112 2376 2184 ερὼτην
2404 2114 2570 2168 αὑτοῦ
2596 2115 2935 2184 παρουσίαν,
2972 2118 3040 2185 τῇ
3074 2116 3289 2186 ἐπινοίᾳ
3318 2117 3426 2186 τῆς
3470 2118 3775 2188 aveat-mf-

483 2219 605 2267 ctor
632 2209 767 2264 alibi
786 2210 886 2276 ait,
908 2210 1314 2264 humanitatem
1354 2225 1572 2280 ungens
1603 2209 1834 2273 deitate,
1868 2221 1925 2264 et
1972 2210 2049 2265 fa-

2188 2221 2312 2274 ητος
2359 2205 2674 2276 χριόμενος,
2711 2206 2900 2277 ὥσπερ
2940 2207 3175 2277 ἀλλαχοῦ
3244 2224 3419 2277 φησιν
3442 2210 3477 2261 ὁ
3508 2209 3774 2263 διδασκα-

483 2303 638 2358 ciens
658 2301 810 2372 quod
869 2308 1211 2371 unguentum
1243 2319 1255 2354 :
1308 2315 1408 2370 pro
1435 2301 1612 2355 altero
1657 2316 1791 2355 vero
1818 2308 1873 2355 et
1913 2316 2049 2370 prae-

2185 2311 2276 2357 ος,
2338 2297 2534 2366 χρίσας
2585 2298 2685 2368 τὴν
2744 2298 3140 2369 ἀνθρωπότητα
3198 2302 3264 2369 τῇ
3330 2300 3601 2369 Θεότητι,
3681 2304 3772 2355 καὶ

483 2392 636 2447 claro
670 2392 937 2458 adventu,
983 2402 1047 2447 ut
1074 2394 1219 2448 Deus
1244 2405 1302 2448 et
1345 2393 1612 2447 Dominus
1652 2402 1818 2462 atque
1873 2393 2049 2447 omnis

2182 2382 2384 2451 ποιήσας
2412 2384 2636 2456 ὄπερ’τὸ
2662 2385 2877 2455 χρίσανο
2910 2388 3050 2439 κατὰ
3085 2388 3140 2440 δὲ
3164 2387 3261 2457 τὴν
3286 2387 3581 2460 δευτέραν
3606 2392 3769 2445 αὑτεῧ

482 2484 819 2541 conditionis
836 2500 934 2541 rex
954 2495 1009 2541 et
1032 2486 1307 2542 exsistens
1331 2495 1386 2541 et
1418 2485 1749 2556 appellatus.

2182 2473 2246 2524 at
2276 2472 2482 2538 ἔνδοξον
2536 2476 2876 2544 ἐπιφάνειαν,
2933 2478 3007 2540 ὡς
3068 2477 3199 2541 Θεὸς
3252 2479 3351 2531 καὶ
3412 2481 3648 2551 Κύριος
3680 2482 3770 2536 καὶ

2153 2565 2333 2633 πάσης
2385 2567 2610 2630 κτίσεως
2658 2568 2931 2636 βασιλεὺς,
2990 2571 3086 2623 καὶ
3139 2570 3405 2640 ὑπάρχων
3459 2574 3568 2627 καὶ
3642 2577 3767 2630 ἀνα·

2155 2656 2512 2727 γορευόμενος
2540 2658 2675 2730 (59).

2081 2770 2152 2783 ﬁ

486 1193 570 1248 Ex
601 1194 781 1248 eodem
809 1210 1070 1258 sermone,
1100 1195 1152 1247 in
1174 1194 1311 1247 illud
1352 1209 1369 1246 :
1415 1211 1433 1243 ι
1455 1191 1752 1245 Innovatur
1785 1202 1960 1246 autem
1989 1208 2063 1246 re-

553 1306 714 1359 gnum
736 1289 925 1352 David,
945 1260 1111 1359 neque
1132 1289 1187 1342 id
1207 1286 1392 1352 semel,
1410 1288 1503 1341 sed
1524 1289 1671 1356 prius
1695 1304 1813 1341 cum
1839 1302 2060 1357 ungere-

555 1390 663 1445 tur,
694 1397 755 1432 ac
775 1386 956 1448 postea
980 1395 1098 1432 eum
1127 1394 1219 1432 rex
1238 1376 1563 1432 salutaretur
1589 1387 1633 1431 ν.
1660 1396 1679 1429 ι

478 2829 548 2885 ιη
581 2836 898 2899 praesentem
926 2845 1220 2883 sermonem
1253 2841 1376 2884 sunt
1408 2833 1500 2902 qui
1532 2840 1776 2900 quwrunt
1805 2832 2053 2886 dicentes:

2164 2837 2267 2900 Εἰς
2297 2834 2402 2888 τὸν
2424 2838 2692 2903 παρόντα
2718 2839 2904 2909 λόγον
2927 2839 3090 2904 τινὲς
3127 2838 3443 2907 ἀποροῦσι
3481 2842 3765 2910 φάσκεν-

560 2940 578 2972 ι
605 2919 745 2983 Quid
766 2921 981 2973 tandem
1010 2921 1183 2974 dieens
1211 2924 1463 2991 magister
1498 2921 1897 2976 resurrectionis
1918 2924 2049 2978 diem

2233 2941 2351 2990 τες,
2375 2923 2476 2979 ιΤι
2495 2926 2718 2993 δήποτε
2742 2928 2943 2997 φήσας
2986 2932 3018 2983 ὁ
3056 2928 3442 2996 διδάσκαλος
3476 2936 3763 3002 ὑπερϐαί-

549 3021 813 3077 superare
834 3022 1013 3060 omnes
1031 3023 1189 3076 super
1210 3016 1413 3059 terram
1470 3008 1800 3076 festivitates,
1833 3025 1935 3061 non
1964 3026 2052 3064 so-

555 3097 665 3150 lum
683 3098 945 3150 humanas
967 3106 1015 3149 et
1049 3098 1105 3149 in
1135 3106 1279 3149 terra
1317 3096 1545 3165 futuras,
1571 3098 1663 3151 sed
1690 3099 1803 3164 iam
1822 3099 1903 3152 vel
1939 3116 2055 3171 qua:

552 3188 717 3257 ipsius
762 3187 957 3242 Christi
1013 3191 1122 3241 sint
1153 3199 1202 3242 et
1236 3190 1291 3242 in
1346 3188 1551 3243 Christo
1603 3202 2050 3258 consummentur,

551 3274 717 3329 veluti
751 3291 861 3330 sua:
902 3276 1066 3346 ipsius
1122 3276 1313 3330 oblitus
1366 3279 1660 3343 sententiae,
1703 3283 2054 3336 encamiorum

552 3367 692 3421 diem
722 3369 840 3422 huic
874 3370 1157 3438 praeponit,
1192 3369 1401 3423 dicens:
1451 3367 1714 3424 «Sublimi
1758 3371 2052 3437 sublimior,

548 3476 600 3521 et
629 3466 936 3521 admirabili
965 3467 1352 3533 admirabilior,
1373 3486 1393 3519 ι
1422 3466 1553 3520 adeo
1587 3474 1644 3521 ut
1665 3468 1786 3523 hinc
1821 3471 1919 3523 sibi
1954 3472 2054 3541 ipsi

541 3557 843 3612 adversarii
874 3554 1125 3629 magister
1149 3556 1315 3612 videri
1328 3560 1522 3629 possit.
1547 3585 1565 3611 ρ

554 3838 636 3893 Ad
685 3839 804 3894 haec
845 3839 1143 3895 dicendum
1197 3851 1303 3905 est,
1350 3843 1496 3913 quod
1544 3842 1662 3914 ipse
1697 3844 1957 3912 magister
1996 3845 2053 3899 in

483 3929 683 3985 eodem
711 3946 968 3986 sermone
998 3931 1307 4002 interiectis
1326 3934 1658 4004 quibusdam
1682 3934 1819 3989 dicit
1853 3953 1866 3988 :
1896 3936 2053 3990 «Non

481 4022 603 4076 vult
632 4036 815 4076 sermo
846 4029 905 4075 ut
935 4022 991 4075 in
1015 4022 1209 4076 eodem
1244 4038 1464 4093 semper
1491 4032 1635 4078 statu
1680 4040 1928 4090 maneas,
1955 4026 2052 4081 sed

479 4120 544 4167 ut
592 4118 862 4183 perpetuo
897 4127 962 4166 ac
992 4112 1258 4167 laudabili
1317 4122 1472 4168 motu
1517 4116 1763 4184 agiteris,
1801 4131 1865 4170 ac
1908 4133 2053 4172 nova

476 4217 709 4274 prorsus
763 4212 1020 4258 creatura
1084 4202 1225 4257 sis.»
1288 4203 1359 4258 Ut
1419 4205 1592 4274 igitur
1637 4205 1958 4261 innovatum
1990 4223 2049 4263 se

479 4292 601 4363 ipso
627 4292 1009 4347 sublimiorem
1038 4302 1205 4362 atque
1232 4293 1330 4347 Dei
1370 4294 1546 4364 magis
1590 4295 1827 4350 similem
1861 4298 2048 4366 proie-

479 4383 664 4439 ctibus
696 4384 764 4438 ad
793 4383 1054 4439 virtutem
1098 4392 1460 4455 expurgatum
1505 4385 1623 4441 ﬁeri
1656 4388 2050 4444 animadverti-

478 4487 624 4537 mus,
661 4473 741 4527 sic
759 4474 872 4545 jam
896 4488 1117 4527 omnem
1144 4488 1366 4542 quoque
1397 4490 1786 4546 quamcunque
1836 4479 2048 4549 cogita-

476 4577 604 4617 mus
666 4562 791 4617 festi
855 4563 1002 4617 diem
1051 4563 1108 4617 in
1161 4563 1326 4618 nobis
1369 4579 1433 4618 ac
1478 4582 1578 4635 per
1618 4580 1722 4620 nos
1750 4569 2049 4639 semetipsa

477 4652 858 4709 sublimiorem
880 4653 1240 4709 tiericredere
1259 4654 1548 4723 debemus,
1571 4673 1696 4712 cum
1722 4661 2046 4729 mysterium

475 4744 629 4814 quod
662 4760 762 4815 per
786 4761 907 4799 eam
934 4745 1279 4815 signiﬁcatur
1311 4749 1593 4817 prepriam
1622 4765 1778 4806 suam
1805 4751 1859 4804 in
1889 4753 2050 4807 nobis

476 4836 741 4891 virtutem
775 4836 842 4890 ad
871 4836 1268 4905 perfectionem
1306 4848 1449 4909 agat.
1482 4840 1650 4895 Recte
1674 4842 1847 4912 igitur
1871 4844 2048 4897 subli—

474 4924 549 4979 mi
577 4923 957 4979 sublimiorem
992 4940 1190 4980 novam
1216 4928 1480 4998 magister
1512 4928 1653 4984 dixit
1681 4931 2045 4996 Dominicam,

474 5015 738 5085 quoniam
764 5015 958 5071 eadem
1017 5030 1237 5086 semper
1279 5018 1573 5074 nobiscum
1618 5037 1728 5076 una
1769 5022 2047 5076 exaltetur

484 5119 656 5174 seque
699 5104 873 5173 ipsam
915 5106 1383 5176 transgrediatur.
1420 5109 1634 5179 Quippe
1672 5113 2045 5167 resurrectio-

473 5193 580 5256 nis,
619 5192 674 5246 id
696 5203 780 5247 est
808 5193 1007 5262 prima,
1041 5194 1326 5251 Dominica
1349 5199 1564 5253 occulte
1593 5214 1695 5269 per
1730 5214 1893 5255 suum
1929 5216 2046 5272 my-

544 5316 572 5343 '
605 5307 647 5361 ll
685 5307 817 5377 Reg.
852 5325 910 5373 ιι,
938 5312 997 5366 4.

436 5444 437 5447 η
469 5419 651 5544 ΒΕῈΞΞῘ
682 5423 833 5478 Idem
858 5425 1006 5491 ibid.,
1033 5440 1154 5496 cap.
1183 5423 1237 5489 2,
1271 5442 1323 5495 p.
1356 5426 1479 5494 8‘56,
1507 5436 1640 5482 tom.
1668 5428 1691 5483 ῐ
1737 5426 1874 5498 Opp.
1901 5430 2036 5485 edit.

540 5506 839 5638 ίὲξὶῒϐτθε.
868 5564 1001 5638 ptas.
1038 5563 1351 5638 0r.__Th_eol.
1408 5582 1478 5638 tv,
1528 5567 1591 5621 de
1616 5565 1769 5634 Filio,
1814 5583 1933 5638 cap.
1979 5570 2033 5635 5,

468 5639 524 5697 p.
553 5627 676 5693 5H,
707 5627 838 5684 toni.
868 5632 887 5686 l
914 5631 1051 5704 Opp.
1085 5634 1215 5689 edit.
1245 5635 1448 5690 Bened.

2226 3032 2357 3069 νειν
2394 3016 2509 3084 τὴν
2538 3018 2957 3087 ἀναστάσιμον
2989 3018 3219 3087 ἡμέραν
3259 3020 3483 3086 πάσας
3518 3026 3633 3091 τὰς
3666 3026 3760 3078 ἐπὶ

2227 3105 2339 3175 γῆς
2364 3106 2593 3173 ἑορτὰς,
2614 3110 2686 3161 οὺ
2704 3108 2808 3172 τὰς
2827 3108 3206 3176 ἀνθρωπικὰς
3217 3111 3428 3176 μόνον
3443 3114 3553 3165 καὶ
3583 3116 3760 3183 χαμαὶ

2224 3195 2570 3265 ἐρχομένης,
2596 3196 2735 3250 ἀλλ’
2765 3197 2879 3265 ἤδη
2910 3199 3006 3251 καὶ
3045 3199 3152 3263 τὰς
3198 3201 3400 3254 αὑτοῦ
3456 3203 3578 3257 τοῦ
3628 3208 3756 3273 Χρε-

2225 3288 2375 3340 στοῦ
2405 3289 2503 3340 καὶ
2532 3288 2625 3341 ἐπ’
2656 3287 2815 3353 αὐτῷ
2840 3289 3243 3358 τελουμένας,
3272 3291 3498 3362 ὥσπερ
3554 3298 3757 3351 exala-

2226 3380 2474 3446 θόμενος
2529 3379 2640 3447 τῆς
2688 3379 2840 3445 (diae
2874 3379 3264 3449 ἀποφάσεως,
3318 3384 3451 3453 τὴν
3492 3389 3625 3442 τῶν
3673 3391 3759 3459 ἐγ-

2226 3471 2476 3524 καινίων
2529 3470 2761 3540 ἡμέραν
2795 3473 3021 3539 ταύτης
3068 3476 3492 3542 ὑπερτίθησιν
3548 3481 3756 3533 statim

2114 3562 2125 3568 ’
2234 3580 2253 3613 ι
2305 3561 2580 3631 ’Υψηλῆς
2608 3562 2953 3631 ὑψηλοτέρα
2976 3564 3115 3628 ,καὶ
3139 3567 3505 3635 θαυμασίας
3534 3574 3756 3642 θαυμα-

2216 3653 2488 3720 σιωτέρα,
2514 3653 2594 3718 ὡς
2627 3653 2697 3705 ἐκ
2729 3652 2949 3705 τούτου
2981 3653 3363 3722 νομισθῆναι
3399 3658 3612 3726 ἐαυτῷ
3663 3679 3758 3717 xe-

2220 3743 2527 3811 ριπίπτειν
2550 3742 2655 3795 τὸν
2678 3741 3055 3797 διδάσκαλον
3080 3744 3219 3815 (60).
3244 3769 3264 3803 s

2224 3854 2368 3924 Πρὸς
2390 3855 2561 3908 ταῦτα
2586 3854 2828 3919 λεκτέον,
2853 3855 2929 3918 ὡς
2952 3856 3115 3919 αὐτὸς
3144 3858 3171 3909 ό
3200 3858 3555 3929 διδάσκαλος
3587 3842 3670 3921 ἐν-
3686 3840 3759 3937 τῷ

2154 3943 2302 4013 αὐτῷ
2324 3944 2467 4015 λόγῳ
2493 3942 2677 4014 (25ἧΙ
2702 3944 2754 4013 α)
2795 3945 2934 4015 μετά
2963 3945 3088 3998 τινά
3139 3963 3338 4016 φησιν·
3386 3972 3406 4004 ι
3440 3956 3522 4008 Οὐ
3574 3958 3753 4027 βούλε-

2152 4034 2242 4088 ταί
2274 4050 2332 4086 σε
2389 4035 2418 4086 ό
2472 4034 2630 4103 λόγος
2680 4033 2813 4086 ποτὲ
2861 4035 2918 4087 ὲν
2965 4035 3042 4106 τῷ
3083 4037 3234 4108 αὐτῷ
3276 4041 3503 4109 μένειν,
3524 4047 3645 4099 ἀλλ’
3674 4049 3750 4101 ἀεὶ

2156 4125 2375 4196 κινητὸν
2408 4120 2569 4190 εἶναι,
2604 4124 2913 4197 εὐκίνητον,
2940 4127 3159 4192 πάντως
3182 4131 3525 4190 νεόκτιστον
3559 4139 3693 4208 (61).
3726 4157 3745 4190 ο

2157 4215 2366 4286 ’Ὠσπερ
2397 4211 2491 4268 οὖν
2531 4214 2622 4268 τὸν
2664 4215 3113 4285 ὲγκαινιζόμενον
3156 4218 3520 4294 ὑψηλότερον
3560 4228 3748 4282 ἑαυτοῦ

2152 4305 2400 4374 γίνεσθαι
2435 4305 2528 4358 καὶ
2558 4302 2953 4373 Θεοειδέστερον
2985 4308 3107 4367 ταῖς
3137 4309 3219 4372 είς
3266 4311 3487 4383 ἀρετὴν
3544 4335 3739 4388 upon.

2158 4396 2284 4457 παῖς
2333 4394 2762 4464 φαιδρυνόμενον
2816 4394 3195 4468 γινώσκομεν,
3229 4400 3386 4456 οὕτω
3425 4404 3496 4476 δὴ
3530 4410 3627 4460 καὶ
3650 4411 3744 4461 πᾶ-

2156 4499 2258 4537 σαν
2283 4483 2351 4536 δι’
2385 4485 2535 4553 ἡμᾶς
2575 4482 2956 4552 ἐπινοηθεῖσαν
3010 4486 3213 4557 ἑορτῆς
3256 4491 3494 4562 ἡμέραν
3539 4498 3599 4549 ὲν
3628 4499 3743 4566 ἡμῖν

2155 4571 2247 4623 καὶ
2277 4570 2344 4623 δι’
2378 4571 2536 4641 ἡμῶν
2564 4572 2764 4642 ἑαυτῆς
2791 4572 3135 4644 ὑψηλοτέραν
3179 4577 3443 4644 γίνεσθαι
3475 4585 3740 4638 πιστεύειν

2155 4664 2302 4734 ἡμᾶς
2347 4662 2473 4732 χρὴ,
2507 4663 2601 4716 τοῦ
2651 4664 2720 4717 δι’
2747 4665 2918 4733 αὐτῆς
2965 4670 3382 4742 σημαινομένου
3449 4678 3736 4746 μυστηρέου

2148 4754 2248 4823 τὴν
2274 4753 2481 4806 οἰκείαν
2502 4753 2734 4824 δύναμιν
2759 4756 2817 4807 ὲν
2851 4757 2981 4826 ἡμῖν
3006 4758 3148 4826 πρὸς
3180 4763 3482 4818 τελείωσιν
3503 4767 3733 4834 ἄγοντος.

2153 4845 2391 4907 Εἰκότως
2424 4840 2520 4898 οὖν
2557 4843 2769 4914 ὑψηλῆς
2796 4844 3145 4918 ὑψηλοτέραν
3172 4851 3276 4920 τὴν
3313 4857 3522 4927 καινὴν
3548 4863 3577 4912 ὁ
3608 4859 3733 4912 Bibi-

2149 4935 2343 4998 σκαλος
2374 4934 2478 5005 ἔφη
2515 4935 2819 5007 Κυριακὴν,
2854 4936 2928 4999 ὠς
2956 4937 3042 4989 ἀεὶ
3069 4939 3174 5008 τῆς
3222 4943 3411 5014 αὐτῆς
3441 4951 3577 5018 ἡμῖν
3622 4966 3734 5002 συν-

2151 5027 2487 5097 υψουμένης,
2518 5027 2615 5080 καὶ
2678 5027 2878 5098 ἑαυτὴν
2927 5028 3393 5107 ὁπερϐαινοὺσης
3424 5053 3439 5069 ·
3504 5037 3593 5094 οἷα
3642 5043 3729 5111 τῆς

2147 5116 2522 5181 ἀναστάσεως,
2553 5116 2698 5185 λέγω
2728 5117 2785 5171 δὲ
2824 5119 2927 5188 τῆς
2976 5119 3213 5194 πρώτης
3260 5128 3587 5202 Κυριακῆς,
3617 5152 3732 5204 χρυ.

2149 5205 2287 5274 φίως
2321 5205 2407 5260 διὰ
2431 5207 2527 5261 τοῦ
2555 5209 2674 5262 κατ’
2697 5207 2869 5280 αὐτὴν
2901 5213 3214 5283 μυστηρίου
3249 5219 3447 5292 πάσης
3478 5225 3730 5296 προσὺλου

2362 5437 2525 5527 G-reg.
2556 5441 2718 5527 ‘Iiaz.
2760 5441 3093 5527 Or..._in_lVov.
3112 5445 3517 5527 ‘Domim'cam,
3552 5472 3665 5527 cap.
3685 5457 3727 5517 5,

2145 5519 2197 5573 p.
2227 5506 2371 5580 11358,,
2393 5506 2522 5580 tom.
2556 5510 2575 5563 1
2603 5510 2739 5580 Opp.
2774 5512 2907 5565 edit.
2944 5513 3152 5569 Bened.

2217 5575 2506 5699 Eglildem
2535 5575 2829 5652 ibidI,'cap.
2860 5583 2912 5645 8,
2943 5597 3000 5651 p.
3026 5584 3159 5651 840,
3196 5600 3346 5646 tom.
3407 5595 3429 5650 Ι
3478 5595 3617 5669 Opp.
3654 5596 3712 5651 ed

2140 5642 2285 5699 Bene
