3938 6148
609 368 762 435 1391
814 430 823 441 .

3014 303 3105 311 οπο-ο

1790 368 1850 427 S.
1891 364 2176 426 ΜΑΧΙΜΙ

2299 363 2745 429 ιΝιθΕδδοΡιΙε.
3546 366 3551 371 ”
3708 379 3781 444 1:92

618 484 735 539 Sed
772 479 993 551 quando
1041 484 1101 533 ut
1149 477 1372 550 requies
1423 478 1601 534 solum
1649 485 1955 548 spectatur,
2004 475 2090 530 vel
2122 474 2201 528 sic

2309 475 2456 547 αὐτῷ
2495 482 3033 553 μυσταγωγουμένην
3059 454 3299 553 γνῶσιν.
3340 484 3482 539 Ἀλλ’
3510 487 3589 542 ἵνα
3625 490 3682 562 μὴ
3716 497 3781 548 καθ’

622 575 853 628 multam
884 572 1128 626 continet
1157 571 1215 625 in
1269 587 1328 626 se
1353 571 1724 641 cognitionem
1753 568 1979 639 mystice
2015 566 2195 636 expli-

626 674 824 719 catam.
844 663 948 718 Sed
976 679 1046 719 ne
1073 664 1287 734 singula
1320 662 1702 733 persequendo
1747 660 2037 714 molestum
2074 658 2197 712 red-

627 758 748 809 dam
777 764 833 808 et
853 766 1149 822 operosum
1174 749 1667 821 sermonem,quod
1698 749 1916 804 caateris
1934 757 2195 817 praestare

622 846 846 900 videtur
875 846 1238 901 illustremus.
1270 844 1407 898 Tres
1430 843 1578 897 enim
1609 841 1706 911 qui
1760 856 1946 895 rerum
1977 839 2194 893 divina-

624 954 747 993 rum
770 937 931 1008 periti
954 947 1085 992 sunt
1135 944 1389 992 statuunt
1422 934 1633 991 modos.
1697 932 1966 988 Universa
2027 932 2197 985 totius

624 1028 1033 1084 rationabilium
1100 1026 1467 1083 essentiarum
1537 1024 1912 1096 generationis
1984 1023 2197 1076 ratione

632 1120 923 1175 continere
959 1119 1209 1174 videmus
1224 1118 1494 1188 rationem
1511 1110 1857 1178 exsistendi,'
1878 1114 2021 1167 bene
2044 1112 2197 1167 exsi-

621 1209 827 1276 stendi,
857 1219 914 1266 et
941 1226 1160 1280 semper
1176 1208 1495 1273 exsistendi,
1520 1217 1684 1276 atque
1699 1207 1934 1276 primam
1951 1205 2197 1276 quidem,

624 1302 677 1356 id
705 1312 789 1357 est
816 1301 1139 1365 exsistendi,
1163 1301 1401 1371 primum
1435 1313 1556 1352 esse
1585 1298 1666 1351 eis
1690 1296 1785 1366 qui
1838 1303 1969 1349 sunt
2005 1309 2197 1349 essen-

630 1395 837 1450 tialitcr
864 1394 1141 1457 donatam,
1176 1391 1404 1445 alteram
1437 1389 1521 1443 eis
1553 1387 1621 1443 de
1656 1386 1962 1447 voluntate,
2008 1392 2200 1453 utpote

624 1501 747 1553 quae
770 1484 1009 1553 propria:
1044 1481 1310 1536 motionis
1337 1486 1633 1548 compotes‘
1669 1484 1817 1541 sunt,
1844 1491 1964 1530 esse
1994 1476 2198 1539 datam,

624 1582 844 1635 tertiam
882 1579 1144 1648 denique,
1180 1577 1235 1631 id
1258 1588 1344 1632 est
1366 1591 1588 1645 semper
1620 1573 1946 1633 exsistendi.
1993 1572 2076 1626 eis
2115 1587 2203 1627 se—

624 1671 865 1725 cundum
909 1671 1112 1739 gatiam
1162 1683 1282 1722 esse
1350 1681 1693 1721 concessam.
1750 1664 1927 1734 Atque
1968 1663 2201 1733 primam

622 1763 845 1833 quidem
913 1760 1102 1814 volunt
1155 1774 1276 1812 esse
1325 1757 1597 1812 facultatis
1627 1798 1641 1821 ,
1684 1757 1908 1811 alteram
1950 1754 2200 1821 actionis,

624 1851 844 1905 tertiam
869 1849 1087 1902 virtutis
1120 1846 1608 1901 conservatricem.
1642 1844 1735 1899 Sic
1774 1844 2074 1898 exsistendi
2112 1860 2198 1897 ra-

624 1945 724 2007 tio,
756 1957 877 2012 quze
912 1941 1082 1995 solam
1118 1936 1447 1992 naturaliter
1478 1935 1645 1991 habet
1687 1933 1924 1989 actionis
1971 1932 2199 1986 faculta-

624 2044 757 2098 tem,
795 2034 966 2103 ipsam
993 2032 1371 2103 plcnissimam
1415 2030 1534 2085 sine
1567 2025 1873 2081 voluntatis
1916 2023 2199 2095 proposito

622 2126 896 2181 actionem
923 2137 1269 2192 nequaquam
1301 2127 1482 2190 potest
1535 2117 1739 2171 habere
1773 2132 1785 2168 :
1838 2114 1981 2168 ratio
2014 2121 2197 2166 autem

622 2216 764 2271 bene
791 2214 1112 2278 exsistendi,
1139 2213 1309 2268 solam
1350 2212 1495 2265 hanc
1521 2209 1590 2263 de
1650 2207 1936 2261 voluntate
1993 2203 2201 2257 habens

624 2307 889 2362 naturalis
935 2305 1210 2360 facultatis
1259 2303 1554 2365 actionem,
1610 2298 1827 2369 plenam
1884 2295 2199 2349 facultatem

629 2401 748 2455 sine
781 2407 977 2453 natura
1010 2413 1238 2468 prorsus
1262 2410 1371 2450 non
1412 2393 1612 2448 habet:
1644 2404 1863 2458 semper
1895 2384 2199 2442 exsistendi

624 2492 864 2561 denique
893 2491 1028 2544 ratio
1053 2504 1243 2543 earum
1268 2502 1390 2556 quae
1445 2481 1886 2554 prmgrediuntur
1930 2476 2201 2549 generali-

626 2592 713 2637 ter
734 2580 1200 2644 circumcludens,
1229 2577 1394 2633 unius
1426 2574 1650 2645 quidem
1700 2571 2039 2633 facultatem,
2064 2568 2202 2623 alte-

629 2673 747 2728 rius
767 2673 1059 2735 rationem,
1080 2684 1261 2740 neque
1290 2666 1617 2722 naturaliter
1638 2663 1864 2718 omnino
1896 2658 2200 2716 secundum

625 2765 937 2821 facultatem
968 2763 1110 2817 inest
1144 2762 1200 2815 in
1239 2762 1321 2815 eis
1341 2774 1463 2829 quae
1500 2756 1793 2820 exsistunt,
1840 2767 2021 2822 neque
2068 2765 2199 2819 pro-

634 2857 787 2910 fecto
810 2854 879 2909 de
912 2868 981 2907 ne
993 2852 1247 2907 cessitate
1266 2864 1504 2920 ,prorsus
1533 2844 1833 2901 voluntatis
1855 2842 2200 2913 prepositum

628 2946 882 3016 sequitur
918 2942 1214 3015 (quomodo
1241 2941 1388 2996 enim
1410 2940 1469 2993 in
1495 2939 1578 2993 eis
1603 2952 1724 3006 quae
1750 2935 1975 2988 initium
2003 2949 2203 2988 secun-

627 3037 762 3091 dum
797 3044 1050 3088 naturam
1070 3039 1126 3086 et
1162 3032 1323 3085 finem
1358 3036 1415 3084 et
1436 3028 1737 3081 motionem
1783 3024 1989 3078 habent
2019 3030 2202 3092 potest

2297 567 2530 623 ἕκαστον
2579 571 2791 636 διεξιὼν
2825 576 3083 645 φορτικὸν
3110 578 3209 631 τὸν
3254 578 3423 647 λόγον
3463 582 3782 652 ποιήσωμαιώ

2296 655 2486 710 δοκοῦν
2543 660 2872 732 ὑψηλότερον
2912 664 3023 719 τῶν
3070 667 3260 720 ἄλλων
3309 663 3457 721 εἶναι
3498 672 3782 741 formicam

2299 747 2461 817 Τρεῖς
2488 752 2597 820 γάρ
2629 769 2761 821 φασι
2791 757 3025 826 τρόπους
3062 760 3112 811 οἱ
3135 759 3255 813 τῶν
3289 760 3458 815 θείων
3498 763 3781 832 ἐπιστήμονες.

2311 840 2372 893 '0
2406 841 2630 912 σύμπας
2660 846 2763 915 τῆς
2791 847 2920 917 ὅλης
2952 849 3059 902 τῶν
3105 852 3362 919 λογικῶν
3385 854 3576 906 οὐσιῶν
3610 857 3783 921 γενέσεις

2300 925 2438 996 ἔχων
2473 928 2764 1000 θεωρεῖται
2792 933 2950 1003 λόγος
2975 938 3067 990 τὸν
3113 939 3212 992 τοῦ
3270 936 3444 1005 εἶναι,
3472 942 3557 995 τδν
3582 945 3659 997 τοῦ
3689 943 3727 997 εἰ
3749 944 3783 999 εἴ·

2300 1037 2410 1085 ναι,
2445 1022 2540 1074 καὶ
2584 1024 2677 1078 τὸν
2715 1026 2808 1079 τοῦ
2857 1028 2943 1080 ἀεὶ
2988 1024 3152 1093 εἶναι,
3195 1029 3301 1082 καὶ
3347 1032 3439 1083 τὸν
3488 1032 3580 1100 μὲν
3614 1033 3781 1088 τοῦεῖναι

2301 1113 2515 1182 πρῶτον
2552 1117 2671 1169 κατ’
2692 1118 2882 1172 οὐσίαν
2904 1119 3243 1191 δεδωρῆσθαι
3266 1125 3389 1187 τοῖς
3419 1119 3556 1190 οὖσι,
3581 1126 3657 1177 τὸν
3679 1128 3781 1179 δὲτώ

2299 1200 2441 1259 εἶναι
2470 1207 2725 1280 δεύτερον
2753 1209 3003 1266 δεδόσθαι
3036 1213 3176 1266 κατὰ
3215 1215 3547 1284 προαίρεσιν
3578 1217 3716 1279 αὖτοξ

2301 1296 2697 1366 αὐτοκινήτοις,
2720 1303 2816 1354 τὸν
2843 1300 2900 1353 δὲ
2920 1302 3015 1355 τοῦ
3046 1304 3131 1356 ἀεὶ
3155 1301 3308 1357 εἶναι
3332 1306 3514 1374 τρίτον
3534 1308 3685 1371 αὐτοῖς
3704 1312 3780 1360 uti

2302 1389 2465 1458 χάριν
2495 1390 2973 1463 πεφιλοτιμῆσθαι.
3010 1396 3119 1448 Καὶ
3167 1397 3270 1448 τὸν
3319 1397 3423 1465 μὲν
3472 1400 3658 1467 πρῶτον
3693 1400 3783 1452 ﬁuvi-

2307 1496 2474 1549 μεως.
2730 1501 2763 1537 a
2786 1488 2803 1551 )
2827 1485 2919 1539 τὸν
2955 1485 3011 1538 δὲ
3054 1486 3322 1556 δεύτερον
3350 1488 3647 1557 ἐνεργείας,
3672 1489 3731 1540 τὶν
3752 1491 3779 1540 δὲ

2303 1572 2490 1641 τρίτον
2516 1576 2718 1645 ἀργίας
2748 1572 2889 1630 εἶναι
2920 1580 3306 1648 περιεκτικόν.
3338 1576 3467 1632 Οἷον
3491 1582 3518 1631 ὁ
3548 1582 3633 1648 μὲν
3666 1578 3782 1633 τοῦεῖ-

2304 1663 2574 1732 ναιλόγος
2614 1666 2783 1735 μόνην
2827 1668 3074 1734 φυσικῶς
3112 1668 3264 1737 ἔχων
3310 1669 3412 1739 τὴν
3450 1670 3576 1739 πρὸς
3597 1672 3778 1738 ἐνέργεια

2307 1752 2556 1826 δύναμιν,
2592 1758 2759 1828 αὐτὴν
2788 1759 3168 1829 πληρεστάτην
3213 1762 3348 1831 δίχα
3382 1762 3482 1831 τῆς
3515 1764 3781 1832 προαιρὰεως

2307 1845 2406 1915 τὴν
2437 1848 2721 1919 ἐνέργειαν
2749 1848 2897 1919 ἔχειν
2927 1852 2986 1903 οὗ
3021 1850 3247 1905 δύναται
3288 1854 3559 1915 παντελῶς
3583 1871 3596 1884 ·
3616 1856 3638 1907 ὁ
3659 1854 3699 1905 δὲ
3726 1854 3776 1905 rei

2301 1931 2361 1988 εὖ
2393 1931 2534 1988 εἶναι
2563 1938 2734 2008 αὐτὴν
2785 1940 2953 2010 μόνην
2997 1944 3301 2011 γνωμικῶς
3351 1944 3489 2012 ἔχων
3517 1944 3604 2012 τῆς
3630 1945 3778 2010 φυσικῆς

2299 2023 2583 2095 δυνάμεως
2608 2028 2706 2097 τὴν
2742 2030 3027 2100 ἐνέργειαν
3063 2071 3079 2091 .
3109 2032 3293 2102 αὐτὴν
3331 2032 3606 2102 ὁλόκληρον
3638 2032 3707 2102 τὴν
3728 2032 3776 2084 ἰύ-

2301 2132 2466 2185 ναμιν
2497 2117 2558 2171 τὸ
2583 2118 2803 2172 σύνολον
2848 2122 3019 2191 χωρὶς
3063 2124 3164 2175 οὐκ
3190 2122 3312 2193 ἔχει
3351 2124 3449 2193 τῆς
3489 2123 3774 2192 φύσεως-ὀᾶ

2300 2206 2395 2258 τοῦ
2427 2207 2513 2260 ἀεὶ
2540 2204 2681 2263 εἶναι
2712 2210 2823 2264 τῶν
2844 2212 2952 2282 πρὸ
2982 2211 3151 2266 αὑτοῦ
3184 2214 3315 2268 καθ’
3345 2216 3468 2268 ὅλου
3499 2216 3769 2285 περιγρᾶςων.

2300 2297 2396 2349 τοῦ
2446 2298 2546 2368 μὲν
2591 2299 2690 2372 τὴν
2729 2301 2987 2373 δύναμιν,
3017 2303 3114 2357 τοῦ
3161 2306 3222 2358 δὲ
3272 2306 3374 2377 τὴν
3422 2307 3681 2376 ἐνέργειαν,
3702 2306 3772 2358 r3:

2302 2387 2548 2453 φυσικῶς
2580 2392 2721 2444 κατὰ
2747 2392 2980 2463 δύναμιν
3015 2398 3130 2457 τοῖς
3155 2392 3314 2450 οὖσιν
3346 2398 3619 2469 ἐνυπάρχει
3662 2414 3771 2452 παντε-

2300 2476 2429 2542 λῶς,
2463 2477 2585 2534 οὕτε
2616 2480 2727 2552 μὴν
2762 2483 2821 2549 ἐξ
2846 2485 3092 2556 ἀνάγκης
3122 2487 3183 2538 τὸ
3217 2490 3485 2559 παράπαν
3505 2490 3678 2560 θελήσει
3694 2506 3770 2557 προ-

2303 2570 2573 2638 αιρέσεως
2606 2573 2826 2627 ἕπεται·
2869 2576 2987 2640 πῶς
3020 2578 3131 2648 γὰρ
3176 2582 3296 2644 τοῖς
3325 2581 3492 2652 ἀρχὴν
3533 2580 3647 2635 κατὰ
3677 2580 3768 2647 sia?

2305 2661 2396 2713 καὶ
2422 2662 2575 2727 τέλος
2607 2665 2748 2717 κατὰ
2770 2666 2987 2737 κίνησιν
3017 2670 3242 2740 ἔχουσιν
3269 2666 3381 2725 οἷόν
3402 2691 3459 2726 τε
3495 2675 3657 2725 ἐνεῖναι
3677 2673 3768 2723 τὸᾴτὶ

2301 2752 2360 2805 ὃν
2387 2757 2480 2807 καὶ
2513 2756 2689 2827 ἀρχὴν
2741 2758 2837 2811 καὶ
2884 2760 3037 2825 τέλος
3084 2764 3187 2816 οὐκ
3234 2763 3400 2834 ἐχον;
3445 2764 3766 2835 ἀλλ’ὃροςέστὶι

2303 2848 2568 2917 στάσιμον
2617 2849 2790 2902 ποιῶν
2823 2851 2921 2923 τὴν
2968 2852 3070 2922 μὲν
3100 2854 3275 2924 φύσιν
3310 2857 3452 2910 κατὰ
3496 2858 3579 2929 τὴν
3599 2856 3765 2923 δύναμιν,

2300 2939 2401 3007 τὴν
2429 2939 2485 2992 δὲ
2517 2943 2839 3009 προαίρεσιν
2879 2945 3019 2999 κατὰ
3065 2947 3167 3017 τὴν
3226 2949 3522 3020 ἐνέργειαν,
3548 2949 3635 3002 οὐδ’
3649 2948 3767 3014 ἑτέρας

2302 3030 2549 3099 ἀμείϐων
2575 3035 2891 3090 παντάπασι
2920 3037 3011 3091 τὸν
3035 3038 3159 3092 καθ’
3188 3040 3251 3094 δν
3281 3045 3399 3095 ἐστι
3421 3042 3577 3110 λόγον,
3597 3040 3666 3094 καὶ
3686 3040 3766 3090 ain

629 3126 809 3179 inesse
837 3121 893 3176 id
926 3120 1074 3190 quod
1112 3134 1332 3188 semper
1355 3116 1576 3172 exsistit
1601 3124 1766 3184 atque
1809 3111 2032 3166 initium
2054 3117 2110 3163 et
2140 3108 2202 3162 fi-

2305 3120 2516 3186 πάντας
2547 3123 2752 3188 αἰῶνάς
2800 3141 2861 3178 τε
2909 3126 3004 3179 καὶ
3037 3127 3273 3197 χρόνους
3319 3108 3529 3202 ὁρίζων.
3556 3128 3642 3182 Καὶ
3669 3123 3765 3177 τοῦτό

627 3229 754 3270 nem
778 3227 887 3268 non
924 3209 1178 3281 liabeti),
1211 3208 1309 3264 sed
1357 3207 1626 3262 terminus
1658 3212 1762 3267 est,
1802 3203 2055 3258 stabilem
2083 3200 2202 3255 red-

627 3306 766 3361 dens
796 3311 1047 3358 naturam
1088 3299 1313 3371 quidem
1358 3295 1666 3352 secundum
1713 3292 2052 3355 facultatem,
2106 3306 2227 3367 vo—q

626 3392 902 3447 luntatem
978 3403 1112 3444 vero
1183 3384 1488 3441 secundum
1573 3382 1892 3445 actionem,
1946 3379 2203 3434 neutrius

628 3497 863 3554 prorsus
891 3478 1195 3536 secundum
1228 3493 1394 3550 quam
1424 3483 1511 3531 est
1531 3484 1878 3531 commutans
1905 3472 2199 3535 rationem,

627 3583 685 3631 et
732 3574 991 3630 omnibus
1026 3572 1213 3627 omnia
1261 3569 1459 3625 saacula
1501 3576 1558 3623 et
1603 3577 1853 3637 tempora
1910 3565 2201 3619 definiens.

626 3665 811 3736 Atque
836 3665 943 3719 hoc
968 3670 1053 3719 est
1076 3663 1327 3726 fortasse,
1349 3659 1429 3714 uti
1464 3658 1709 3723 videtur,
1744 3657 1877 3711 illud
1903 3656 2206 3712 Sabbatum

629 3759 858 3829 mystice
877 3756 1235 3818 celebratum,
1269 3764 1325 3808 et
1360 3766 1590 3823 magnus
1619 3750 1688 3804 dc
1709 3750 1914 3804 divinis
1938 3748 2207 3818 operibus

628 3848 1011 3920 requiescendi
1052 3848 1172 3903 dies
1196 3860 1247 3912 ι,
1300 3861 1421 3915 qua:
1462 3843 1773 3900 secundum
1804 3840 2037 3898 Genesis
2063 3840 2204 3895 scri—

629 3948 852 4013 pturam
880 3955 1060 4010 neque
1100 3939 1318 3994 initium
1351 3953 1530 4008 neque
1562 3936 1726 3990 tinem
1776 3949 1959 4003 neque
1983 3947 2211 4003 genera-

564 4022 567 4023 ⁷
630 4034 838 4089 tionem
898 4032 1103 4087 habere
1161 4030 1402 4095 videtur,
1447 4043 1641 4084 eorum
1694 4041 1818 4096 quae
1868 4023 2209 4079 definitionis

629 4141 696 4181 ac
722 4124 1025 4181 mensionis
1051 4124 1296 4194 expertia
1342 4130 1474 4177 sunt
1523 4131 1649 4194 post
1682 4120 1981 4175 motionem
2010 4133 2208 4173 eorum

634 4232 759 4288 qua:
786 4218 843 4271 in
891 4230 1154 4271 mensura
1178 4213 1405 4268 definita
1431 4222 1562 4268 sunt
1587 4209 1978 4273 manifestatio,
2005 4217 2061 4262 et
2086 4206 2212 4263 infi—

627 4312 746 4367 nita
797 4324 989 4366 eorum
1048 4322 1171 4379 qua:
1237 4304 1633 4376 comprehendi
1702 4317 1767 4357 ac
1824 4299 2209 4356 circumscribi

630 4418 743 4458 non
793 4408 1026 4471 possunt
1051 4408 1176 4469 post
1208 4397 1531 4468 qualitatem
1559 4410 1752 4453 eorum
1792 4409 1915 4464 qua:
1954 4406 2209 4461 compre-

2304 3217 2474 3281 ἐστιν,
2528 3217 2604 3281 ὡς
2649 3214 2825 3288 οἶμαι,
2866 3220 3029 3288 τυχὸν
3070 3221 3130 3274 τὸ
3186 3223 3466 3292 μυστικῶς
3510 3218 3763 3289 calomniis:

2301 3308 2602 3374 Σάεϐατον,
2636 3312 2782 3381 καὶὴ
2813 3312 3021 3381 μεγάλη
3056 3313 3159 3383 τῆς
3189 3315 3302 3368 τῶν
3328 3314 3479 3368 Θεὶων
3505 3314 3644 3384 ἔργων
3663 3322 3763 3362 κατα·

2302 3399 2556 3464 παύσεως
2607 3403 2807 3473 ἡμέρα,
2838 3405 2980 3467 ἣτις,
3015 3404 3158 3458 κατὰ
3187 3408 3293 3478 τὴν
3326 3408 3527 3477 γραφὴν
3541 3406 3620 3474 τῆς
3639 3416 3760 3468 κοσμο-

2302 3487 2540 3555 γενείοις,
2566 3489 2688 3544 οὔτε
2720 3492 2913 3562 ἀρχὴν,
2938 3492 3062 3546 οὔτε
3097 3495 3277 3562 τέλος,
3308 3497 3427 3551 οὔτε
3454 3496 3628 3564 γένεσιν
3645 3491 3760 3562 ἔχουςα

2305 3580 2637 3651 φαίνεται,ή
2694 3584 2832 3650 μετὰ
2877 3585 2976 3655 τὴν
3014 3584 3122 3643 τῶν
3167 3589 3232 3641 ἐν
3286 3590 3463 3660 μέτρῳ
3502 3583 3759 3657 διωρισμένα*

2306 3671 2519 3741 κίνησιν
2559 3674 2665 3726 τῶν
2695 3675 2837 3746 ὑπὲρ
2863 3676 2988 3745 ὅρον
3034 3678 3129 3732 καὶ
3176 3680 3441 3752 μέτρησιν
3475 3679 3692 3747 {maxime
3711 3672 3758 3724 ui

2307 3763 2527 3833 ἡμετά
2563 3764 2662 3836 τὴν
2718 3767 2826 3819 τῶν
2872 3771 3281 3839 κεχωρημένων
3313 3770 3403 3822 καὶ
3434 3762 3756 3839 περιγεγραμμέ-

2307 3870 2411 3906 νων
2438 3856 2712 3926 ποσότητα
2740 3858 2846 3911 τῶν
2868 3860 3167 3931 ἁχωρήτων
3201 3864 3291 3915 καὶ
3314 3860 3654 3931 ἀπεριγράφων
3669 3856 3758 3908 ἐπιε-

2309 3962 2403 4015 ρος
2456 3947 2740 4017 ταῦτότης.
2782 3949 2872 4013 Ὠς
2912 3950 2979 4004 ἂν
3030 3951 3126 4005 οὖν
3163 3955 3197 4023 ἠ
3236 3955 3371 4007 κατᾶ
3422 3951 3677 4021 προαίρεσιν
3709 3945 3754 3993 ἐν·

2310 4035 2503 4107 ἐργεια
2528 4041 2795 4109 χρήσαιτο
2834 4044 2896 4111 τῇ
2948 4042 3181 4114 δυνάμει
3216 4046 3315 4116 τῆς
3341 4044 3552 4114 φύσεως,
3579 4041 3659 4091 εἴτε
3677 4031 3756 4087 ιιιτᾶ

2315 4126 2498 4195 φύσιν,
2534 4130 2643 4181 εἴτε
2698 4131 2847 4200 παρά
2896 4132 3081 4200 φύσιν,
3107 4134 3171 4188 τὸ
3217 4131 3336 4206 εὖῆ
3388 4135 3445 4188 τὸ
3478 4131 3564 4200 φεῦ
3608 4121 3753 4181 εἶναιώ

2309 4218 2486 4289 πέρας
2523 4220 2690 4292 αὐτὴν
2733 4221 2961 4291 ἔχουσαν
3006 4225 3348 4291 ὑποδέξεται,
3382 4227 3506 4295 ὅπερ
3534 4220 3626 4274 ἐστὶ
3651 4208 3754 4268 τὸὰεὶ

2308 4302 2473 4372 εἶναι,
2505 4310 2561 4362 ἐν
2585 4303 2629 4378 ᾧ
2653 4313 3071 4378 σαεῦατίζουσιν
3108 4319 3165 4369 αἱ
3190 4318 3377 4387 ψυχαὶ,
3411 4316 3567 4382 πάσης
3592 4304 3751 4361 λαὸιιῦειι

2310 4398 2521 4454 παῦλαν
2555 4405 2839 4472 κινήσεως.
2885 4406 3075 4476 Ὂγδόη
3109 4409 3207 4460 καὶ
3236 4408 3440 4477 πρώτη,
3464 4401 3626 4474 μᾶλλον
3647 4396 3683 4447 δὲ
3700 4390 3752 4460 μία

630 4496 799 4549 hensa
825 4500 881 4547 et
906 4489 1323 4558 circumscripta
1373 4496 1503 4542 sunt
1555 4486 1837 4541 identitas.
1868 4485 2005 4541 Utut
2038 4484 2202 4553 igitur

2311 4491 2405 4545 καὶ
2442 4494 2784 4557 ἀκατάλυτος
2812 4495 2994 4565 ἡμέρα
3031 4499 3047 4565 (
3073 4498 3239 4568 255
3263 4499 3327 4568 ιι)
3359 4500 3388 4566 ἡ
3427 4489 3670 4564 ἀκραιφνὴς
3686 4484 3747 4534 ἐπι

632 4582 933 4640 voluntatis
962 4581 1108 4636 actio
1141 4580 1401 4635 facultate
1461 4587 1675 4633 naturas
1707 4576 1901 4639 utitur,
1944 4575 2062 4630 sive
2115 4590 2206 4629 se-

627 4673 873 4731 cundum
901 4683 1177 4756 naturam,
1210 4671 1325 4726 sive
1361 4678 1558 4725 contra
1593 4677 1871 4732 naturam,
1916 4667 2077 4721 bonae
2112 4674 2209 4721 aut

631 4766 1193 4829 miserzeexsiStentiae
1222 4764 1388 4819 finem
1420 4762 1692 4833 suscipiet
1725 4777 1848 4816 eam
1879 4760 2204 4827 habentem,

628 4875 754 4932 quas
786 4868 873 4916 est
901 4859 1242 4927 sempiterna
1272 4855 1616 4919 exsistentia,
1662 4854 1717 4907 in
1754 4869 1864 4923 qua
1902 4852 2208 4907 Sabbatum

628 4954 917 5011 celebrant
942 4950 1139 5005 animae
1169 4949 1238 5005 ab
1289 4948 1440 5004 omni
1466 4946 1713 5001 motione
1760 4946 2203 5014 requiescentes.

631 5048 836 5104 Octava
867 5049 922 5096 et
944 5040 1143 5111 prima,
1180 5040 1267 5094 vel
1296 5038 1479 5108 potius
1505 5052 1615 5091 una
1635 5045 1690 5091 et
1719 5052 1830 5090 non
1861 5034 2210 5089 dissolvenda

631 5135 752 5189 dies
767 5147 941 5203 purus
973 5138 1080 5197 est,
1112 5130 1408 5199 omniaque
1441 5130 1562 5182 luce
1588 5142 1688 5182 sua
1741 5127 2076 5181 collustrans
2109 5127 2205 5181 Dei

631 5226 922 5288 adventus,
952 5223 1200 5292 qui'post
1226 5234 1413 5273 rerum
1439 5226 1714 5272 motarum
1755 5218 2051 5271 stationem
2078 5231 2209 5270 cve-

632 5316 735 5380 nit,
757 5323 814 5369 et
836 5315 919 5369 eis
949 5313 1175 5383 quidem
1200 5310 1295 5380 qui
1328 5309 1628 5364 cxsistendi
1655 5309 1873 5362 ratione
1898 5308 2205 5362 secundum

632 5407 1189 5462 naturam-voluntate
1216 5401 1425 5456 fuerint
1483 5401 1589 5464 usi,
1625 5408 1772 5456 totus
1808 5401 2206 5456 convenienter

634 5502 767 5557 totis
796 5500 1043 5563 advenit,
1078 5508 1243 5567 atque
1276 5496 1476 5550 bonam
1502 5493 1879 5548 cxsistentiam
1909 5493 2204 5562 sempiter-

628 5604 760 5645 nam
787 5587 873 5642 sui
897 5585 1321 5657 participatione
1362 5593 1417 5639 et
1464 5582 1856 5638 communione
1900 5582 2109 5652 praebet
2142 5592 2203 5638 ut

702 5778 733 5811 ³
763 5767 900 5827 Gen.
929 5784 987 5832 ιι,
1020 5769 1073 5823 2.

2309 4581 2405 4636 τοῦ
2425 4581 2560 4641 Θεοῦ
2580 4586 2673 4637 καὶ
2692 4585 2957 4657 παμφαὴς
2981 4591 3276 4658 παρουσία.
3304 4588 3430 4657 μετὰ
3450 4587 3537 4653 τὴν
3554 4580 3634 4633 τῶν
3646 4588 3749 4625 κινσυ·

2316 4675 2493 4744 μένων
2546 4676 2735 4729 στάσιν
2785 4677 3041 4747 γινομένη
3070 4719 3084 4741 ,
3117 4681 3213 4732 καὶ
3246 4684 3355 4742 τοῖς
3388 4678 3477 4747 μὲν
3501 4674 3566 4742 τῷ
3588 4659 3745 4722 misisti!

2312 4764 2454 4835 λόγῳ
2506 4767 2647 4821 κατὰ
2699 4770 2861 4836 φύσιν
2908 4771 3312 4839 προαιρετικῶς
3348 4764 3665 4840 χρησαμένοις,
3684 4752 3746 4805 ἕλω

2313 4859 2704 4927 προσηκόντως
2728 4860 2867 4923 ὅλοις
2899 4859 3313 4929 ἐπιδημοῦντος,
3348 4861 3433 4912 καὶ
3453 4857 3504 4910 τὸ
3530 4842 3745 4908 deidei”:

2318 4947 2654 5017 παρέχοντος
2685 4948 2773 5002 διὰ
2802 4950 2900 5019 τῆς
2933 4950 3145 5014 οἰκείας
3174 4947 3514 5022 μετοχῆςηώς
3552 4942 3670 5013 μόνον

2320 5039 2450 5108 ρίως
2478 5041 2571 5092 καὶ
2594 5041 2745 5105 ὄντος
2775 5042 2870 5095 καὶ
2897 5042 2984 5093 ἀεὶ
3023 5041 3177 5106 δντος
3219 5044 3313 5098 καὶ
3362 5037 3415 5095 εὖ
3451 5040 3592 5096 ὄντος.
3617 5030 3692 5087 τοῖς
3717 5019 3747 5070 "5

2316 5130 2468 5200 παρὰ
2497 5130 2661 5199 φύσιν
2694 5131 2772 5202 τῷ
2803 5130 2897 5185 τοῦ
2917 5118 3058 5184 εἶναι
3088 5132 3234 5203 λόγῳ
3272 5129 3537 5203 γνωμικῶς
3566 5109 3742 5203 χρησαμέ·

2313 5237 2447 5285 νοις,
2470 5221 2588 5274 ἀντὶ
2610 5222 2702 5275 τοῦ
2721 5219 2779 5275 εὖ
2802 5223 2862 5274 τδ
2875 5224 2961 5277 ἀεὶ
2982 5221 3083 5291 φεῦ
3108 5221 3251 5279 εἶναι
3279 5223 3407 5278 κατὰ
3427 5222 3476 5274 τῇ
3494 5215 3608 5271 εἰκὸς
3625 5200 3745 5261 dativi"

2316 5313 2613 5381 μοντος,ὼς
2631 5316 2690 5367 οὐ
2699 5316 2893 5376 κιόντος
2903 5315 3080 5377 αὐτοῖς
3092 5315 3279 5370 λοιπὸν
3287 5311 3505 5386 χωρητοῦ
3519 5306 3589 5361 τοῦ
3602 5294 3742 5355 sinvat.

2312 5404 2569 5467 ἐναντίως
2588 5406 2723 5476 πρὸς
2740 5406 2870 5459 αὐτὸ
2882 5406 3263 5474 διακειμένοις,
3284 5408 3369 5459 καὶ
3384 5405 3560 5471 κίνησιν
3574 5382 3742 5476 mmini

2302 5495 2409 5549 οὐκ
2437 5465 2786 5567 ἔχουσι-μετὰ
2808 5496 2904 5567 τὴν
2934 5494 3024 5549 τοῦ
3049 5465 3376 5567 ξητουμένου
3408 5465 3657 5561 φανέρωςιν,
3675 5465 3739 5525 καθ’

2308 5587 2376 5660 ἢν
2396 5590 2506 5650 τοῖς
2531 5587 2754 5658 ζητοῦσι
2780 5589 2984 5657 πέφυκε
3014 5586 3375 5656 φανεροῦσθαι
3405 5583 3456 5636 τὸ
3485 5569 3667 5646 ζητητόνι
