3938 6148
173 253 321 321 1393

1398 259 1919 322 AMBIGUORUM
1958 264 2209 324 LIBER.

3293 227 3456 319 ιονιξ

168 369 272 440 qui
305 369 456 425 solus
481 367 710 440 proprie
747 377 804 424 et
839 368 1054 425 exsistit
1083 377 1139 424 ct
1178 384 1396 439 semper
1433 372 1655 427 exsistit
1680 381 1738 427 et
1775 373 1916 430 bene
1930 375 2170 441 exsistit,
2202 376 2286 430 eis
2321 383 2507 430 autem
2533 372 2628 444 qui
2659 381 2852 428 contra
2877 378 3133 426 naturam
3157 367 3439 424 exsisten-

170 461 234 516 di
268 463 487 517 ratione
513 471 710 532 suopte
739 462 974 518 consilio
1003 461 1215 518 fuerint
1249 463 1360 528 usi,
1393 463 1653 519 miseram
1698 481 1801 534 pro
1833 465 1994 523 beata
2021 469 2347 524 exsistentia
2403 468 2608 523 merito
2641 464 2923 529 retribuit,
2960 472 3023 518 ut
3062 463 3267 534 quibus
3298 461 3436 516 bea-

174 567 293 612 tam
326 559 729 624 exsistentiam,
759 559 847 614 cui
879 559 994 628 jam
1039 556 1257 613 adversi
1293 565 1462 624 stant,
1494 573 1693 628 capere
1732 575 1844 614 non
1874 561 2062 627 liceat,
2095 563 2304 633 quique
2351 562 2649 632 quominus
2675 561 2729 615 id
2768 557 2918 630 quod
2954 557 3222 630 quaeritur
3261 555 3438 610 mani-

173 654 417 712 festetur
441 655 684 712 motione
717 671 946 726 prorsus
967 664 1180 722 carent,
1217 670 1328 726 qua
1366 655 1748 726 quaerentibus
1785 655 1842 712 id
1869 659 2020 728 quod
2045 660 2314 732 quaeritur
2339 657 2684 715 manifestari
2707 662 2915 728 potest.

504 839 694 893 Ἀλλο
731 840 818 904 είς
854 837 921 892 τὸ
951 839 1100 891 αὐτὸ
1133 837 1429 906 θεώρημα.

253 949 367 1003 Καὶ
401 950 560 1005 πάλιν
590 951 796 1022 ἑϐδόμη
827 952 922 1006 καὶ
949 950 1230 1006 Σάόσατόν
1263 951 1414 1004 ἐστιν
1443 952 1608 1024 ἡτῶν
1632 955 1756 1008 κατ’

177 1039 386 1111 ἀρετὴν
412 1041 670 1094 ἁπάντων
690 1043 906 1112 τρόπων
931 1042 1024 1096 καὶ
1051 1041 1160 1097 τῶν
1182 1039 1590 1114 κατὰθεωρίαν
1617 1059 1762 1112 γνωο

180 1129 390 1182 στικῶν
429 1129 602 1198 λόγων
629 1130 898 1194 διάϐασις.
941 1129 1134 1200 Ὀγδόη
1165 1131 1223 1185 δέ
1257 1131 1463 1204 ἐστινὴ
1499 1132 1636 1202 πρὸς
1663 1133 1764 1202 τὴν

177 1219 362 1288 ἀρχὴν
392 1221 487 1273 καὶ
519 1222 603 1274 αίτ
617 1222 702 1275 ίαν
734 1221 844 1275 τῶν
885 1223 1210 1292 πρακτικῶς
1242 1223 1630 1295 πεποιημένων
1669 1226 1764 1278 καὶ

176 1309 294 1363 τῶν
329 1311 685 1384 θεωρητικῶς
729 1313 1093 1385 ἐγνωσμένων
1121 1314 1263 1368 κατὰ
1293 1315 1394 1388 τὴν
1436 1303 1605 1388 χάριν
1630 1315 1764 1386 ἀλη-

179 1402 288 1472 θὴς
321 1405 704 1478 μεταποίησις.
1507 1413 1516 1422 ”

545 1589 728 1655 Ἄλλη
767 1571 856 1654 εἶς
888 1586 954 1642 τὸ
987 1588 1136 1647 αὐτὸ
1177 1589 1406 1658 θεωρία.

262 1696 419 1750 Ἔστι
449 1697 548 1768 μὲν
587 1694 682 1752 οὖν
721 1699 816 1752 καὶ
845 1695 1002 1763 αὖθις
1036 1699 1238 1772 ὲόδὸμη
1275 1701 1369 1754 καὶ
1412 1700 1690 1756 Σάϐϐατον
1728 1703 1763 1774 η

183 1785 288 1857 τὴν
319 1787 440 1840 κατ’
469 1788 670 1858 ἀρετὴν
701 1789 1056 1861 διαδεχομένη
1092 1775 1402 1862 πρακτικὴν
1441 1791 1765 1862 φιλοσοφίαν

185 1875 448 1932 ἀπάθεια.
495 1877 686 1950 ὐγδὸη
732 1879 790 1932 δὲ
838 1881 932 1934 καὶ
978 1879 1170 1952 πρώτη
1216 1881 1385 1947 ἐστὶν,
1416 1882 1492 1945 ὡς
1531 1873 1630 1952 μ’ία
1670 1884 1767 1936 καὶ

187 1963 552 2030 ἁκατάλυτος,
594 1968 628 2036 ἡ
671 1967 816 2038 μετὰ
855 1970 956 2038 τὴν
988 1971 1302 2042 γνωστικὴν
1328 1971 1564 2039 θεωρίαν
1595 1973 1772 2041 ἐπιγι-

187 2056 397 2126 νομένη
427 2057 613 2127 σοφία.
638 2060 748 2112 Καὶ
775 2061 894 2113 κατ’
914 2059 1112 2124 ἄλλους
1145 2061 1201 2114 δὲ
1231 2062 1469 2133 τρόπους
1504 2063 1772 2118 παντοδα-

192 2145 333 2211 πούς
383 2151 502 2202 ἐστι
544 2149 772 2203 δυνατὸν
815 2153 928 2213 τοῖς
955 2150 1064 2204 τῶν
1094 2151 1254 2206 θείων
1299 2153 1654 2224 φιλοθεάμοσι
1680 2155 1773 2208 τὸν

190 2243 325 2313 περὶ
373 2232 482 2297 τῶν
519 2243 777 2298 τοιούτων
821 2244 1141 2315 ἐκδέχεσθαι
1181 2245 1340 2314 λόγον
1361 2287 1376 2312 ,
1429 2247 1524 2300 καὶ
1567 2246 1772 2312 πολλὰς

192 2333 368 2400 καλάς
400 2351 461 2388 τε
492 2335 587 2390 καὶ
625 2335 849 2408 ἀληθεῖς
884 2338 1136 2408 ὲφευρεῖν
1180 2337 1438 2408 θεωρίας.

208 2504 305 2559 Ἐκ
339 2505 448 2561 τοῦ
484 2505 672 2560 αὐτοῦ
708 2509 918 2577 λόγου,
957 2490 1084 2576 τῶς
1111 2510 1207 2564 τόο
1244 2530 1263 2563 ι
1294 2511 1644 2568 Δισσὼσατε
1670 2515 1768 2569 καί

266 2595 664 2662 τρισσώσατε,
697 2617 717 2649 ι
761 2599 949 2652 ιαϐὼν
977 2603 1010 2654 ὀ
1042 2600 1412 2668 διδάσκαλος
1434 2608 1515 2670 εὶς
1545 2605 1610 2658 τὸ
1639 2605 1770 2674 περὶ

267 2683 378 2753 τῆς
415 2686 670 2756 ἑϐδόμης
722 2690 1065 2758 μυστήριόν
1108 2708 1318 2762 φησιν’
1357 2713 1376 2746 ι
1420 2695 1516 2760 Ὠς
1563 2695 1630 2749 δὲ
1673 2697 1771 2750 καὶ

269 2777 385 2846 τὴν
424 2779 688 2849 ἑϐδόμην
719 2782 1118 2854 ἀναστροφὴν
1169 2787 1372 2840 Ἡλίου
1398 2787 1504 2841 τοῦ
1543 2789 1774 2859 προφή-

269 2887 398 2936 του,
424 2869 504 2936 τῷ
529 2873 639 2941 τῆς
669 2876 1008 2945 Σαραερθίας
1035 2877 1165 2943 υιῷ,
1209 2877 1276 2932 τὸ
1304 2877 1414 2947 ζῇν
1439 2880 1775 2949 ἐμπνεύσα-

269 2975 413 3026 σιιν,
445 2962 634 3035 (256
661 2966 715 3035 a)
756 2965 855 3020 καί
926 2967 1035 3023 τοῦ
1074 2969 1261 3025 αὑτοῦ
1299 2969 1416 3040 τὴν
1455 2970 1774 3043 ἰσάριθμον

271 3051 423 3105 κατὰ
459 3052 576 3107 τῶν
603 3055 910 3125 σχιὸἁκων
949 3049 1301 3116 ἐπικλυσιν..
1325 3083 1346 3118 ι

285 3159 344 3214 '0
395 3165 664 3236 μακάριος
710 3168 889 3240 γέρων
944 3171 1074 3241 παρ’
1108 3171 1242 3241 ἐμοῦ
1284 3173 1443 3228 τοῦτο
1479 3175 1775 3246 ἐρωτηθεὶς

205 3251 331 3323 ἔφη,
363 3255 522 3310 Κατὰ
545 3257 707 3313 τοῦτο
732 3260 896 3331 τυχὸν
937 3264 1067 3334 περὶ
1091 3264 1185 3318 τοῦ
1209 3265 1351 3320 ἑπτὰ
1381 3266 1645 3332 διεξιόντα
1683 3271 1777 3324 τὸν

204 3339 518 3397 διδάσκαλον
552 3346 789 3418 ἀριθμοῦ
825 3351 1209 3422 τεκμήρασθαι
1251 3354 1494 3409 δυνατόν.
1555 3358 1778 3428 Πρῶτον
1829 3387 1833 3390 ·

209 3432 307 3502 μὲν
340 3434 484 3489 κατὰ
524 3439 652 3500 τοὺς
686 3438 1016 3510 λεγομένους
1047 3443 1465 3516 ἀριθμητικούς.
1499 3450 1634 3502 Φασὶ
1669 3450 1778 3522 γὰρ

208 3527 404 3578 ἐκεῖνοι
436 3528 792 3584 συνίστασθαί
821 3549 974 3596 τινας
1016 3535 1285 3606 ἀριθμοὺς
1318 3539 1382 3591 ὲκ
1409 3539 1778 3612 δισσουμένων

210 3617 304 3670 καὶ
343 3621 754 3692 τρισσουμένων
809 3623 1034 3694 ἐτέρων,
1076 3626 1174 3695 τῆς
1223 3628 1448 3696 μονάδος
1476 3630 1780 3686 τελευταῖον

210 3711 669 3782 προστιθεμένης.
713 3709 840 3768 Οἴον
888 3717 954 3769 ἐκ
995 3717 1365 3788 δισσουμὲνων
1416 3721 1516 3790 μὲν
1563 3724 1591 3776 ό
1642 3721 1712 3789 ξᾶ
1733 3723 1780 3756 ⁸⁷

1785 854 1832 910 Α

2242 841 2365 898 Alia
2395 843 2451 895 in
2481 842 2619 896 idem
2653 836 3054 908 contemplatio.

1932 957 2113 1028 Atque
2156 971 2351 1011 rursus
2393 955 2625 1026 septima
2672 961 2729 1008 et
2771 949 3074 1006 Sabbatum
3121 955 3205 1002 cst
3242 943 3438 1000 modo-

1863 1063 1986 1102 rum
2036 1048 2282 1102 omnium
2323 1045 2625 1101 secundum
2665 1044 2929 1098 virtutem
2969 1048 3025 1094 et
3066 1037 3437 1110 gnosticarum

1863 1138 2139 1192 rationum
2165 1135 2469 1192 secundum
2497 1130 3015 1202 contemplationem
3046 1137 3436 1197 transgressus.

1865 1227 2070 1282 Octava
2117 1235 2300 1281 autem
2349 1234 2436 1281 est
2470 1239 2596 1280 vera
2641 1224 2707 1277 ad
2752 1219 3082 1292 principium
3123 1225 3182 1272 et
3216 1231 3438 1272 causam

1863 1331 2058 1370 eorum
2084 1332 2206 1385 qua:
2233 1315 2414 1370 active
2441 1323 2573 1369 sunt
2597 1313 2740 1367 facta
2770 1321 2828 1366 et
2856 1307 3279 1379 contemplative
3312 1315 3442 1362 sunt

1863 1405 2079 1477 cognita
2109 1421 2206 1476 per
2230 1405 2460 1476 gratiam
2490 1403 2867 1474 regeneratio.

2255 1587 2378 1644 Alia
2405 1589 2460 1642 in
2488 1587 2626 1642 idem
2658 1583 3050 1656 contemplatio.

1938 1703 2036 1759 Est
2066 1702 2234 1774 igitur
2257 1716 2449 1758 rursus
2476 1701 2644 1758 etiam
2673 1701 2905 1771 septima
2935 1709 2990 1755 et
3015 1699 3312 1754 Sabbatum
3343 1696 3455 1750 im‘

1868 1793 2205 1864 passibilitas
2247 1807 2370 1862 quae
2415 1791 2649 1846 activam
2689 1789 3094 1861 philosomriam
3139 1788 3441 1844 secundum

1869 1885 2130 1939 virtutem
2165 1883 2388 1952 excipit.
2413 1881 2617 1938 Octava
2645 1896 2778 1936 vero
2809 1888 2866 1936 et
2897 1881 3072 1950 prima
3107 1887 3214 1942 est,
3241 1887 3304 1932 ut
3337 1894 3446 1934 una

1867 1981 2032 2044 atque
2069 1972 2493 2038 indissolubilis,
2525 1971 2798 2043 sapientia
2832 1987 2956 2041 qua:
2985 1979 3110 2042 post
3140 1969 3442 2041 gnosticam

1867 2063 2390 2134 contemplationem
2425 2062 2805 2134 subsequitur.
2839 2059 2954 2116 Sed
2983 2061 3110 2116 aliis
3139 2068 3448 2130 quoque-et

1867 2169 2136 2225 perquam
2178 2154 2349 2210 variis
2395 2153 2576 2208 modis
2621 2167 2810 2208 rerum
2855 2150 3169 2206 divinarum
3216 2149 3446 2204 studiosi

1869 2262 2180 2303 sermonem
2223 2246 2291 2302 de
2333 2246 2536 2302 talibus
2575 2245 2824 2315 accipere
2862 2251 3126 2314 possunt,
3153 2243 3451 2299 multaset

1803 2333 1844 2386 Β
1873 2341 2132 2410 pulchras
2159 2349 2218 2396 et
2239 2354 2397 2396 veras
2418 2336 3311 2408 adinventuricontemplationes.

1877 2515 1962 2570 Ea:
2002 2515 2179 2570 eodem
2212 2531 2480 2582 sermone,
2512 2515 2772 2586 quomodo
2802 2514 2937 2569 illud
2972 2531 2990 2568 :
3034 2533 3052 2564 ι
3095 2512 3370 2584 Duplicate
3402 2522 3452 2566 ct
3497 2582 3502 2589 l

1948 2606 2238 2676 triplicate,
2293 2626 2312 2658 ι
2368 2607 2580 2677 capiens
2626 2607 2878 2676 magister
2922 2605 2976 2658 in
3030 2604 3340 2675 mysterium
3389 2604 3452 2656 de

1947 2697 2268 2752 hebdomade
2311 2697 2452 2750 dicat
2486 2714 2504 2751 :
2545 2716 2563 2748 ι
2606 2695 2879 2752 Consimili
2916 2696 3068 2751 modo
3101 2703 3149 2749 et
3177 2703 3453 2765 septenum

1951 2791 2084 2846 Elia:
2139 2792 2403 2862 prapltetaz
2457 2791 2882 2854 conversionem,
2939 2803 3056 2860 qua:
3108 2787 3454 2858 Sarephtana:

1948 2884 2118 2938 viduae
2154 2883 2267 2952 ﬁlio
2308 2885 2416 2938 vita
2461 2885 2727 2954 inspirata
2773 2893 2847 2937 est
2871 2892 2898 2929 ι
2923 2921 2938 2946 ,
2972 2880 3452 2954 ejusdemque“:-

1951 2990 2094 3028 mero
2123 2990 2305 3045 parem
2331 2989 2488 3045 super
2516 2973 2723 3029 assulas
2750 2971 3110 3045 proluvionem
3139 2979 3188 3027 Y.
3225 2991 3244 3024 ι

1953 3169 2154 3224 Beatus
2193 3185 2362 3226 senex
2396 3172 2487 3226 ille
2521 3187 2552 3226 a
2588 3187 2674 3226 me
2710 3171 2779 3226 de
2813 3171 2919 3226 hoc
2953 3171 3326 3240 interrogatus
3363 3183 3454 3224 re-

1882 3257 2126 3326 spondit,
2152 3257 2258 3312 hoc
2285 3258 2408 3313 loco
2432 3258 2610 3314 videri
2637 3258 2869 3312 fortasse
2899 3273 3059 3328 posse
3087 3257 3233 3326 quod
3262 3257 3455 3312 doctor

1883 3347 1953 3404 de
1979 3351 2297 3420 septenario
2318 3358 2643 3420 persecutus
2667 3363 2898 3403 numero
2917 3348 3290 3418 conjecturam
3313 3347 3457 3402 fece-

1883 3441 1977 3496 rit.
2011 3442 2255 3498 Primum
2295 3442 2517 3511 quidem
2561 3439 2868 3496 secundum
2915 3438 3278 3494 arithmeticae
3322 3439 3458 3493 artis

1884 3533 2114 3602 peritos.
2151 3533 2235 3588 llli
2275 3533 2423 3588 enim
2461 3531 2726 3602 quosdam
2764 3533 3025 3586 numeros
3061 3546 3128 3585 ex
3164 3529 3458 3599 duplicatis

1885 3631 1944 3679 et
1975 3624 2268 3694 triplicatis
2295 3625 2439 3688 aliis,
2470 3624 2680 3677 unitate
2711 3621 2766 3676 iu
2798 3629 3046 3676 extremo
3079 3619 3454 3690 superaddita,

1887 3724 2142 3770 constare
2173 3715 2392 3770 docent.
2421 3713 2512 3770 Sic
2539 3730 2605 3770 ex
2633 3713 2930 3783 duplicatis
2953 3720 3167 3767 constat
3194 3727 3458 3767 numerus

212 3799 546 3866 συνίσταται,
595 3805 694 3874 τῆς
742 3805 972 3875 μονάδος
1016 3805 1378 3878 δισσουμένης
1409 3811 1549 3880 μετὰ
1585 3812 1695 3866 τῶν
1722 3813 1777 3879 ἓξ

1888 3807 1976 3873 64,
2002 3807 2214 3862 unitate
2243 3805 2503 3862 videlicet
2530 3805 2804 3876 duplicata
2837 3820 2963 3860 cum
2998 3819 3092 3860 sex
3125 3805 3372 3859 numeris
3401 3815 3460 3859 et

211 3888 479 3960 ἀριθμῶν,
511 3894 942 3966 προστιθεμένης
979 3899 1075 3951 καὶ
1095 3899 1196 3968 τῆς
1222 3900 1467 3968 μονάδος,
1499 3904 1593 3958 καὶ
1611 3903 1784 3970 οὕτως

213 3979 245 4046 ὴ
278 3979 511 4050 ἑϐδομὰς
543 3983 869 4054 πληροῦται,
921 3983 1034 4041 οἷον
1071 3988 1155 4050 δΐς
1185 3995 1234 4044 α’
1286 3988 1352 4060 β’,
1390 3991 1476 4056 δὶς
1529 3993 1572 4062 β’
1606 3994 1670 4058 δ’,
1703 3995 1786 4060 δὶς

211 4066 252 4118 δ’
267 4074 336 4136 η’,
361 4068 441 4129 δίς
467 4075 518 4139 η’
539 4071 634 4136 ις’,
653 4073 733 4136 δὶς
763 4081 838 4138 ις’
857 4073 932 4144 λβ¹
951 4075 1031 4140 δὶς
1051 4077 1244 4148 λβ⁰,ξδ’.
1263 4080 1480 4134 Τούτων
1504 4082 1646 4138 οὕτω
1669 4085 1786 4138 δια·

215 4157 559 4214 πλασθέντων
593 4163 661 4216 δι’
688 4165 766 4232 ιέξ
809 4166 1063 4238 ἀριθμῶν
1104 4170 1324 4225 δοκοῦσι
1376 4174 1781 4244 συντεθεῖσθαι,

215 4250 349 4304 ἀλλὰ
377 4253 916 4326 παραλαμϐανομένη
941 4259 1250 4316 τελευταῖον
1271 4263 1366 4316 καὶ
1395 4265 1427 4334 η
1453 4265 1622 4335 μονὰς
1648 4267 1784 4339 πλη-

218 4343 300 4411 ροῖ
328 4343 418 4395 τὸν
457 4345 616 4407 ἑπτὰ,
662 4345 722 4411 ἐξ
757 4343 826 4418 ἧς
859 4349 957 4420 τὴν
999 4351 1173 4424 ἀρχὴν
1210 4355 1238 4407 ὁ
1273 4353 1673 4428 διπλασιασμὸς
1706 4359 1784 4412 εἴ·

215 4431 404 4502 ληφεν.
441 4432 628 4499 Οῦτως
657 4433 750 4491 οῦν
779 4440 1058 4494 κάνταῦθα
1103 4443 1194 4496 τὸν
1232 4445 1396 4498 αὐτὴν
1426 4449 1628 4502 κανόνα
1678 4467 1784 4504 κα·

215 4523 504 4593 τασχόντες
529 4527 903 4598 ἀπαρτίσομεν
929 4532 1017 4584 τὸν
1049 4534 1189 4588 ἔπτὰ
1209 4535 1473 4610 ἀριθμόν..
1487 4540 1625 4609 Φησὶ
1653 4541 1781 4612 γὰρ,

206 4623 242 4664 ἰ
290 4613 566 4683 Ἐκχέατε,
615 4618 916 4675 δισσώσατε
957 4625 1052 4676 καὶ
1098 4626 1458 4696 τρισσὼσατε.
1512 4648 1530 4680 ι
1573 4631 1666 4694 Δὶς
1693 4627 1785 4686 οὖν

220 4703 316 4791 μία
343 4703 410 4776 β’,
453 4706 576 4778 τρὶς
613 4707 660 4776 β’
705 4708 785 4777 ἓξ,
835 4713 926 4765 καὶ
965 4715 997 4783 ἡ
1037 4714 1227 4786 πρώτη
1287 4717 1456 4787 μονὰς
1499 4721 1786 4791 προστιθε-

221 4789 350 4860 μένη
383 4793 496 4856 τοῖς
535 4793 720 4859 ἐξάσιν
750 4799 1040 4870 ἀπαρτίζει
1071 4803 1162 4856 τὸν
1200 4804 1344 4858 ἑπτὰ
1365 4789 1620 4878 ἀριθμόν.
1647 4809 1785 4863 Φασὶ

217 4878 270 4932 δὲ
298 4882 392 4934 καὶ
422 4885 743 4950 συγγένειάν
775 4907 898 4944 τινα
932 4895 1310 4966 πνευματικὴν
1335 4897 1478 4951 κατὰ
1514 4901 1784 4969 μυστικὴν

219 4971 448 5042 θεωρῖαν
473 4977 610 5058 up?‘
633 4979 725 5033 τὸν
748 4981 792 5044 ζ’
817 4983 1052 5054 ἀριθμὸν
1082 4985 1225 5055 ἔχειν
1253 4987 1343 5040 τὸν
1366 4995 1413 5056 γ’
1445 4991 1586 5044 κατὰ
1616 4992 1786 5046 τοιόνο

218 5063 273 5153 δε
295 5065 514 5132 τρόπον.
534 5069 613 5138 τῷ
631 5071 731 5141 τὴν
755 5073 1066 5129 πάνσεπτον
1095 5079 1190 5131 καὶ
1213 5081 1594 5152 προσκυνητὴν
1617 5083 1786 5153 Τριά-

218 5152 280 5215 δα
311 5153 398 5209 διὰ
434 5155 529 5208 τοῦ
560 5164 607 5226 γ’
642 5163 1028 5230 σημαίνεσθαι,
1065 5167 1159 5220 καὶ
1187 5168 1348 5223 πάλιν
1376 5170 1476 5240 τὴν
1504 5152 1675 5242 αὐτὴν
1699 5174 1785 5228 διὰ

217 5243 309 5299 τοῦ
339 5245 406 5310 ζ’.
438 5248 515 5333 τῶ
566 5251 656 5305 τὶν
688 5253 734 5318 ζ’
765 5255 1002 5327 ἀριθμὸν
1033 5260 1303 5329 παρθένον
1331 5255 1489 5317 εἶναι.
1519 5265 1640 5316 Τῶν
1673 5266 1784 5336 γὰρ

283 5371 314 5413 1
336 5361 406 5420 ιιι
434 5363 568 5436 Reg.
600 5383 732 5434 xvu,
756 5366 948 5436 25,2l.

1887 3902 2101 3958 unitate
2127 3902 2182 3956 in
2209 3907 2458 3956 extremo
2487 3899 2722 3970 adjecta,
2741 3914 2848 3968 qua
2873 3897 3088 3954 ratione
3113 3897 3460 3967 septenarius

1866 3994 2196 4064 'completur
2225 4007 2520 4057 numerus;
2566 4006 2694 4045 nam
2731 3991 2750 4044 l
2793 3990 2878 4046 bis
2910 3997 3163 4059 sumptus
3194 3989 3362 4044 eﬂicit
3391 3989 3456 4054 2,

1885 4086 1921 4140 2
1955 4085 2040 4140 bis
2068 4086 2130 4147 4.
2159 4085 2194 4139 4
2223 4083 2308 4138 bis
2330 4083 2391 4147 8,
2423 4083 2456 4137 8
2485 4082 2571 4137 bis
2601 4082 2698 4146 16,
2729 4081 2794 4136 16
2825 4081 2912 4135 bis
2941 4079 3038 4144 5'2,
3063 4079 3133 4133 5‘2
3160 4079 3248 4135 bis
3274 4078 3460 4138 65.1“

1888 4176 1964 4230 ita
1999 4174 2262 4245 duplicati
2296 4189 2396 4244 per
2427 4163 2522 4227 se:
2557 4187 2819 4227 numeros
2849 4169 3110 4226 videntur
3147 4170 3460 4240 compositi,
3531 4159 3534 4164 ’

1887 4269 1981 4324 sed
2012 4271 2196 4323 unitas
2225 4247 2280 4320 in
2308 4276 2557 4322 extremo
2583 4272 2894 4333 assumpta,
2916 4281 2985 4319 ex
3010 4279 3116 4334 qua
3145 4263 3463 4335 duplicandi

1887 4361 2106 4414 initium
2157 4359 2361 4414 factum
2413 4367 2562 4422 erat,
2607 4356 2844 4426 complet
2893 4356 3286 4426 scptenarium.
3336 4356 3462 4411 Pari

1888 4453 2056 4524 igitur
2095 4451 2187 4506 hic
2229 4465 2448 4521 quoque
2493 4449 2658 4504 modo
2699 4449 2949 4504 eamdem
2993 4465 3242 4504 normam
3285 4447 3466 4505 secuti

1886 4545 2260 4615 septenarium
2295 4542 2647 4598 absolvemus
2678 4557 3006 4596 numerum;
3033 4559 3051 4592 ι
3089 4541 3400 4606 Eﬂ‘undite,
3440 4560 3458 4591 ι

1885 4633 2034 4687 enim
2068 4631 2268 4702 inquit,
2305 4649 2323 4682 ι
2355 4629 2635 4699 duplicate
2663 4637 2721 4684 et
2749 4629 3044 4699 triplicate.
3072 4648 3090 4681 ι
3125 4629 3313 4699 Itaque
3341 4629 3466 4684 uni-

1887 4734 1997 4779 tate
2028 4723 2302 4793 duplicata
2337 4721 2395 4774 lit
2423 4721 2478 4786 2,
2509 4721 2782 4791 triplicata
2812 4721 2848 4775 2
2882 4720 2941 4774 tit
2969 4720 3022 4783 6,
3047 4729 3104 4774 et
3133 4720 3308 4790 prima
3341 4720 3467 4774 uni-

1887 4823 1971 4870 tas
2011 4813 2198 4868 addita
2241 4813 2474 4868 senariis
2519 4812 2770 4867 numeris
2813 4811 3052 4866 absolvit
3089 4813 3465 4881 scptenarium

1880 4919 2198 4974 numerum.
2227 4903 2477 4958 Tradunt
2511 4919 2645 4958 vero
2683 4903 2850 4958 etiam
2891 4903 3235 4973 spiritualem
3273 4919 3468 4974 quam-

1885 4997 2009 5050 dam
2036 4997 2341 5052 secundum
2367 4996 2654 5066 mysticam
2679 4996 3198 5065 contemplationem
3228 4996 3468 5051 interea-

1886 5089 2020 5144 dere
2053 5087 2436 5158 cognationem
2476 5088 2620 5142 inter
2657 5087 2955 5141 ternarium
2990 5102 3055 5141 ac
3087 5086 3462 5157 scptenarium

1891 5195 2181 5234 numerum
2219 5179 2322 5232 ltoc
2357 5179 2472 5234 fere
2503 5179 2694 5244 modo,
2727 5179 2872 5250 quod
2910 5195 3122 5234 summe
3151 5176 3467 5234 veneranda

1890 5276 1947 5322 ct
1983 5267 2262 5322 adoranda
2292 5267 2532 5324 Trinitas
2574 5284 2673 5338 per
2708 5267 3012 5323 ternarium
3051 5281 3378 5333 numerum,
3407 5269 3466 5324 et

1483 5441 1724 5498 VARIIE
1758 5443 2162 5500 LECTIONI'ZS.

286 5526 330 5560 δ’
363 5530 599 5600 Antiqua
629 5547 824 5588 manus
853 5533 908 5589 in
942 5547 1114 5604 marg.
1160 5532 1289 5588 libri
1327 5532 1467 5590 Gud.
1499 5537 1752 5607 ascripsit
1780 5539 1877 5612 τῆς
1907 5539 2220 5610 ἑϐδομάδος.

290 5643 401 5716 (64)
433 5643 594 5718 Greg.
631 5649 764 5704 Naz.
798 5648 946 5716 ibid.,
975 5665 1093 5718 cap.
1123 5648 1176 5716 4,
1207 5664 1262 5716 p.
1297 5649 1418 5712 724.
1452 5659 1585 5706 tom.
1629 5652 1651 5707 Ι
1695 5651 1829 5726 Opp.
1859 5655 1946 5712 ed.
1989 5655 2194 5712 Bcned.
