3938 6148
501 214 637 280 1Ἱ95
1682 220 1743 278 S.
1784 218 2070 279 MAXlMI

2182 221 2624 284 )NFEssouts
3708 217 3829 280 13%

492 327 694 381 iterum
723 341 822 397 per
843 326 1215 397 septenarium
1243 324 1605 398 signiﬁcetur,
1630 342 1698 382 eo
1720 328 1868 397 quod
1894 336 2070 397 septe.

2182 331 2330 395 ἐντὸς
2357 332 2580 397 δεκάδος
2612 333 2856 405 ἀριθμῶν
2889 337 3049 407 μόνος
3074 332 3250 400 οὗτος
3286 334 3433 388 οὗτε
3469 332 3682 399 γεννᾷ.
3718 328 3827 381 τεῧτε

492 418 685 471 uarius
707 431 969 472 numerus
988 417 1145 487 virgo
1167 417 1257 471 sit.
1279 416 1539 471 Omnium
1562 417 1710 471 enim
1740 418 1884 471 intra
1907 416 2070 472 deca-

2182 422 2455 487 γεννᾶται.
2486 422 2657 475 Τοῦτο
2686 424 2955 489 Sesamii;
2989 427 3365 479 ἐνδείκνυται
3397 419 3645 484 διεξιὼν
3687 419 3750 469 ὲν
3772 422 3827 485 τῇ

491 508 619 563 dem
642 523 935 562 numerum
963 508 1009 562 is
1039 509 1190 563 solus
1215 524 1325 562 non
1354 519 1603 579 generat,
1632 524 1811 579 neque
1840 523 2070 581 genera-

2182 509 2348 579 βίόλῳ
2394 510 2502 563 τῶν
2550 512 2697 565 ὲπῶν
2728 514 2865 580 Περὶ
2898 516 3240 582 παρθενίας
3264 556 3281 577 ,
3343 510 3581 564 οὑτωσὶ
3632 506 3826 574 λέγων.

492 607 600 653 tur.
640 596 798 664 Quod
844 598 991 653 clare
1038 599 1381 654 demonstrat
1429 607 1773 669 pertractans
1819 600 1877 654 in
1925 600 2070 654 libro

2184 620 2204 652 ι
2240 601 2439 673 Πρώτη
2468 603 2735 674 παρθένος
2777 606 2926 658 ἐστὶν
2960 606 3101 677 ἁγνὴ
3145 605 3368 676 Τριὰς.
3402 622 3425 655 ι

485 688 732 745 carmine
762 690 971 759 scripto
1001 689 1079 743 De
1112 691 1441 760 virginitate,
1471 690 1564 745 ubi
1596 690 1733 746 dicit
1765 708 1778 744 :
1824 710 1842 742 ι
1885 690 2068 746 Prima

487 781 642 852 virgo
668 789 754 837 est
783 790 971 836 sancta
1002 778 1263 838 Trinitas.
1297 802 1317 834 ι

875 968 998 1024 Alia
1028 970 1083 1023 in
1114 968 1251 1022 idem
1284 969 1682 1041 contemplatio.

2495 970 2675 1022 Ἄλλο
2716 968 2988 1037 θεώρημα
3035 968 3127 1032 εις
3162 967 3239 1021 τὸ
3278 964 3478 1020 αὐτό.

2247 1084 2318 1137 ’Ἡ
2353 1085 2448 1137 καὶ
2475 1083 2669 1147 οὕτως.
2699 1084 2777 1155 Τῇ
2815 1084 2946 1155 ἁγίᾳ
2973 1084 3167 1156 Τριάδι
3193 1081 3521 1154 μυστικῶς
3555 1079 3648 1151 τῷ
3683 1079 3824 1147 λόγῳ

2172 1173 2271 1245 τὴν
2310 1173 2482 1243 αὐτῆς
2520 1175 2900 1246 ὲπιθεωρήσας
2927 1176 3237 1246 ἐνέργειαν,
3274 1174 3443 1243 φημὶ
3477 1171 3547 1223 δὲ
3585 1170 3655 1223 τδ
3690 1172 3821 1235 67¢-

2175 1266 2266 1318 θον
2294 1266 2430 1335 ὅπερ
2459 1266 2555 1330 τὰς
2580 1268 2850 1336 τέσσαρας
2879 1267 3135 1335 ἐμφαίνει
3160 1265 3411 1333 γενικὰς
3450 1261 3715 1333 ἀρετὰς,
3738 1263 3819 1313 τόν

2177 1358 2318 1411 ἑπτὰ
2358 1357 2671 1426 πληρώσεις
2713 1357 2966 1427 ἀριθμόν.
3003 1358 3081 1427 Τῇ
3122 1357 3236 1428 γὰρ
3283 1356 3437 1425 ἁγίᾳ
3485 1357 3631 1420 Ξκαὶ
3687 1369 3819 1405 πειτα

2178 1448 2405 1518 υμνήτῳ
2438 1449 2631 1517 Τριὰδι
2886 1448 2936 1515 b)
2976 1448 3259 1518 μυστικῶς
3288 1449 3402 1517 τὴν
3462 1446 3667 1515 αὑτῆς
3696 1447 3814 1496 ἐξ·

2179 1538 2513 1609 Θεωροῦντες
2547 1541 2828 1611 ἐνέργειαν
2858 1539 2949 1592 τὸν
2980 1538 3119 1592 ἑπτὰ
3149 1538 3443 1609 παρθένον
3482 1536 3811 1605 ἀπαρτέζο-

2181 1646 2279 1699 μεν
2309 1631 2561 1703 ἀριθμόν.

558 1086 655 1141 Vel
685 1086 850 1141 etiam
881 1084 937 1140 in
964 1085 1114 1140 hunc
1139 1085 1386 1139 modum.
1414 1084 1553 1141 Cum
1584 1092 1774 1141 sancta
1804 1083 2075 1139 Trinitate

485 1179 716 1251 mystice
742 1179 864 1249 ejus
886 1177 1051 1232 simul
1077 1177 1300 1232 intuens
1322 1177 1507 1231 animo
1530 1176 1814 1240 virtutem,
1840 1174 2072 1241 bonum,

486 1272 743 1341 inquam,
777 1268 924 1339 quod
969 1270 1258 1339 generales
1301 1277 1543 1339 quatuor
1582 1267 1818 1322 virtutes
1865 1281 2073 1335 reprae-

482 1372 685 1428 sentat,
707 1362 1082 1431 septenarium
1109 1361 1412 1430 complebis
1434 1374 1750 1414 numerum.
1772 1357 1910 1412 Cum
1942 1371 2070 1411 san-

484 1462 574 1508 cta
628 1454 835 1508 ctenim
888 1464 946 1508 et
991 1452 1431 1507 concelebranda
1487 1451 1747 1506 laudibus
1795 1449 2071 1504 Trinitate

484 1546 615 1601 dum
640 1545 868 1616 mystice
890 1545 1054 1599 simul
1082 1545 1366 1599 intuemur
1388 1543 1648 1596 virtutem
1674 1542 1866 1611 ipsius,
1888 1547 2070 1608 septe-

481 1638 701 1693 narium
729 1638 995 1708 virginem
1021 1651 1316 1691 numerum
1341 1646 1815 1689 censummamus.

484 1820 568 1877 Ea:
609 1820 787 1874 eodem
821 1836 1083 1882 sermone,
1109 1820 1164 1872 in
1198 1818 1335 1873 illud
1371 1835 1387 1872 :
1433 1838 1452 1869 ι
1489 1818 1641 1872 Jesus
1674 1834 1793 1871 vero
1827 1818 1955 1887 ipse,
1979 1817 2069 1887 qui

2183 1819 2285 1872 Ἐκ
2324 1817 2430 1871 τοῦ
2468 1815 2657 1870 αὑτοῦ
2680 1817 2888 1884 λόγου,
2919 1817 3007 1880 εὶς
3028 1813 3143 1866 τό·‹
3169 1811 3417 1880 Ἰησοῦς
3468 1810 3553 1862 δὲ
3584 1811 3804 1876 αὐτὰ,

552 1926 688 1982 pura
745 1910 994 1980 perfectio
1043 1917 1154 1974 est,
1201 1910 1434 1979 quinque
1483 1908 1708 1978 panibus
1762 1910 1819 1962 in
1869 1908 2070 1962 deserto

2247 1914 2285 1981 ἡ
2321 1913 2549 1980 καθαρὰ
2582 1913 2905 1978 τελειότης,
2946 1907 3071 1964 οἵδε
3103 1908 3218 1978 μὲν
3252 1909 3525 1977 τρέφειν
3558 1909 3644 1961 ἐν
3669 1910 3801 1975 em-

553 2004 784 2074 quinque
818 2003 1091 2056 hominum
1129 2002 1302 2057 millia
1344 2002 1547 2056 nutrire
1587 2001 1847 2067 novit,'ac
1887 2018 2070 2055 rursus

2240 2006 2350 2074 μίᾳ
2396 2002 2494 2057 καὶ
2538 2002 2720 2056 πέντε
2760 2001 2964 2070 ἄρτοις
3004 2001 3587 2067 πεντακισχιλίους
3617 2041 3635 2062 ,
3675 1997 3800 2053 οἶδε

552 2101 751 2163 septem
795 2093 1018 2163 panibus
1065 2100 1295 2163 quatuor
1337 2090 1528 2144 millia.
1565 2092 1735 2161 Atque
1775 2092 2070 2145 saturitatis

2244 2096 2314 2151 δὲ
2360 2095 2551 2150 πάλιν
2602 2095 2698 2148 καὶ
2744 2092 2895 2147 ἑπτὰ
2935 2093 3478 2160 τετρακισχιλίους
3505 2108 3522 2121 ·
3581 2093 3690 2143 καὶ
3732 2092 3799 2142 τὰ

554 2184 794 2255 reliquiae
822 2183 932 2238 illic
963 2185 1172 2255 quidem
1207 2184 1477 2237 duodecim
1512 2185 1750 2254 cophini,
1779 2187 1861 2238 hic
1896 2194 2070 2238 autem

2244 2187 2352 2242 τοῦ
2381 2188 2563 2253 κόρου
2612 2186 2881 2253 λείψανα
2926 2183 3057 2237 ἐκεῖ
3078 2182 3195 2252 μὲν
3220 2180 3471 2234 δώδεκα
3513 2178 3789 2249 adﬁgit-er

552 2286 755 2349 septem
803 2285 1001 2340 sporta!
1025 2286 1071 2330 ².
1118 2275 1413 2339 Neutrum,
1456 2278 1664 2346 Opinor,
1714 2274 1939 2342 temere,
1981 2293 2070 2330 nec

2243 2273 2506 2333 ἐνταῦθα
2549 2277 2619 2330 δὲ
2673 2275 2968 2343 σπυρίδες
3013 2272 3078 2335 ζ’.
3124 2272 3473 2341 οὐθέτερον
3545 2275 3793 2340 ἀλόγως

555 2369 716 2425 aliter
744 2385 905 2440 quam
934 2365 1138 2438 Spiritu
1163 2365 1381 2437 dignum
1411 2375 1545 2421 erat.
1579 2386 1597 2417 ι

2245 2369 2425 2441 οἶμαι,
2464 2368 2600 2424 οὐδὲ
2624 2368 2888 2434 ἀναξίως
2922 2367 3029 2422 τοῦ
3059 2368 3444 2435 Πνεύματος.
3485 2385 3507 2418 s

2245 2482 2664 2555 Γυμνασθεῖσαν
2708 2481 2809 2552 ήδη
2842 2465 3369 2552 πρδςλθεωρητικὴν
3402 2478 3540 2545 ἕξιν
3576 2481 3642 2533 ἐν
3682 2483 3789 2542 τρῖς

2175 2570 2510 2644 προλαϐοῦσι
2546 2570 2634 2624 διὰ
2662 2569 2920 2635 πλάτους,
2963 2568 3040 2632 ὡς
3083 2563 3193 2622 οἶόν
3227 2585 3286 2622 τε
3318 2563 3414 2638 ἦν,
3451 2572 3788 2641 εἰρημένοις

555 2479 928 2535 Exercitatam
959 2480 1071 2550 jam
1109 2479 1175 2533 ad
1211 2478 1703 2548 contemplativum
1737 2478 1985 2532 habiturn
2016 2477 2071 2531 in

488 2574 569 2627 eis
612 2584 736 2640 quae
777 2569 1029 2639 copiose,
1065 2579 1127 2624 ut
1177 2568 1295 2624 ﬁeri
1345 2570 1555 2639 potuit,
1589 2569 1867 2639 disputata
1912 2577 2070 2635 sunt,

485 2677 719 2732 qumque
771 2662 882 2733 jam
925 2661 1303 2730 anticiparunt
1343 2661 1549 2729 ipsam,
1581 2670 1819 2715 mentem
1861 2675 2072 2714 sermo-

488 2767 619 2809 num
656 2752 845 2824 copia,
877 2751 922 2806 si
957 2752 1200 2813 videtur,
1233 2766 1301 2805 ne
1338 2767 1660 2821 gravemus,
1692 2766 1818 2806 cum
1853 2752 2069 2806 divina-

488 2861 612 2900 rum
641 2859 826 2900 rerum
855 2842 923 2898 de
951 2844 1195 2913 reliquo,
1226 2844 1311 2897 vel
1347 2843 1402 2896 in
1432 2844 1820 2913 compendium
1851 2852 2072 2898 contra-

2174 2661 2270 2732 τὴν
2315 2661 2576 2720 διάνοιαν,
2614 2657 2809 2728 πλήθει
2836 2658 3013 2726 λόγων
3041 2658 3231 2728 αὐτὴν,
3269 2658 3320 2710 εἰ
3355 2658 3548 2722 δοκεῖ,
3586 2659 3671 2729 μὴ
3701 2658 3787 2727 βα.

2178 2754 2455 2824 ρήσωμεν,
2486 2750 2794 2820 δυναμένην
2841 2748 3028 2803 λοιπὸν
3074 2750 3168 2802 καὶ
3209 2751 3333 2802 κατ’
3367 2752 3671 2822 ἐπιτομὴν
3697 2755 3787 2821 τὴν

2172 2846 2283 2897 τῶν
2318 2843 2479 2896 θείων
2514 2841 2895 2910 ἐπιστημόνως
2942 2841 3195 2911 δέχεσθαι
3238 2840 3519 2912 θεωρίαν,
3577 2845 3649 2897 Οἱ
3682 2846 3787 2914 κρέ-

489 2946 741 3000 ctarum,
804 2935 1331 3003 contemplationem
1390 2934 1568 3002 perite
1627 2948 1823 3002 capere
1883 2942 2070 3002 queat.

2182 2936 2309 2989 θινοι
2352 2934 2640 3003 τοιγαροῦν
2686 2934 2847 2985 πέντε
2897 2933 3053 3004 ἄρτοι
3104 2933 3232 2996 τοὺς
3287 2935 3658 3006 προχείρους
3698 2937 3787 3006 τῆς

488 3028 796 3083 llordeacei
828 3025 997 3095 igitur
1023 3025 1269 3094 quinque
1302 3038 1473 3092 panes
1506 3024 1774 3077 naturalis
1804 3024 2070 3078 denotant

2182 3031 2413 3098 φυσικῆς
2438 3027 2671 3096 θεωρίας
2706 3025 3079 3097 παραδηλοῦσι
3108 3026 3326 3094 λόγους.
3364 3029 3435 3079 υἱ
3468 3029 3537 3080 δὲ
3578 3029 3787 3092 τούτοις

487 3115 972 3187 contemplationis
1029 3123 1193 3169 notas
1253 3114 1517 3167 rationes.
1573 3112 1828 3182 Quinque
1885 3124 2069 3169 autem

2182 3121 2498 3191 τρεφόμενοι
2533 3119 2967 3189 πεντακισχίλιοι
3004 3119 3197 3189 ἄνδρες
3244 3121 3381 3184 τοὺς
3432 3124 3583 3194 περὶ
3633 3124 3785 3192 φύσιν

488 3209 661 3267 millia
711 3208 997 3263 hominum
1040 3205 1133 3275 qui
1182 3206 1264 3259 eis
1313 3207 1369 3260 in
1420 3206 1641 3260 deserto
1693 3206 1919 3261 aluntur
1966 3221 2063 3261 eos

489 3302 798 3373 signiﬁcant
839 3299 935 3370 qui
978 3298 1123 3353 circa
1168 3307 1420 3353 naturam
1465 3298 1688 3369 quidem
1738 3307 2062 3363 moventur,

490 3391 584 3445 sed
616 3389 860 3445 nondum
892 3388 1115 3459 penitus
1140 3395 1269 3442 sunt
1295 3388 1364 3442 ab
1393 3389 1621 3443 relativa
1650 3388 1704 3443 in
1738 3389 1981 3457 passibili
2011 3397 2069 3442 et

488 3480 794 3536 irrationali
855 3480 1050 3535 animae
1110 3487 1265 3550 parte
1322 3480 1539 3551 purgati
1601 3480 1912 3535 affectione.
1977 3480 2068 3535 Sic

485 3573 635 3627 enim
671 3572 939 3627 docemur
971 3571 1028 3624 in
1066 3571 1152 3625 his
1188 3571 1495 3626 rationibus
1526 3560 1968 3642 contemplandis
2001 3588 2067 3628 eo

486 3664 634 3733 quod
672 3664 740 3718 de
778 3662 988 3717 hordeo
1032 3670 1161 3716 sunt
1201 3662 1280 3716 illi
1319 3677 1517 3730 panes,
1549 3662 1696 3731 quod
1737 3678 1913 3734 genus
1949 3663 2067 3717 fru-

485 3754 658 3809 menti
689 3753 849 3808 cibus
879 3753 1075 3808 bestiis
1103 3759 1186 3807 est
1212 3768 1337 3807 cum
1370 3752 1692 3807 hominibus
1725 3754 2065 3819 communis,

487 3858 542 3903 ct
582 3846 729 3917 quod
770 3861 897 3901 cum
938 3844 1267 3900 mulieribus
1304 3853 1463 3899 erant
1505 3852 1669 3917 atque
1710 3844 1919 3899 liberis.
1954 3845 2069 3899 lloc

485 3940 633 3994 enim
673 3939 820 3993 clare
860 3936 1106 3992 ostendit
1138 3951 1234 3991 eos
1262 3951 1376 3990 non
1410 3935 1681 3991 alienatos
1711 3937 1869 4006 plane
1899 3936 2070 3991 fuisse

486 4052 516 4088 a
540 4030 912 4101 voluptuariis
945 4027 1345 4097 cupiditatibus
1377 4035 1432 4081 et
1460 4027 1530 4081 ab
1565 4026 1802 4081 infantili
1836 4043 1900 4082 ac
1930 4043 2068 4082 vana

486 4125 884 4196 cogitationum
947 4121 1273 4177 stoliditate.
1319 4120 1606 4174 Desertum
1659 4135 1793 4174 vero
1847 4128 1932 4175 est
1980 4121 2071 4175 hic

488 4217 760 4277 mundus,
808 4215 864 4270 in
912 4226 1024 4284 quo
1064 4212 1147 4268 eis
1186 4212 1281 4282 qui
1329 4227 1429 4281 per
1471 4213 1775 4266 naturalem
1822 4221 2071 4267 contem-

486 4308 788 4376 plationem
836 4305 982 4360 circa
1029 4304 1202 4359 Deum
1246 4310 1664 4356 commoventur
1708 4302 1800 4358 Dei
1847 4304 2069 4369 Sermo,

487 4401 699 4447 naturm
743 4392 990 4446 rationes
1036 4390 1400 4461 spiritualiter
1438 4390 1816 4461 confringens,
1852 4409 2073 4448 omnem

2176 3214 2276 3283 μὲν
2304 3211 2682 3281 κινουμένους,
2719 3209 2872 3264 οὔπω
2893 3210 2952 3264 δὲ
2984 3212 3162 3281 πάντη
3193 3212 3296 3282 τῆς
3335 3229 3413 3264 πε
3426 3214 3484 3283 ρ“ι
3523 3216 3592 3267 τὸ
3619 3218 3786 3286 παθη·

2166 3303 2319 3358 τικδν
2365 3303 2461 3357 καὶ
2510 3303 2706 3368 ἄλογον
2761 3302 2860 3373 τῆς
2905 3300 3087 3371 ψυχῆς
3132 3304 3786 3376 μέροςὲκκαθαρθέντας

2170 3394 2431 3464 σχετικῆς
2482 3393 2781 3457 διαθέσεως
2838 3393 3194 3463 ἐμφαίνουσι.
3239 3394 3335 3458 Ὧς
3390 3400 3557 3449 νοεῖν
3608 3399 3782 3453 eam

2160 3490 2280 3549 ’τοῖς
2311 3488 2421 3538 τῶν
2467 3484 2957 3552 τοιούτωνσλόγων
3003 3485 3246 3555 θεάμασι
3282 3486 3350 3539 ὲκ
3390 3489 3620 3560 κριθῆς
3664 3488 3786 3544 εἶναι

2167 3581 2295 3641 τοὺς
2326 3576 2543 3648 ἄρτους,
2583 3576 2762 3630 κοινδν
2792 3576 2851 3629 δὲ
2885 3575 3049 3629 τοῦτο
3075 3575 3296 3647 κτηνῶν
3323 3594 3390 3630 τε
3444 3583 3550 3632 καὶ
3592 3583 3787 3652 ἀνθρώ-

2170 3687 2289 3725 πων
2316 3665 2455 3734 εἶδος
2496 3669 2731 3739 ὑπάρχει
2770 3668 2997 3738 τροφῆς,
3037 3669 3132 3721 καὶ
3173 3668 3237 3721 τὸ
3277 3670 3382 3724 σὺν
3422 3677 3694 3742 γυναιξὶν
3721 3674 3785 3727 εἷ-

2169 3777 2257 3814 ναι
2302 3757 2399 3812 καὶ
2431 3758 2642 3822 παισὶν,
2668 3757 2808 3826 ὅπερ
2836 3754 2989 3826 δηλοῖ
3024 3755 3214 3824 σαφῶς
3249 3757 3329 3827 μὴ
3359 3759 3486 3813 τῶν
3522 3765 3658 3817 καθ’
3685 3765 3786 3833 ἡδο-

2170 3849 2266 3920 νὴν
2297 3846 2579 3909 παντελῶς
2607 3843 2916 3915 ἐπιθυμιῶν
2963 3844 3059 3897 καὶ
3086 3844 3187 3912 τῆς
3221 3845 3473 3911 ἀτελοῦς
3508 3849 3629 3901 τῶν
3653 3851 3785 3916 λογι-

2173 3939 2328 4009 σμῶν
2366 3937 2697 4008 νηπιότητος
2732 3936 2928 3998 αὐτοὺς
2954 3934 3401 4007 ἠλλοτριῶσθαι.
3463 3938 3540 3993 Ἦ
3578 3941 3639 3994 δὲ
3668 3941 3780 4011 ἐρη-

2176 4032 2275 4103 μός
2319 4031 2469 4084 ἐστιν
2515 4014 2556 4082 ὁ⁸
2583 4030 2786 4099 κόσμος
2816 4023 2991 4091 οὗτος,
3032 4030 3092 4080 ἐν
3121 4022 3166 4095 ᾧ
3201 4031 3323 4092 τοῖς
3368 4029 3472 4084 διὰ
3504 4032 3617 4101 τῆς
3647 4050 3784 4102 (pus:-

2174 4124 2279 4194 κῆς
2318 4123 2557 4195 θεωρίας
2588 4122 2716 4191 περὶ
2748 4120 2808 4174 τὸ
2834 4119 2976 4173 θεῖον
3004 4120 3371 4189 κινουμένοις
3401 4125 3549 4188 τοὺς
3571 4126 3671 4193 τῆς
3699 4123 3779 4193 φά.

2176 4233 2316 4279 σεως
2346 4212 2734 4284 πνευματικῶς
2780 4210 3133 4281 διαθρύπτων
3181 4210 3397 4279 λόγους
3444 4216 3477 4267 ὁ
3526 4216 3627 4269 τοῦ
3665 4215 3777 4269 8εοῦ

2176 4309 2348 4377 Λόγος
2380 4310 2563 4361 πᾶσαν
2607 4304 2828 4374 ἀγαθῶν
2855 4301 3149 4372 χαρίζεται
3196 4302 3581 4376 πλησμονὴν,
3616 4308 3685 4371 ὡς
3706 4309 3779 4375 ὁη-

2178 4400 2364 4452 λοῦσιν
2394 4401 2442 4450 οἱ
2467 4397 2577 4450 τῶν
2608 4393 3066 4467 περισσευμάτων
3107 4394 3364 4462 κῖφινοι,
3400 4395 3629 4451 δώδεκα
3653 4400 3777 4458 ὕντες

488 4486 760 4539 bonorum
795 4483 1197 4554 plenitudinem
1228 4480 1589 4553 gratiﬁcatur,
1616 4493 1676 4538 ut
1707 4484 1907 4539 docent
1936 4486 2069 4540 reli-

2182 4493 2264 4545 τὸν
2300 4490 2553 4560 ἀριθμόν.

488 4579 743 4647 quiarum
774 4575 998 4647 copliini
1017 4615 1030 4639 ,
1056 4575 1350 4629 duodecim
1375 4591 1627 4632 numero.

665 4749 1054 4822 Contemplatio
1086 4751 1139 4803 in
1175 4750 1562 4806 duodenarium
1598 4768 1894 4807 numerum.

561 4864 946 4923 Duodenarius
999 4880 1266 4919 numerus
1322 4880 1456 4919 vero
1512 4865 1784 4936 significat
1836 4868 2077 4923 rationes

2105 4694 2176 4711 ...-

2515 4755 2732 4822 Θεωρία
2768 4755 2855 4819 εὶς
2887 4752 2997 4806 τόν
3029 4752 3111 4818 ιβ’
3161 4755 3472 4827 ἀριθμόν.

2258 4870 2545 4939 Ἐμφαίνει
2577 4869 2632 4922 δὲ
2661 4872 2689 4922 ὁ
2716 4867 2922 4921 δώδεκα
2965 4866 3238 4937 ἀριθμὸς,
3270 4871 3310 4943 ἦ
3346 4873 3488 4937 τοὺς
3513 4871 3652 4928 κατᾶ
3677 4868 3769 4940 χρέ-

492 4956 825 5026 temporales
863 4963 920 5011 et
952 4956 1256 5020 naturales,
1290 4964 1351 5010 ut
1382 4956 1476 5026 qui
1516 4972 1583 5011 ex
1619 4957 1865 5027 quinque
1905 4973 1990 5015 est
2021 4970 2070 5016 el

2182 4978 2264 5014 νον
2291 4959 2383 5012 καὶ
2415 4957 2577 5028 φύσιν
2593 4956 2805 5025 λόγους,
2821 4955 2896 5018 ὡς
2915 4954 2980 5006 ἐκ
3014 4954 3185 5008 πέντε
3212 4960 3326 5012 καὶ
3348 4962 3509 5015 ἑκτὰ
3530 4961 3666 5015 κατὰ
3680 4958 3766 5012 σῦν-

493 5059 703 5121 septem
732 5066 830 5121 per
855 5051 1312 5122 compositionem
1338 5053 1664 5123 completus.
1695 5053 2078 5123 Septenarium

493 5143 643 5197 cnim
688 5151 906 5214 tempus
941 5152 1046 5209 est,
1080 5152 1269 5214 utpote
1308 5161 1409 5216 per
1445 5145 1633 5199 orbem
1674 5161 1795 5200 sese
1832 5148 2072 5203 circum-

493 5234 743 5299 volvens,
776 5245 832 5290 et
872 5234 938 5290 ad
983 5235 1285 5290 motionem
1330 5246 1701 5308 congruenter
1744 5248 1930 5306 aptum
1976 5254 2075 5309 per

497 5325 906 5381 extremitatum
954 5342 987 5382 a
1033 5327 1219 5382 medio
1266 5329 1566 5383 secundum
1610 5344 1900 5385 numerum
1945 5345 2072 5386 eum

570 5465 594 5495 ι
621 5458 814 5513 Matth.
857 5478 967 5531 xw,
985 5463 1078 5531 20;
1100 5464 1291 5530 xv,57,
1311 5467 1398 5523 58.

2176 5051 2324 5105 θεσιν
2356 5049 2867 5121 συμπληρούμενος.
2897 5044 3323 5118 Ἑϐδομαδικὸς
3378 5055 3503 5127 γὰρ
3535 5058 3563 5110 ὁ
3595 5054 3765 5126 χρόνος.

2178 5144 2253 5206 ὡς
2293 5141 2572 5205 κυκλικῶς
2608 5139 2947 5210 κινούμενος.
2982 5134 3183 5208 (25⁵1
3212 5142 3278 5213 a)
3313 5146 3422 5199 καὶ
3457 5147 3562 5219 τὴν
3593 5139 3769 5217 πρδςςὺ

2181 5235 2449 5291 κινεῖσθαι
2483 5230 2776 5305 προσφυῶς
2816 5228 2955 5301 ἔχων
3010 5230 3521 5309 ἐπιτηδειότητα,
3563 5238 3655 5310 τὴν
3693 5232 3771 5289 τῶν

2180 5327 2367 5399 ἄκρων
2404 5326 2512 5379 ἀπὸ
2555 5325 2652 5380 τοῦ
2687 5324 2852 5395 μέσου
2880 5320 3022 5375 κατὰ
3037 5321 3140 5375 τὸν
3172 5324 3454 5401 ἀριθμὸν
3477 5330 3664 5389 τοῦτον
3685 5330 3773 5396 imp

538 5646 551 5658 κ
573 5589 684 5659 (63)
718 5589 879 5663 Greg.
906 5594 1033 5649 Naz.
1075 5594 1178 5647 ibid
1207 5634 1219 5659 ,
1254 5609 1370 5664 cap.
1404 5595 1456 5662 ti,
1495 5612 1547 5669 p.
1581 5598 1703 5665 723i,
1744 5608 1874 5656 tom.
1912 5597 1930 5653 l
1959 5597 2093 5671 Opp.
2127 5596 2214 5653 ed.
2257 5592 2461 5651 Bencd.
