3938 6148
229 258 373 328 I397

1434 273 1962 336 AMBIGUORUM
1990 274 2243 336 LIBER.

3337 272 3504 339 139$“

217 378 550 433 ἀπόστασιν.
590 381 889 453 Πενταδικὴ
920 383 952 453 ἡ
980 380 1160 451 φύσις,
1193 383 1297 437 ὑπὸ
1324 384 1415 438 τὸν
1455 386 1686 456 ἀριθμὸν
1709 387 1798 439 τὸν

1909 403 2114 457 aequam
2149 386 2485 442 distantiam.
2511 383 2776 451 Quinaria
2812 399 2939 440 vero
2972 393 3057 438 est
3090 392 3280 438 natura
3314 394 3370 439 et
3401 387 3475 443 ita

217 470 389 522 πέντε
432 475 709 539 πεφυκυῖα
737 474 1027 527 τάττεσθαι
1047 515 1062 540 ,
1094 474 1183 528 διά
1214 492 1273 528 τε
1305 475 1403 547 τὴν
1433 477 1685 547 αἴσθησιν
1708 481 1797 548 ὑφ’

217 561 292 629 ἢν
329 562 473 614 τελεῖ
519 564 798 634 ’πανταχῶς
840 566 1242 635 διαιρουμένην,
1290 567 1380 620 διά
1432 585 1493 620 τε
1527 569 1585 622 τὸ
1636 571 1797 624 πλέον

218 655 326 725 τῆς
354 654 539 718 ἁπλῶς
568 655 869 725 λεγομένης
898 655 1029 722 ὕλης
1061 658 1159 728 τῆς
1180 658 1460 728 τετραχῶς
1480 660 1796 732 διαιρουμέ-

219 759 325 812 νης
353 742 496 813 ἔχειν
530 744 590 796 τὸ
619 740 777 807 εἶδος.
835 745 897 798 ’Π
951 745 1114 812 φύσις
1135 756 1138 761 ’
1160 744 1269 817 γὰρ
1314 747 1465 800 οὐδὲν
1488 749 1613 802 ἄλλο
1644 749 1798 803 mec-

222 848 426 904 στηκεν
458 833 590 888 οὖσα
616 835 648 905 ἢ
681 834 780 905 ὕλη
817 837 930 905 μετ’
962 835 1152 902 εἴδους,
1178 837 1211 907 ἢ
1244 836 1343 908 ὕλη
1376 839 1797 911 είδοπεποιημέ-

219 936 313 988 νη.
344 920 417 974 Τὸ
447 920 555 992 γὰρ
589 919 727 986 εἶδος
759 926 824 995 τῇ
859 922 963 994 ὕλῃ
994 924 1291 1011 προστεθὲν
1339 926 1502 997 φύσιν
1553 930 1796 1001 ἀπεργά-

221 1015 403 1078 ζεται.
1077 1014 1085 1021 ’

547 1217 737 1271 Ἀλλο
791 1217 1061 1288 θεώρημα
1101 1220 1189 1285 είς
1222 1218 1289 1273 τὸ
1314 1220 1480 1275 αὐτό.

298 1326 373 1379 Ἤ
405 1328 503 1391 τὰς
535 1328 643 1381 τῶν
688 1329 857 1382 ὄντων
893 1329 1136 1400 γενητῶν
1167 1331 1261 1384 καὶ
1293 1329 1526 1384 αἰωνίων
1567 1333 1799 1404 νοήσεις,

220 1411 303 1481 ὡς
347 1421 683 1491 κινουμένων
726 1423 823 1475 καὶ
857 1425 1410 1494 περιγεγραμμένων,
1446 1424 1658 1479 καὶτὸν
1704 1424 1801 1479 τοῦ

223 1506 282 1559 τί
315 1508 409 1561 καὶ
434 1511 588 1562 ποῖον
617 1510 711 1563 καὶ
740 1511 859 1574 πῶς
887 1508 1027 1569 εἶναι
1056 1512 1214 1579 λόγον
1237 1516 1652 1585 ὲπιδεχομένων.
1686 1517 1800 1571 Πᾶν

220 1598 336 1669 γὰρ
367 1601 582 1672 κινητόν
622 1618 683 1654 τε
716 1604 808 1656 καὶ
846 1604 1074 1674 γενητὸν
1101 1605 1359 1676 ὑπάρχει,
1402 1608 1497 1660 καὶ
1526 1606 1616 1660 διὰ
1643 1607 1802 1661 τοῦτο

1905 488 2218 550 comparata
2248 487 2310 533 ut
2336 478 2438 533 sub
2465 478 2613 531 hunc
2643 492 2933 532 numerum
2964 477 3140 540 cadat,
3165 485 3221 529 et
3248 485 3475 547 propter

1903 586 2123 627 sensum
2176 586 2285 641 quo
2335 570 2573 640 pertinet
2621 569 3063 639 quinqnetariam
3110 566 3376 634 divisum,
3419 577 3476 623 et

1903 663 2050 733 quod
2085 663 2343 728 materia,
2375 678 2497 732 quae
2528 660 2855 731 simpliciter
2888 660 3212 729 appellatur,
3243 674 3474 729 quaeque

1903 751 2296 821 quadrifariam
2327 751 2503 805 divisa
2529 756 2632 813 est,
2658 749 2887 803 formam
2918 748 3083 802 habet
3109 747 3474 817 superiorem.

1895 843 2102 898 Natura
2148 843 2297 898 enim
2337 843 2477 897 nihil
2521 841 2671 896 aliud
2721 848 2805 896 est
2853 856 3018 910 quam
3068 840 3298 894 materia
3346 854 3472 894 eum

1895 934 2093 999 forma,
2126 937 2243 990 sive
2289 934 2517 989 materia
2557 933 2809 988 formata.
2839 932 2975 988 Nam
3015 931 3189 985 forma
3234 931 3475 985 materiae

1897 1025 2108 1094 adjecta
2134 1034 2389 1082 naturam
2416 1023 2606 1081 eﬁicit.

2254 1221 2375 1279 Atia
2406 1223 2461 1275 in
2492 1220 2630 1272 idem
2660 1220 3053 1288 contemplatio.

1973 1338 2070 1393 Vel
2115 1337 2389 1407 signiﬁcat
2429 1352 2622 1391 eorum
2668 1351 2792 1404 qua:
2830 1335 2971 1389 facta
3012 1344 3069 1390 et
3109 1351 3230 1404 quae
3271 1344 3483 1393 aeterna

1904 1437 2035 1484 sunt
2063 1428 2446 1499 cogitationes,
2471 1436 2661 1497 utpote
2682 1442 2804 1497 quae
2832 1434 3125 1480 moventur
3153 1434 3211 1481 et
3237 1428 3477 1483 circum-
3539 1443 3543 1447 '

1904 1521 2108 1590 scripta
2140 1527 2288 1585 sunt,
2313 1526 2370 1574 et
2394 1519 2649 1574 essentia:
2673 1527 2730 1572 et
2752 1517 3032 1587 qualitatis
3059 1527 3116 1572 et
3140 1519 3284 1573 modi
3313 1520 3479 1572 ratio-

1904 1628 2034 1667 nem
2058 1612 2303 1681 capiunt.
2323 1610 2497 1666 Omne
2522 1611 2671 1664 enim
2702 1609 2904 1664 mobile
2928 1616 2987 1664 et
3009 1608 3213 1663 factum
3238 1608 3474 1673 exsistit,

222 1691 445 1755 πάντως
479 1694 571 1746 καὶ
611 1694 714 1747 ὑπὸ
752 1694 946 1764 χρόνον
975 1696 1113 1759 ἐστὶ,
1148 1690 1255 1750 κᾶν
1281 1697 1327 1750 εί
1364 1696 1437 1767 μὴ
1466 1697 1560 1750 τὸν
1594 1699 1798 1768 κινήσει

1909 1712 1961 1759 et
1987 1703 2195 1758 idcirco
2229 1701 2345 1758 ﬁeri
2379 1716 2489 1756 non
2522 1710 2704 1771 potest
2731 1704 2865 1770 quin
2900 1701 3132 1770 tempori
3168 1701 3476 1772 subjectum

224 1781 615 1853 μετρούμενον.
650 1785 850 1857 Ἀρχὴν
874 1786 983 1858 γὰρ
1007 1786 1119 1858 ἔχει
1148 1787 1245 1840 τοῦ
1278 1785 1417 1841 εἶναι
1443 1790 1551 1842 πᾶν
1578 1789 1803 1858 γενητὸν

220 1871 302 1935 ὡς
337 1873 613 1945 ἠργμένον
652 1877 747 1929 τοῦ
800 1874 960 1942 εἶναι,
1001 1878 1096 1931 καὶ
1145 1878 1455 1948 διάστημα,
1493 1879 1587 1946 ἀφ’
1615 1871 1677 1931 οὗ
1706 1877 1800 1931 τοῦ

229 1957 375 2017 εἶναι
398 1964 624 2036 ἤρξατο.
666 1965 728 2020 Ei
768 1967 825 2020 δὲ
852 1970 947 2021 καὶ
975 1967 1089 2022 ἔστι
1118 1968 1213 2022 καὶ
1234 1970 1465 2022 κινεῖται
1501 1970 1611 2022 πᾶν
1635 1984 1800 2038 γενηο

220 2053 350 2119 τὸν,
402 2058 497 2110 καὶ
548 2057 653 2111 ὑπὸ
696 2057 857 2128 φύσιν
895 2060 1109 2122 πάντως
1142 2059 1257 2112 ἐστὶ
1308 2058 1404 2111 καὶ
1440 2059 1652 2129 χρόνον,
1702 2058 1801 2129 τὴν

226 2151 326 2220 μὲν
360 2148 446 2202 διὰ
467 2150 528 2202 τὸ
558 2144 721 2213 εἶναι,
748 2150 841 2204 τὸν
870 2151 918 2184 ⁸⁸
952 2151 1009 2205 δὲ
1052 2151 1140 2206 διὰ
1184 2151 1245 2205 τὸ
1290 2151 1583 2213 κινεῖσθαι,
1628 2150 1695 2204 δι’
1723 2144 1800 2204 ὧν

220 2238 367 2292 κατὰ
391 2239 711 2309 συμπλοκὴν
749 2241 777 2293 ό
813 2241 906 2294 τοῦ
928 2239 1136 2294 δώδεκα
1173 2241 1313 2295 κατὰ
1339 2240 1430 2294 τὸν
1463 2238 1796 2295 ἀποδοθέντα

221 2329 424 2405 τρόπον
458 2330 874 2403 συμπληροῦται
913 2330 1092 2400 λόγος.

1901 1795 2282 1859 δῆθ’θιίοιηεί
2353 1810 2465 1849 non
2511 1795 2564 1850 ei
2614 1794 2763 1864 quod
2810 1794 3054 1848 motione
3103 1802 3475 1849 mensuratur.

1901 1886 2125 1940 Initium
2155 1885 2302 1940 enim
2324 1885 2493 1939 habet
2517 1885 2853 1939 exsistentize
2879 1883 3246 1952 quodcunque
3272 1882 3481 1937 factum

1901 1983 2015 2040 est,
2047 1977 2253 2046 quippe
2279 1975 2428 2044 quod
2461 1975 2517 2028 in
2546 1973 2922 2029 exsistentiam
2953 1972 3207 2036 intravit,
3236 1971 3481 2041 itemque

1902 2066 2223 2122 distantiam
2261 2066 2346 2120 vel
2385 2066 2623 2135 spatium
2663 2080 2732 2119 ex
2765 2079 2877 2134 quo
2918 2063 3184 2118 exsistere
3226 2062 3478 2130 inempit.

1904 2157 2059 2223 Quod
2085 2157 2132 2211 si
2155 2165 2211 2211 et
2232 2157 2444 2211 exsistit
2464 2164 2521 2210 et
2543 2164 2795 2210 movetur
2816 2168 2979 2209 omne
3000 2152 3226 2218 factum,
3251 2167 3483 2208 necesse

1904 2255 1993 2303 est
2032 2247 2200 2302 etiam
2244 2257 2306 2301 ut
2350 2247 2455 2302 sub
2494 2257 2750 2305 naturam
2791 2254 2847 2300 et
2890 2253 3106 2313 tempus
3150 2242 3336 2304 cadat,
3375 2243 3485 2298 sub

1903 2337 2130 2391 alteram
2159 2336 2232 2391 ob
2257 2336 2651 2399 exsistentiam,
2675 2335 2779 2390 sub
2805 2335 3038 2389 alterum
3063 2333 3134 2387 ob
3159 2333 3489 2399 motionem,

1903 2425 2107 2494 quibus
2151 2424 2491 2494 complicatis
2529 2422 2672 2476 ratio
2711 2418 3037 2477 duodenarii
3075 2434 3143 2475 eo
3177 2433 3289 2488 quo
3331 2417 3481 2472 indi-

1903 2515 2025 2570 cavi
2051 2515 2215 2571 modo
2238 2521 2677 2570 consummatur.

776 2698 970 2767 Ἀλλη
1010 2692 1244 2767 θεωρία.

2410 2694 2533 2750 Alia
2573 2690 2968 2762 contemplatio.

298 2800 374 2855 Ἦ
398 2800 499 2874 τὴν
539 2803 735 2876 ἠθικὴν
780 2805 875 2859 καὶ
912 2806 1147 2876 φυσικὴν
1177 2806 1272 2859 καὶ
1301 2805 1617 2876 θεολογικὴν
1647 2803 1798 2873 φιλο-

1975 2808 2068 2862 Vel
2101 2809 2362 2863 moralem
2399 2814 2456 2862 et
2484 2804 2787 2860 naturalem
2817 2810 2874 2858 et
2904 2800 3264 2870 theologicam
3298 2798 3478 2869 philo-

226 2892 416 2962 σοφίαν
445 2894 473 2946 ὁ
506 2895 740 2967 ἀριθμὸς
775 2890 931 2961 οὗτος
978 2897 1147 2968 δηλοῖ,
1180 2898 1256 2962 ὡς
1287 2899 1351 2951 ὲκ
1387 2897 1666 2969 τεσσάρων
1707 2898 1798 2951 καὶ

1909 2899 2153 2968 sophiam
2195 2898 2284 2953 hic
2321 2910 2586 2951 numerus
2622 2901 2921 2957 monstrat,
2950 2901 3013 2947 ut
3045 2908 3114 2947 ex
3152 2900 3391 2961 quatuor
3420 2898 3479 2945 et

227 2983 391 3038 πέντε
439 2985 536 3040 καὶ
579 2988 747 3058 τριῶν
794 2989 1178 3059 συναγόμενος.
1227 2989 1529 3060 Τετραδικὴ
1574 2989 1681 3062 γὰρ
1709 2988 1794 3042 διὰ

1909 2990 2147 3060 quinque
2183 2996 2240 3043 et
2273 2988 2449 3042 tribus
2482 2985 2767 3042 conﬂatus.
2799 2982 3160 3050 Quaternaria
3198 2983 3270 3038 ob
3309 2996 3488 3053 gene-

225 3073 324 3136 τὰς
353 3075 395 3128 δ’
415 3077 641 3144 γενικὰς
672 3078 874 3149 ἀρετάς
899 3080 1102 3149 ἐστινὴ
1133 3080 1191 3132 ὲν
1212 3080 1325 3143 τοῖς
1348 3079 1637 3149 πράγμασι
1669 3078 1794 3130 κατ’

1909 3080 2047 3135 rales
2081 3086 2319 3150 quatuor
2348 3079 2583 3133 virtutes
2616 3077 2672 3131 in
2708 3074 2875 3131 rebus
2906 3084 2990 3129 est
3019 3082 3275 3129 accurata
3308 3073 3477 3127 mori-

224 3159 355 3235 ἦοος
395 3165 629 3238 ἀκριϐὴς
684 3169 992 3238 φιλοσοφία.
1047 3169 1348 3241 Πενταδικὴ
1389 3170 1447 3222 δὲ
1501 3171 1533 3239 ή
1590 3169 1794 3239 φυσικὴ

1909 3170 2007 3224 bus
2045 3168 2416 3239 philosophia.
2454 3167 2718 3234 Quinaria
2754 3180 2886 3220 vero
2922 3165 3191 3219 naturalis
3223 3172 3308 3220 est
3342 3178 3477 3218 con-

210 3252 429 3324 ‘Oewpia
455 3255 543 3309 διὰ
575 3254 672 3327 τὴν
705 3259 1003 3329 εἰρημένην
1033 3258 1236 3321 αἰτίαν,
1279 3259 1422 3327 φημὶ
1440 3258 1498 3311 δὲ
1529 3258 1629 3328 τὴν
1667 3274 1798 3311 πεν-

1909 3259 2213 3327 templatio,
2234 3258 2303 3312 de
2329 3272 2582 3312 eacausa
2612 3272 2775 3326 quam
2801 3255 3058 3316 indicavi,
3083 3270 3246 3324 sensu
3271 3254 3479 3310 scilicet

225 3342 406 3412 ταχῶς
444 3344 587 3397 κατὰ
623 3345 789 3413 φύσιν
818 3346 1201 3417 διαιρουμένην
1220 3344 1495 3415 αίσθησιν.
1532 3343 1798 3415 Τριαδικὴ

1909 3348 2343 3419 quinquefariam
2395 3347 2593 3402 diviso.
2642 3347 2904 3402 Ternaria
2957 3345 3198 3414 denique
3250 3345 3487 3416 mystica

227 3432 346 3503 δὲή
395 3435 633 3505 μυστικὴ
683 3435 950 3505 θεολογία,
1009 3435 1097 3489 διὰ
1141 3438 1241 3499 τὰς
1286 3436 1606 3506 ὁμοουσίους
1637 3434 1798 3502 ἁγίας

1909 3448 1987 3494 est
2016 3439 2307 3510 theologia,
2334 3439 2405 3494 ob
2433 3448 2649 3493 sanctas
2675 3447 2786 3492 tres
2811 3437 3198 3493 coessentiales
3223 3437 3477 3491 substan-

226 3527 373 3596 τρεῖς
402 3526 733 3587 ὑποστάσεις
771 3529 868 3597 τῆς
902 3526 1172 3596 παναγίου
1205 3526 1451 3599 μονάδος,
1486 3525 1520 3597 ἢ
1554 3527 1613 3579 ὲν
1644 3524 1733 3589 αἷς
1765 3527 1798 3595 ή

1909 3529 2003 3586 tias
2035 3531 2393 3586 sanctissimae
2422 3530 2671 3593 unitatis,
2699 3530 2786 3584 vel
2826 3529 2883 3583 in
2923 3529 3125 3598 quibus
3164 3535 3249 3583 est
3286 3535 3475 3582 sancta

227 3614 357 3683 ἁγία
394 3617 579 3687 μονὰς,
611 3616 667 3686 ἦ,
700 3616 1032 3689 κυριώτερον
1063 3620 1257 3689 εἰπεῖν,
1295 3617 1438 3690 ειπερ
1465 3619 1499 3690 ἡ
1534 3617 1668 3686 ἁγία
1700 3633 1798 3688 μο-

1909 3621 2105 3687 unitas,
2132 3623 2239 3688 vel,
2265 3630 2329 3677 ut.
2352 3622 2529 3693 magis
2550 3621 2775 3692 proprie
2803 3619 3005 3685 dicam,
3031 3635 3154 3689 qua:
3178 3627 3258 3675 est
3288 3626 3483 3674 sancta

227 3706 341 3769 νόις.
1329 3742 1332 3745 λ

1909 3713 2103 3770 unitas.

1834 3838 1904 3851 -ο
1938 3844 1943 3847 .

769 3890 964 3958 Ἄλλη
993 3893 1221 3960 θεωρία.

302 4002 372 4057 Ἢ
401 4005 502 4075 τὴν
528 4003 760 4058 καθόλου
786 4006 883 4059 καὶ
903 4007 1271 4077 γενικωτάτην
1302 4009 1486 4081 (257
1515 4012 1566 4079 b)
1595 4014 1800 4087 ἀρετὴν

231 4095 322 4149 καὶ
351 4096 574 4164 γνῶσιν,
600 4096 696 4168 τὴν
733 4097 831 4168 μὲν
869 4098 944 4161 ὡς
976 4098 1206 4152 ἐνταῦθα
1251 4101 1338 4153 διὰ
1372 4101 1478 4153 τῶν
1507 4104 1550 4155 δ’
1585 4106 1799 4176 ἀρετῶν

231 4188 694 4260 κατορθουμένην,
727 4191 825 4260 τὴν
859 4190 914 4244 δὲ
953 4190 1028 4255 ὡς
1050 4191 1137 4246 διὰ
1173 4192 1282 4246 τῶν
1312 4195 1454 4248 ὀκτὼ
1477 4197 1575 4267 τὴν
1602 4197 1799 4253 θειοτέ-

231 4297 328 4350 ραν
359 4280 467 4334 τῶν
503 4280 805 4353 μελλόντων
846 4283 1122 4354 μυστικῶς
1158 4285 1584 4356 παραδηλουσῶν
1620 4286 1667 4320 ⁸⁸
1705 4306 1799 4341 δια-

230 4373 483 4426 τάστασιν
515 4374 946 4445 σημαινομένην,
989 4375 1048 4440 ἐξ
1090 4370 1164 4430 ὧν
1209 4378 1237 4430 ὁ
1259 4377 1466 4431 δώδεκα
1503 4378 1642 4432 κατὰ
1673 4378 1799 4432 σύν-

232 4463 374 4518 θεσιν
406 4465 637 4537 ἀριθμὸς
670 4468 1057 4538 ἀπαρτίζεται.

745 4655 929 4722 Ἄλλη
960 4654 1192 4723 θεωρία.

294 4763 365 4817 Ἦ
397 4764 465 4819 τὰ
497 4764 741 4835 παρόντα
773 4783 831 4821 τε
868 4767 962 4820 καὶ
992 4767 1060 4819 τὰ
1093 4767 1375 4836 μέλλοντα,
1412 4768 1488 4833 ὡς
1542 4770 1651 4824 τῶν
1693 4772 1792 4841 μὲν

230 4855 508 4925 παρόντων
546 4856 638 4910 τὸν
683 4855 726 4910 δ’
762 4857 1077 4930 στοιχειώδη
1115 4876 1173 4912 τε
1225 4861 1319 4914 καὶ
1351 4861 1533 4914 ὑλικὸν
1560 4862 1795 4933 ἀριθμὸν

229 4942 351 4997 ὄντα
398 4946 643 5013 φυσικῶς
687 4949 1175 5020 παραδεχομένων,
1229 4951 1337 5004 τῶν
1388 4952 1445 5005 δὲ
1497 4953 1796 5024 μελλόντων

233 5036 506 5103 μυστικῶς
546 5036 1016 5110 ὲπιθεωρούμενον
1049 5041 1240 5105 αὐτοῖς
1280 5043 1679 5113 ὲπιδεχομένων
1704 5044 1795 5098 τὸν

230 5123 365 5178 ὀκτὼ
397 5127 664 5199 ἀριθμὸν,
715 5130 790 5195 ὡς
841 5135 942 5202 τῆς
1007 5133 1147 5188 κατὰ
1202 5134 1392 5206 χρόνον
1432 5136 1797 5208 ἐϐδομαδικῆς

233 5217 590 5291 ὑπερθετικῆς
621 5222 667 5253 ⁸⁰
694 5222 975 5294 ἰδιότητος.

2395 3964 2399 3968 ι
2417 3898 2537 3952 Atia
2568 3895 2957 3966 contemplatio.

1972 4016 2070 4073 Vel
2106 4013 2473 4070 universalem
2507 4020 2671 4080 atque
2701 4009 3167 4081 generalissimam
3205 4008 3475 4078 signiﬁcat

1898 4107 2159 4162 virtutem
2194 4112 2248 4158 et
2270 4101 2669 4172 cognitionem,
2692 4107 2755 4153 ut
2784 4113 3015 4168 quarum
3047 4098 3217 4152 altera
3252 4097 3342 4151 hic
3374 4113 3474 4166 per

1901 4207 2140 4270 quatuor
2164 4196 2396 4251 virtutes
2422 4191 2761 4263 perﬁciatur,
2807 4191 2978 4245 altera
3027 4205 3127 4259 per
3172 4196 3295 4243 octo
3351 4204 3473 4257 qua:

1901 4291 2228 4348 diviniorem
2255 4301 2439 4341 rerum
2464 4283 2772 4338 futurarum
2802 4288 3002 4336 statum
3027 4280 3254 4351 mystice
3284 4287 3471 4334 osten-

1901 4381 2067 4444 dunt,
2095 4377 2398 4449 signiﬁcata
2428 4375 2527 4438 sit,
2556 4390 2622 4429 ex
2652 4373 2853 4444 quibus
2882 4369 3259 4428 duodenarius
3282 4387 3488 4428 nume-

1900 4489 1994 4529 rus
2022 4472 2358 4543 compositus
2386 4469 2685 4541 perﬁcitur.

1834 4595 1899 4608 —

1826 4663 1875 4721 Ι)

2413 4653 2533 4708 Alia
2569 4649 2959 4725 contemptatio.

1971 4772 2066 4827 Vel
2111 4768 2400 4841 praesentia
2443 4775 2605 4835 atque
2649 4765 2831 4819 futura
2878 4762 3177 4835 signiﬁcat,
3213 4764 3340 4834 quia
3386 4779 3471 4818 res

1902 4854 2199 4934 prmsentes
2228 4858 2642 4930 quaternarium
2675 4872 2966 4911 numerum
2997 4856 3386 4911 clementarem
3415 4868 3471 4910 et

1899 4954 2232 5010 materialcm
2250 4950 2572 5005 naturaliter
2595 4948 2920 5018 suscipiunt,
2946 4964 3034 5004 res
3060 4948 3257 5005 futurae
3284 4954 3466 5003 autem

1898 5044 2243 5101 octonarium
2267 5041 2372 5096 sibi
2397 5041 2989 5099 vindicantnumerum
3015 5041 3242 5112 mystice
3268 5040 3322 5094 in
3345 5054 3469 5096 sese

1900 5144 2233 5207 spectatum,
2261 5133 2465 5203 quippe
2491 5132 2583 5202 qui
2612 5147 2732 5187 eam
2762 5131 2960 5187 habeat
2988 5132 3376 5203 proprietatem
3406 5139 3473 5184 nt

1900 5227 2338 5283 hebdomaticam
2371 5222 2632 5294 temporis
2662 5230 2901 5294 superet.
3007 5250 3011 5255 τ

1495 5471 1725 5528 VARUE
1767 5474 2173 5532 LECTIONES.

1127 5560 1190 5654 ,⁸⁸
1219 5560 1608 5634 Αροετεψιιυηι
1636 5566 1800 5622 habet
1829 5567 2263 5640 παρπδηλοῦσαν.
2361 5567 2407 5601 ⁸ο
2445 5565 2536 5622 Sic
2565 5565 2977 5638 Apograpbum.
3013 5566 3099 5623 An
3137 5564 3280 5620 forte
3304 5540 3467 5632 rapo-

232 5622 464 5679 nendum
493 5625 588 5679 ῠπε
598 5622 840 5695 ρθετίκόν
858 5627 881 5681 ?
