3938 6148
504 266 660 335 .1399
1707 271 1767 331 S.
1808 271 2088 331 ΜΑΧΙΜΙ

2209 274 2635 334 lNFESSORlS
3695 257 3807 321 liii?

1026 381 1063 435 Α
1076 381 1146 435 lia
1182 380 1569 453 contemplatio.
2116 397 2158 449 Α

2716 390 2906 455 ’Ἄλλη
2932 388 3159 455 θεωρία.

587 494 689 549 Vel
717 501 900 547 ternas
924 492 989 546 de
1017 493 1483 548 intellectualibus
1505 502 1560 549 et
1582 493 1930 548 sensualibus
1947 494 2093 566 judi—

520 586 589 641 cii
626 601 689 639 ac
725 584 1087 654 providentia:
1123 585 1367 639 rationes
1398 586 1773 640 duodenarius
1806 586 1953 640 clare
1988 603 2092 640 nu-

520 688 706 729 merus
734 673 1022 743 signiﬁcat.
1052 673 1169 729 Una
1196 674 1343 729 enim
1370 690 1603 744 quaeque
1630 675 1858 729 istarum
1883 675 1948 729 ad
1974 691 2095 731 sese

504 762 765 841 admittit
812 772 927 817 tres
972 764 1091 831 ejus
1138 763 1285 832 quod
1334 775 1419 818 est
1464 764 1767 819 exsistendi
1822 766 2091 830 rationes,

520 851 987 920 quemadmodum
1018 868 1085 907 ex
1118 854 1347 908 summis
1378 853 1647 910 doctrina:
1677 855 1951 925 capitibus
1987 866 2095 909 tam

521 939 816 1008 discipulis
849 956 1012 1009 quam
1048 941 1372 997 doctoribus
1406 942 1474 999 de
1514 943 1729 1012 potiore
1769 943 1824 998 in
1863 943 2097 998 oraculis

523 1030 729 1085 divinis
768 1033 1165 1089 exercitatione
1204 1034 1561 1089 multifariam
1601 1036 1952 1090 manifestum
1989 1045 2092 1089 est.

2271 500 2338 552 Ἣ
2374 503 2496 564 τοὺς
2525 503 2651 569 περὶ
2680 501 2884 567 νοητῶν
2900 501 2992 553 καὶ
3020 496 3310 567 αἰσθητῶν
3343 492 3624 563 κρίσεώς
3653 505 3709 539 τε
3737 488 3812 538 2:".

2197 592 2452 661 προνοίας
2483 593 2728 659 τριττοὺς
2761 591 2951 658 λόγους
2998 592 3024 643 6
3054 589 3274 644 δώδεκα
3323 583 3549 651 σαεξῶς
3597 578 3814 648 ἀριθμεις

2198 684 2519 756 παραδηλοῖ.
2560 684 2829 735 Ἔκαστον
2871 683 2979 751 γὰρ
3011 682 3221 734 τούτων
3258 679 3364 745 ἐφ’
3397 673 3591 728 ἑαυτὸ
3637 669 3732 722 τοῦ
3756 666 3816 719 εἶ-

2196 764 2283 828 ναι
2323 773 2469 826 τοῦθ’
2499 775 2634 843 ὅπερ
2666 772 2783 823 ἐστὶ
2810 774 2957 842 τρεῖς
3001 770 3326 840 ἐπιδέχεται
3357 767 3611 832 λόγους,
3650 759 3817 819 καθὼς

2196 865 2306 924 τοῖς
2342 861 2531 931 ἄκροις
2559 859 2738 927 λόγοις
2765 860 2873 912 τῶν
2899 858 3057 911 θείων
3091 857 3341 927 μύσταις
3374 853 3493 907 καὶ
3532 866 3819 920 μυσταγω-

2197 951 2313 1016 γοῖς
2346 947 2433 1000 διὰ
2465 946 2663 1017 πολλὴν
2688 946 2919 1016 ἄσκησιν
2956 945 3060 999 τῶν
3093 944 3301 1012 λογίων
3342 946 3417 996 ἐκ
3460 938 3703 993 πολλῶν
3738 956 3818 989 2:-

2198 1038 2425 1108 τάδηλον
2442 1038 2650 1106 γέγονε.
2681 1037 3178 1109 Τριπλασιάζοντες
3196 1032 3297 1090 οὖν
3332 1036 3587 1094 ἑαυτοῖς
3611 1033 3667 1084 οἱ
3699 1030 3817 1082 καθ-

525 1118 891 1189 Triplicantes
919 1121 1085 1192 igitur
1108 1125 1422 1194 semetipsis
1464 1139 1658 1180 eorum
1684 1140 1805 1194 quae
1827 1123 2097 1179 exsistunt

525 1210 767 1266 rationes
807 1213 1092 1282 generales
1134 1224 1371 1283 quatuor
1410 1216 1501 1270 illa
1541 1217 1595 1271 in
1635 1218 1837 1286 quibus
1877 1216 2098 1285 conspi-

524 1299 747 1354 ciuntur
782 1301 1136 1365 exsistent‘ia,
1165 1302 1251 1356 vel
1293 1318 1487 1359 rursus
1530 1304 1652 1358 istis
1693 1318 1927 1373 quorum
1972 1312 2101 1357 sunt

526 1387 659 1457 ipsa:
697 1389 1016 1459 triplicata,
1055 1390 1457 1445 duodenarium
1499 1392 1744 1447 efﬁciunt
1783 1405 2096 1447 numerum.

524 1476 660 1531 Nam
692 1478 738 1532 si
765 1494 830 1534 ea
853 1496 975 1549 quae
998 1483 1272 1537 exsistunt
1293 1483 1589 1537 essentiam
1620 1483 1828 1536 habent
1852 1490 1908 1537 et
1930 1481 2101 1536 facul-

529 1576 697 1623 tatem
737 1579 791 1625 et
833 1572 1126 1638 virtutem,
1156 1573 1430 1643 triplicem
1460 1573 1515 1626 in
1549 1589 1606 1627 se
1636 1573 1771 1643 ipsis
1799 1570 2098 1627 exsistendi

526 1659 792 1714 nimirum
825 1661 1031 1718 habent
1058 1664 1347 1718 rationem.
1374 1663 1493 1719 Jam
1533 1663 1577 1717 si
1625 1663 1725 1717 has
1759 1663 2001 1735 rationes
2032 1660 2099 1715 ad

527 1751 902 1807 exsistendum
920 1754 1174 1810 videlicet
1195 1754 1654 1824 quemadmodum
1677 1754 1949 1809 exsistunt
1971 1752 2103 1808 Pro-

528 1840 770 1895 videntia
800 1843 1112 1907 connectit,
1140 1843 1338 1913 triplex
1371 1843 1537 1898 etiam
1573 1842 1749 1914 ipsius
1776 1844 1938 1913 plane
1969 1858 2099 1898 eva-

528 1931 624 1987 det
660 1932 817 1989 ratio.
853 1934 923 1988 At
960 1934 1004 1989 si
1045 1936 1391 2004 corruptelas
1428 1935 1771 2004 singularum
1811 1950 1949 2004 quas
1989 1933 2103 1989 dixi

533 2022 808 2077 rationum
833 2039 957 2079 cum
981 2024 1204 2080 deﬂexa:
1228 2025 1452 2089 fuerint,
1473 2034 1581 2079 tam
1609 2025 1912 2094 praeteritas
1938 2039 2101 2095 quam

531 2124 828 2182 praesentes
857 2123 914 2170 et
946 2114 1181 2179 futuras,
1203 2116 1472 2187 judicium
1500 2117 1743 2171 vindicat
1775 2115 2099 2185 pravitatem

531 2205 823 2275 castigans,
856 2207 917 2262 ﬁt
952 2216 1012 2261 ut
1046 2208 1210 2263 etiam
1249 2209 1365 2278 ipsa
1407 2209 1606 2264 habeat
1644 2210 1912 2278 triplicem
1949 2224 2104 2264 suam

531 2296 1009 2365 contemplationis
1055 2299 1353 2362 rationem,
1388 2315 1493 2369 qua
1537 2299 1665 2354 dum
1706 2301 2002 2355 essentiam
2049 2309 2108 2355 et

531 2383 848 2442 facultatem
869 2399 925 2443 et
945 2388 1202 2444 virtutem
1232 2406 1417 2444 rerum
1444 2406 1566 2461 qua:
1590 2392 1867 2457 exsistunt
1887 2391 2100 2459 deﬁnit,

532 2489 687 2532 suam
714 2476 770 2534 in
795 2487 1119 2550 perpetuum
1151 2490 1331 2536 servat
1353 2480 1697 2537 inﬁnitatem.

1030 2653 1155 2711 Alia
1195 2656 1589 2726 contemplatio.

608 2764 703 2821 Vel
737 2778 935 2820 rursus
958 2764 1284 2835 perfectam,
1315 2781 1479 2835 qnam
1506 2767 1669 2822 nobis
1700 2767 1918 2837 assequi
1948 2768 2099 2832 licet,

534 2870 717 2912 causa
758 2863 1043 2909 eteorum
1078 2868 1202 2921 quae
1249 2869 1314 2909 ex
1364 2854 1474 2907 alio
1531 2862 1789 2923 tanquam
1823 2871 1888 2908 ex
1935 2870 2101 2909 causa

2198 1130 2320 1183 όλου
2373 1130 2580 1201 τριττοὶ
2607 1130 2716 1183 τῶν
2754 1130 2921 1183 ὅντων
2953 1129 3100 1195 λόγοι
3127 1128 3198 1181 τὰ
3223 1127 3319 1195 ἐφ’
3345 1120 3443 1188 οἷς
3472 1121 3815 1193 θεωροῦνται

2199 1220 2242 1272 δ’
2271 1220 2425 1281 ὄντα,
2451 1218 2483 1288 ἢ
2515 1220 2575 1271 τὸ
2604 1218 2840 1289 ἔμπαλιν
2859 1221 2972 1282 τοῖς
3000 1212 3074 1271 ὧν
3098 1220 3238 1271 εἰσιν
3261 1218 3442 1270 αὐτοὶ
3468 1212 3816 1282 157913162}-

2202 1325 2373 1377 μενοι,
2404 1307 2495 1359 τὸν
2517 1307 2724 1361 δώδεκα
2751 1304 2995 1361 ποιοῦσιν
3014 1307 3267 1377 ἀριθμόν.
3310 1308 3380 1359 EE
3427 1306 3562 1375 γὰρ
3593 1304 3671 1356 τὰ
3702 1303 3813 1354 ὅντα

2199 1400 2388 1452 οὐσίαν
2418 1398 2527 1469 ἔχει
2564 1400 2658 1451 καὶ
2686 1398 2916 1467 δύναμιν
2943 1399 3040 1451 καὶ
3087 1399 3406 1467 ἐνέργειαν,
3461 1394 3712 1465 τριττὸν
3736 1395 3811 1443 τὶν

2200 1489 2288 1539 ἐπ’
2320 1489 2502 1549 αὐτοῖς
2525 1487 2619 1540 τοῦ
2648 1483 2788 1540 εἶναι
2813 1487 3056 1556 δηλονότι
3094 1488 3400 1556 κέκτηνται
3436 1485 3648 1553 λόγον.
3686 1482 3811 1535 Εξδὲ

2201 1576 2421 1638 τούτους
2471 1577 2648 1629 συνδεῖ
2674 1578 2801 1639 τοὺς
2837 1577 3029 1644 λόγους
3076 1578 3214 1647 πρὸς
3248 1578 3315 1628 τὸ
3361 1571 3527 1628 εἶναι
3565 1572 3808 1642 δηλονότι

2202 1666 2338 1720 meo
2374 1669 2564 1738 εἰσινὴ
2603 1666 2846 1737 πρόνοιαζ
2875 1667 3135 1737 τριπλοῦς
3163 1667 3254 1720 καὶ
3284 1669 3316 1720 6
3355 1666 3559 1734 αὐτῆς
3592 1666 3809 1723 πάντας

2204 1758 2464 1827 ὑπάρχων
2492 1757 2794 1828 καθέστηκε
2817 1758 2995 1825 λόγος.
3026 1758 3085 1810 Εἰ
3111 1759 3169 1811 δὲ
3201 1757 3310 1810 τῶν
3345 1755 3683 1823 λωὸήσεων
3707 1753 3807 1805 τῶν

2203 1848 2326 1900 καθ’
2379 1848 2474 1900 ἕνα
2530 1848 2639 1900 τῶν
2679 1849 2988 1918 εἰρημένων
3037 1848 3525 1919 παρατραπόντων
3588 1845 3803 1912 λόγων,

2206 1938 2591 2008 παρελθουσῶν
2634 1955 2693 1991 τε
2744 1938 2841 1991 καὶ
2894 1938 3184 2009 παρουσῶν
3228 1938 3323 1990 καὶ
3374 1936 3799 2006 μελλουσῶν,ή

2204 2030 2383 2097 κρίσις
2431 2028 2548 2081 ἐστὶ
2590 2028 2935 2099 τιμωρητικὴ
2967 2029 3043 2091 ὡς
3071 2028 3268 2090 κακίας
3300 2027 3657 2097 κολαστικὴ.
3689 2045 3797 2097 τρι-

2206 2120 2372 2173 πλοῦν
2397 2120 2509 2190 ἐχει
2545 2121 2638 2173 καὶ
2658 2121 2795 2188 αὑτὴ
2819 2119 2909 2172 τὸν
2933 2119 3019 2171 ἐπ’
3044 2119 3178 2189 αὐτῇ
3210 2119 3310 2187 τῆς
3331 2118 3594 2188 θεωρίας
3621 2119 3794 2186 λόγον,

2205 2209 2329 2264 καθ’
2379 2209 2437 2262 δν
2475 2210 2665 2264 οὐσίαν
2702 2226 2762 2262 τε
2805 2210 2898 2262 καὶ
2941 2209 3167 2277 δύναμιν
3212 2209 3303 2260 καὶ
3339 2209 3655 2278 ἐνέργειαν
3696 2209 3795 2260 τῶν

2204 2300 2371 2353 ὅντων
2411 2298 2825 2370 περιγράθουσα
2859 2298 3126 2368 μένειτὴν
3150 2298 3360 2351 οἰκείαν
3392 2299 3485 2361 εἰς
3515 2298 3586 2351 τὸ
3623 2299 3798 2368 διηνε-

2206 2391 2299 2454 κὲς
2334 2391 2611 2459 ἀοριστίαν
2639 2389 3000 2459 φυλάττουσα.

2627 2658 2811 2729 (258
2824 2658 2878 2730 α)
2912 2660 3104 2726 ’Ἄλλη
3128 2657 3355 2724 θεωρία.

2279 2772 2348 2825 Ἢ
2378 2768 2539 2825 πάλιν
2564 2769 2663 2839 τὴν
2691 2768 2917 2838 ὲφικτὴν
2942 2766 3035 2841 τοῦ
3064 2767 3239 2821 αἰτίου
3269 2768 3365 2820 καὶ
3388 2766 3515 2820 τῶν
3538 2768 3795 2822 utamini

2206 2865 2418 2919 τελείαν
2444 2863 2737 2931 ἐπίγνωσιν
2766 2864 2795 2915 ὁ
2813 2862 3043 2932 ἀριθμὸς
3070 2857 3224 2923 οὗτος
3252 2862 3428 2931 δηλοῖ.
3459 2865 3675 2917 Δεκάδι
3698 2864 3795 2931 γὰρ

534 2946 845 3017 procedunt
884 2942 1222 3013 agnitionem
1252 2944 1356 2999 iste
1381 2960 1647 2999 numerus
1674 2946 1964 3016 significat.
1997 2947 2101 3001 De-

2209 2957 2568 3026 προστεθεῖσα
2594 2953 2725 3015 δυὰς
2746 2955 2889 3005 ποιεῖ
2910 2953 3001 3004 τὸν
3024 2952 3112 3022 ιβ’*
3143 2952 3308 3014 δεκὰς
3330 2952 3391 3005 δέ
3414 2954 3579 3005 ἐστιν
3597 2953 3796 3022 Ἰησοῦς

536 3036 660 3090 cadi
694 3035 841 3089 enim
869 3034 1003 3106 dyas
1049 3032 1265 3103 adjecta
1291 3032 1458 3087 efﬁcit
1485 3036 1551 3088 12
1578 3050 1897 3101 numerum;
1933 3036 2098 3090 decas

533 3141 672 3183 vero
702 3133 788 3182 est
826 3125 989 3181 Jesus
1032 3123 1300 3179 Dominus
1329 3134 1388 3179 et
1425 3125 1570 3181 Deus
1602 3140 1785 3181 rerum
1816 3127 2104 3181 universa-

534 3234 684 3282 rum,
707 3218 912 3289 quippe
942 3216 1037 3287 qui
1071 3216 1140 3271 ab
1171 3216 1406 3271 monade
1437 3232 1779 3287 progressus,
1807 3217 1888 3273 sic
1923 3228 2102 3273 tamen

540 3319 600 3366 ut
648 3310 797 3365 foras
823 3324 933 3364 non
974 3307 1173 3371 exiret,
1203 3307 1272 3361 ad
1313 3322 1433 3362 sese
1464 3308 1644 3377 ipsum
1682 3320 1873 3363 rursus
1903 3316 1958 3362 et
1989 3322 2104 3363 mo-

537 3402 736 3457 nadem
783 3402 1032 3456 revertit.
1070 3400 1259 3454 Menas
1304 3400 1452 3454 enim
1492 3401 1657 3454 etiam
1698 3398 1862 3454 decas
1910 3407 2016 3461 est,
2046 3406 2104 3452 et

537 3503 798 3564 tanquam
836 3491 1113 3549 terminus
1141 3505 1334 3546 eorum
1374 3505 1497 3560 quae
1539 3490 1808 3544 ﬁniuntur
1854 3498 1911 3544 et
1950 3505 2102 3544 com-

532 3585 829 3656 prehensio
851 3598 917 3639 ac
940 3582 1178 3637 munitio
1199 3595 1391 3636 eorum
1414 3596 1536 3650 qua:
1555 3580 1851 3636 ﬂectuntur
1872 3597 1935 3637 ac
1957 3590 2103 3637 meta

534 3677 718 3729 omnis
744 3674 1112 3729 arithmeticae
1149 3673 1575 3727 terminationis.
1605 3672 1785 3741 Atque
1813 3672 1947 3742 dyas
1979 3688 2103 3727 rur-

535 3780 631 3820 sus
662 3772 748 3820 est
792 3764 972 3820 omnis
1025 3780 1214 3819 eorum
1248 3780 1371 3833 qua:
1408 3772 1534 3833 post
1589 3763 1762 3817 Deum
1806 3772 1937 3817 sunt
1972 3778 2101 3817 coa-

534 3856 857 3926 gmentatio.
894 3856 988 3913 Sic
1041 3855 1327 3912 sensibilia
1372 3865 1606 3919 cuncta,
1664 3864 1726 3909 ut
1765 3855 1833 3910 de
1875 3854 2104 3910 materia

502 3967 601 4007 vae
647 3951 821 4007 forma
856 3952 1188 4016 constantia,
1231 3951 1364 4023 dyas
1405 3960 1556 4014 sunt,
1600 3958 1657 4004 et
1712 3950 2104 4007 intellectualia

538 4044 693 4106 item,
736 4042 805 4098 de
848 4043 1138 4112 potestatis
1188 4051 1246 4097 et
1290 4043 1409 4111 eius
1461 4043 1557 4112 qui
1603 4043 1694 4097 illa
1732 4043 2103 4099 essentialiter

534 4135 737 4189 format
765 4135 1214 4205 congregatione.
1271 4134 1626 4204 Nequaquam
1658 4136 1806 4190 enim
1842 4135 1987 4205 quod
2027 4134 2106 4189 fa-

534 4237 683 4280 ctum
730 4232 815 4280 est
857 4226 1089 4295 simplex
1139 4232 1247 4289 est,
1302 4239 1370 4280 eo
1425 4212 1574 4294 quod
1628 4240 1739 4279 non
1774 4226 1879 4279 hoc
1925 4227 2129 4293 solum,

473 4364 481 4372 .
534 4314 622 4370 vel
664 4314 804 4370 illud
856 4324 965 4379 est,
1015 4314 1116 4369 scd
1168 4322 1429 4384 tanquam
1471 4315 1528 4370 in
1562 4315 1811 4384 subjecto
1848 4315 2105 4371 essentire

535 4404 708 4460 habet
762 4420 872 4459 una
929 4405 1265 4460 eernendam
1314 4412 1424 4459 tam
1472 4405 1887 4461 eonslitutivam
1940 4421 2106 4476 quam

534 4497 876 4551 deﬁnitivam
928 4495 1322 4561 differentiam,
1349 4512 1473 4567 qua:
1503 4497 1682 4567 ipsum
1715 4497 1849 4551 illud
1891 4497 2104 4552 consti-

2206 3049 2234 3102 6
2261 3046 2463 3116 Κύριος
2488 3045 2582 3099 καὶ
2609 3044 2741 3108 Θεὸς
2769 3045 2876 3097 τῶν
2903 3044 3067 3109 ὅλων,
3119 3044 3196 3106 ὡς
3224 3045 3660 3114 ἀνεκφοιτήτως
3686 3047 3796 3107 ui;

2208 3138 2316 3192 ἀπὸ
2347 3137 2569 3208 μονάδος
2605 3137 2852 3207 προόδοις
2891 3136 3028 3207 πρὸς
3057 3136 3252 3189 ἑαυτὸν
3283 3137 3614 3206 μοναδικῶς
3644 3138 3797 3191 πάλιν

2208 3229 2736 3298 ἀποκαθιστάμενος.
2798 3227 2982 3290 Μονὰς
3026 3229 3134 3298 γὰρ
3192 3228 3287 3281 καὶ
3343 3229 3382 3297 ἠ
3433 3227 3652 3292 δεκὰς,
3712 3228 3796 3281 καὶ

2205 3321 2280 3383 ὼς
2305 3321 2428 3391 ὄρος
2461 3320 2570 3372 τῶν
2597 3317 2930 3389 ὁριζομένων
2971 3318 3065 3370 καὶ
3096 3318 3330 3387 περιοχὴ
3356 3317 3476 3370 τῶν
3550 3322 3795 3388 κλινομὲο

2207 3425 2312 3461 νων
2346 3408 2439 3461 καὶ
2469 3408 2641 3477 πέρας
2671 3406 2853 3475 πάσης
2881 3403 3253 3474 ἀριθμητικῆς
3282 3405 3795 3475 ἀποπερατώσεως.

2208 3500 2319 3552 Καὶ
2374 3499 2505 3562 δυάς
2553 3501 2668 3551 ἐστι
2716 3497 2896 3555 πάλιν,
2931 3498 3079 3549 πᾶσα
3124 3496 3234 3549 τῶν
3280 3496 3431 3566 μετὰ
3456 3496 3607 3550 Θεὸν
3644 3498 3798 3550 ὄντων

2209 3590 2242 3659 ἡ
2273 3589 2577 3659 σύμπηξις,
2614 3585 2725 3642 οἷον
2755 3590 2822 3642 τὰ
2856 3588 2955 3658 μὲν
2982 3588 3217 3657 αἰσθητὰ
3247 3590 3437 3642 πάντα
3472 3590 3560 3652 ὡς
3594 3590 3661 3655 ἐξ
3687 3589 3798 3655 ὕλης

2211 3680 2577 3751 συνεστηκότα
2627 3680 2719 3732 καὶ
2763 3679 2933 3741 εἴδους
2981 3679 3097 3731 ἐστὶ
3146 3678 3311 3741 δυὰς,
3377 3679 3454 3732 τὰ
3502 3680 3571 3732 δὲ
3628 3680 3797 3748 νοητὰ,

2207 3774 2469 3836 ὡσαύτως
2503 3771 2752 3836 ἐξουσίας
2797 3771 2890 3822 καὶ
2918 3768 3015 3821 τοῦ
3047 3768 3457 3833 εἱδοποιοῦντος
3485 3773 3642 3823 αὐτὰ
3668 3772 3800 3823 οὐσι-

2209 3864 2359 3927 ωδῶς
2414 3861 2844 3931 συμϐεϐηκότος.
2904 3860 3040 3914 Οὐδὲ
3088 3859 3199 3930 γάρ
3256 3861 3381 3911 ἐστι
3442 3861 3507 3913 τὸ
3552 3863 3801 3932 παρὰπαν

2210 3953 2439 4024 γενητὸν
2492 3951 2699 4022 κυρίως
2747 3950 2992 4014 ἁπλοῦν,
3057 3951 3142 4003 ὅτι
3185 3950 3262 4019 μὴ
3304 3950 3433 4002 τόδε
3478 3952 3654 4022 μόνον
3677 3951 3802 4004 ἐστὶν

2208 4046 2392 4118 ἢτόδε
2418 4087 2434 4112 ,
2489 4043 2699 4107 ἀλλ’ὡς
2745 4044 2803 4096 ἐν
2842 4041 3194 4113 ὑποκειμένῳ
3238 4043 3306 4112 τῇ
3358 4042 3539 4114 οὐσίᾳ
3581 4044 3698 4112 ἔχει
3723 4040 3801 4109 τὴν

2213 4137 2545 4204 συστατικήν
2594 4152 2653 4188 τε
2710 4137 2805 4188 καὶ
2855 4135 3217 4205 ἁφοριστικὴν
3263 4134 3558 4205 διαφορὰν
3600 4150 3800 4188 συνεπι-

2213 4227 2624 4297 θεωρουμένην,
2673 4225 2771 4294 τὴν
2801 4224 2931 4278 αὐτὸ
2961 4224 3061 4294 μὲν
3094 4226 3275 4278 ἐκεῖνο
3309 4227 3695 4287 πνιπῶσαν,
3724 4222 3799 4277 ﬁl-

2203 4318 2295 4371 λου
2335 4318 2391 4371 δὲ
2444 4319 2573 4371 αὐτὸ
2622 4318 2872 4387 φανερῶς
2915 4316 3329 4386 διακρίνουσαν.
3385 4318 3573 4371 Οὐδὲν
3601 4319 3659 4370 δὲ
3697 4319 3798 4368 καθ’

2207 4407 2519 4476 οἱονδήποτε
2575 4407 2777 4477 τρόπον
2831 4406 3113 4468 οὺσιωδῶς
3168 4405 3296 4475 ἕχον
3361 4404 3794 4475 συνεπιθεωριὲ-

2214 4499 2376 4566 μενόν
2403 4515 2453 4550 τι
2484 4498 2619 4570 πρὸς
2643 4498 2878 4569 δήλωσιν
2902 4497 3004 4566 τῆς
3023 4498 3235 4562 οἰκείας
3261 4497 3579 4570 ὑπάρξεως
3605 4499 3793 4551 δύναται

535 4599 678 4655 tuat,
730 4589 1023 4660 ipsumque
1067 4590 1137 4643 ab
1168 4589 1279 4645 alio
1311 4589 1602 4646 evidenter
1634 4597 1908 4643 secernat.
1961 4588 2102 4645 Nihil

2211 4588 2415 4659 κυρίως
2445 4585 2585 4644 εἶναι
2615 4589 2839 4645 ἁπλοῦν.

533 4693 718 4743 autem
773 4684 921 4753 quod
965 4683 1339 4756 qualicunque
1384 4683 1550 4737 modo
1601 4698 1715 4737 suae
1762 4660 2547 4741 exsistentimmanifestandm
2569 4701 2735 4741 causa
2765 4684 3147 4741 essentialiter
3205 4687 3435 4759 aliquid
3472 4690 3625 4760 quod
3654 4680 3787 4741 simul

536 4776 790 4833 cernitur
832 4774 1004 4830 habet
1051 4775 1274 4847 proprie
1318 4775 1552 4847 simplex
1597 4790 1719 4830 esse
1760 4783 1961 4848 potest.

1059 4958 1175 5015 Alia
1206 4958 1599 5030 contemplatio.

607 5072 708 5130 γει
746 5088 942 5128 rursus
988 5072 1230 5128 divinam
1273 5072 1570 5128 essentiam
1602 5073 1693 5128 hic
1727 5088 2015 5135 numerus,
2058 5079 2115 5125 et

538 5165 779 5219 alacrem
829 5164 953 5233 ejus
985 5163 1054 5217 ad
1090 5162 1366 5233 agendum
1408 5163 1670 5217 virtutem
1699 5164 1917 5217 occulte
1944 5162 2114 5232 signi-

542 5256 686 5310 ﬁcat.
734 5256 985 5310 Divinam
1014 5253 1254 5324 .qnidem
1304 5255 1624 5317 essentiam,
1653 5270 1753 5325 per
1782 5263 1894 5308 tres
1914 5268 2113 5308 nume-

542 5361 661 5399 rum
692 5346 1012 5413 indicatam,
1034 5355 1096 5401 ut
1120 5345 1325 5416 triplici
1346 5345 1510 5400 modo
1532 5345 1859 5400 celebratam
1883 5351 2114 5414 propter

542 5438 872 5493 exstantiam
922 5453 1026 5508 per
1067 5446 1184 5493 tres
1242 5437 1618 5504 substantias;
1681 5436 1902 5493 trinitas
1954 5436 2102 5492 enim

2130 4896 2200 4909 ψ

2142 4964 2188 5021 D

2775 4952 2969 5018 Ἀλλη
3003 4954 3245 5021 θεωρία.

2284 5072 2351 5123 Ἢ
2376 5069 2539 5125 πάλιν
2558 5069 2657 5139 τὴν
2682 5066 2833 5120 θείαν
2854 5065 3045 5119 οὐσίαν
3066 5068 3169 5119 καὶ
3186 5069 3301 5138 τὴν
3326 5070 3510 5141 αὐτῆς
3530 5068 3785 5141 δραστικὴν

2210 5156 2493 5227 ἐνέργειαν
2515 5156 2782 5223 ὲπικεκρυ
2792 5152 3012 5223 μμένως
3026 5154 3056 5205 6
3074 5153 3110 5207 ἀ
3122 5154 3211 5221 ριθ
3221 5156 3332 5227 μδς
3348 5156 3513 5223 οὗτος
3529 5156 3787 5228 ὑποση

2210 5266 2309 5302 νει.
2365 5246 2477 5319 Τὴν
2513 5247 2611 5317 μὲν
2653 5246 2802 5299 θείαν
2830 5243 3058 5309 οὐσίαν,
3118 5245 3216 5302 διὰ
3259 5249 3365 5304 τοῦ
3409 5256 3566 5324 τρεῖς
3591 5246 3783 5323 ἀριθμῶ

2208 5340 2545 5410 δηλουμένην
2618 5338 2697 5401 ὡς
2760 5335 3059 5407 τριαδικῶς
3127 5339 3512 5418 ὑμνουμένην
3582 5347 3665 5401 διὰ
3710 5341 3784 5408 τὴν

2209 5431 2640 5503 τρισυπόστατον
2682 5429 2950 5501 ὓπαρξινο
3014 5430 3187 5501 τριὰς
3230 5437 3356 5512 γάρ
3407 5442 3561 5497 ἔστιν
3600 5434 3787 5512 tinea;

1828 5575 2059 5632 VARIAS
2088 5570 2493 5630 LEGTIONES.

628 5640 667 5672 "
707 5641 1090 5713 Apographum
1121 5646 1285 5702 habet
1311 5644 1614 5713 οὖσιώεους.

616 5728 643 5748 αι
