  <div class='ocr_page' id='page_1' title='image "/cluster/home/n/w/nwhite01/storage/ocr_20150623/91/mdp.39015022223195/700.png"; bbox 0 0 3938 6148; ppageno 0'>
   <div class='ocr_carea' id='block_1_1' title="bbox 285 209 420 272">
    <p class='ocr_par' dir='ltr' id='par_1_1' title="bbox 285 209 420 272">
     <span class='ocr_line' id='line_1_1' title="bbox 285 209 420 272; baseline 0 0"><span class='ocrx_word' id='word_1_1' title='bbox 285 209 420 272; x_wconf 74' lang='grc'><strong>1401</strong></span> 
     </span>
    </p>
   </div>
   <div class='ocr_carea' id='block_1_2' title="bbox 1491 205 2308 282">
    <p class='ocr_par' dir='ltr' id='par_1_2' title="bbox 1491 205 2308 282">
     <span class='ocr_line' id='line_1_2' title="bbox 1491 205 2308 282; baseline 0.009 -7"><span class='ocrx_word' id='word_1_2' title='bbox 1491 205 2014 280; x_wconf 73' lang='grc' dir='ltr'><strong>ᾹΜΒΙῦΠΟΡιΗΜ</strong></span> <span class='ocrx_word' id='word_1_3' title='bbox 2056 222 2308 282; x_wconf 80' lang='lat' dir='ltr'>LIBER.</span> 
     </span>
    </p>
   </div>
   <div class='ocr_carea' id='block_1_3' title="bbox 3415 211 3556 278">
    <p class='ocr_par' dir='ltr' id='par_1_3' title="bbox 3415 211 3556 278">
     <span class='ocr_line' id='line_1_3' title="bbox 3415 211 3556 278; baseline 0.007 -3"><span class='ocrx_word' id='word_1_4' title='bbox 3415 211 3556 278; x_wconf 60' lang='lat'><strong>1102</strong></span> 
     </span>
    </p>
   </div>
   <div class='ocr_carea' id='block_1_4' title="bbox 278 316 1864 396">
    <p class='ocr_par' dir='ltr' id='par_1_4' title="bbox 278 316 1864 394">
     <span class='ocr_line' id='line_1_4' title="bbox 278 316 1864 394; baseline 0.002 -19"><span class='ocrx_word' id='word_1_5' title='bbox 278 323 352 385; x_wconf 74' lang='grc' dir='ltr'>ὡς</span> <span class='ocrx_word' id='word_1_6' title='bbox 387 324 445 374; x_wconf 81' lang='grc' dir='ltr'><strong>ὲν</strong></span> <span class='ocrx_word' id='word_1_7' title='bbox 474 320 708 386; x_wconf 76' lang='grc' dir='ltr'>τελείαις</span> <span class='ocrx_word' id='word_1_8' title='bbox 736 316 871 376; x_wconf 81' lang='grc' dir='ltr'>οὖσα</span> <span class='ocrx_word' id='word_1_9' title='bbox 897 320 1078 374; x_wconf 84' lang='grc' dir='ltr'>τελεία</span> <span class='ocrx_word' id='word_1_10' title='bbox 1112 321 1232 384; x_wconf 75' lang='grc' dir='ltr'>ταῖς</span> <span class='ocrx_word' id='word_1_11' title='bbox 1265 321 1666 385; x_wconf 73' lang='grc' dir='ltr'>ὑποστάσεσιν,</span> <span class='ocrx_word' id='word_1_12' title='bbox 1703 325 1864 394; x_wconf 79' lang='grc' dir='ltr'>ἥγουν</span> 
     </span>
    </p>
   </div>
   <div class='ocr_carea' id='block_1_5' title="bbox 1970 316 3553 396">
    <p class='ocr_par' dir='ltr' id='par_1_5' title="bbox 1971 325 3553 396">
     <span class='ocr_line' id='line_1_5' title="bbox 1971 325 3553 396; baseline -0.001 -14"><span class='ocrx_word' id='word_1_13' title='bbox 1971 336 2055 382; x_wconf 88' lang='lat' dir='ltr'><strong>est</strong></span> <span class='ocrx_word' id='word_1_14' title='bbox 2087 327 2274 382; x_wconf 82' lang='lat' dir='ltr'><strong>unitas</strong></span> <span class='ocrx_word' id='word_1_15' title='bbox 2305 335 2365 380; x_wconf 90' lang='lat' dir='ltr'><strong>ut</strong></span> <span class='ocrx_word' id='word_1_16' title='bbox 2396 327 2452 381; x_wconf 93' lang='lat' dir='ltr'><strong>in</strong></span> <span class='ocrx_word' id='word_1_17' title='bbox 2490 326 2756 396; x_wconf 74' lang='lat' dir='ltr'><strong>perfectis</strong></span> <span class='ocrx_word' id='word_1_18' title='bbox 2777 327 3109 382; x_wconf 87' lang='lat' dir='ltr'><strong>substantiis</strong></span> <span class='ocrx_word' id='word_1_19' title='bbox 3139 325 3257 395; x_wconf 87' lang='lat' dir='ltr'><strong>ipsa</strong></span> <span class='ocrx_word' id='word_1_20' title='bbox 3286 325 3553 396; x_wconf 83' lang='lat' dir='ltr'><strong>perfecta.</strong></span> 
     </span>
    </p>
   </div>
   <div class='ocr_carea' id='block_1_6' title="bbox 279 413 1870 486">
    <p class='ocr_par' dir='ltr' id='par_1_6' title="bbox 279 413 1870 486">
     <span class='ocr_line' id='line_1_6' title="bbox 279 413 1870 486; baseline 0.003 -20"><span class='ocrx_word' id='word_1_21' title='bbox 279 414 358 482; x_wconf 79' lang='grc' dir='ltr'>τῷ</span> <span class='ocrx_word' id='word_1_22' title='bbox 397 414 498 484; x_wconf 79' lang='grc' dir='ltr'>τῆς</span> <span class='ocrx_word' id='word_1_23' title='bbox 527 413 818 485; x_wconf 79' lang='grc' dir='ltr'><strong>ὑπάρξεως</strong></span> <span class='ocrx_word' id='word_1_24' title='bbox 846 414 1034 486; x_wconf 82' lang='grc' dir='ltr'>τρόπῳ</span> <span class='ocrx_word' id='word_1_25' title='bbox 1053 453 1068 477; x_wconf 92' lang='grc'><strong>,</strong></span> <span class='ocrx_word' id='word_1_26' title='bbox 1121 413 1219 466; x_wconf 78' lang='grc' dir='ltr'>καὶ</span> <span class='ocrx_word' id='word_1_27' title='bbox 1268 415 1437 483; x_wconf 83' lang='grc' dir='ltr'>μονάς</span> <span class='ocrx_word' id='word_1_28' title='bbox 1464 416 1619 468; x_wconf 80' lang='grc' dir='ltr'>ἐστιν</span> <span class='ocrx_word' id='word_1_29' title='bbox 1651 417 1684 485; x_wconf 85' lang='grc' dir='ltr'>ἠ</span> <span class='ocrx_word' id='word_1_30' title='bbox 1712 418 1870 486; x_wconf 62' lang='grc' dir='ltr'>τριὰς</span> 
     </span>
    </p>
   </div>
   <div class='ocr_carea' id='block_1_7' title="bbox 281 503 1868 578">
    <p class='ocr_par' dir='ltr' id='par_1_7' title="bbox 281 503 1868 578">
     <span class='ocr_line' id='line_1_7' title="bbox 281 503 1868 578; baseline 0 -20"><span class='ocrx_word' id='word_1_31' title='bbox 281 506 496 576; x_wconf 82' lang='grc' dir='ltr'>ἀληθῶς</span> <span class='ocrx_word' id='word_1_32' title='bbox 547 506 622 576; x_wconf 83' lang='grc' dir='ltr'>τῷ</span> <span class='ocrx_word' id='word_1_33' title='bbox 663 507 766 576; x_wconf 77' lang='grc' dir='ltr'>τῆς</span> <span class='ocrx_word' id='word_1_34' title='bbox 803 506 1029 570; x_wconf 90' lang='grc' dir='ltr'>οὑσίας,</span> <span class='ocrx_word' id='word_1_35' title='bbox 1081 505 1251 574; x_wconf 70' lang='grc' dir='ltr'>ἤγουν</span> <span class='ocrx_word' id='word_1_36' title='bbox 1297 504 1376 574; x_wconf 80' lang='grc' dir='ltr'>τῷ</span> <span class='ocrx_word' id='word_1_37' title='bbox 1404 505 1498 558; x_wconf 77' lang='grc' dir='ltr'>τοῦ</span> <span class='ocrx_word' id='word_1_38' title='bbox 1528 503 1670 560; x_wconf 78' lang='grc' dir='ltr'>εἶναι</span> <span class='ocrx_word' id='word_1_39' title='bbox 1703 507 1868 578; x_wconf 55' lang='grc' dir='ltr'>λόγῳ,</span> 
     </span>
    </p>
   </div>
   <div class='ocr_carea' id='block_1_8' title="bbox 281 597 1868 670">
    <p class='ocr_par' dir='ltr' id='par_1_8' title="bbox 281 597 1868 670">
     <span class='ocr_line' id='line_1_8' title="bbox 281 597 1868 670; baseline 0.003 -22"><span class='ocrx_word' id='word_1_40' title='bbox 281 597 393 669; x_wconf 71' lang='grc' dir='ltr'><strong>Τὴν</strong></span> <span class='ocrx_word' id='word_1_41' title='bbox 421 599 478 652; x_wconf 79' lang='grc' dir='ltr'><strong>δὲ</strong></span> <span class='ocrx_word' id='word_1_42' title='bbox 511 599 808 670; x_wconf 76' lang='grc' dir='ltr'><strong>δραστικὴν</strong></span> <span class='ocrx_word' id='word_1_43' title='bbox 837 597 1120 668; x_wconf 69' lang='grc' dir='ltr'>ἐνέργειαν</span> <span class='ocrx_word' id='word_1_44' title='bbox 1162 597 1252 650; x_wconf 70' lang='grc' dir='ltr'><strong>διὰ</strong></span> <span class='ocrx_word' id='word_1_45' title='bbox 1279 597 1373 650; x_wconf 78' lang='grc' dir='ltr'><strong>τοῦ</strong></span> <span class='ocrx_word' id='word_1_46' title='bbox 1399 597 1458 662; x_wconf 78' lang='grc' dir='ltr'>ἓξ</span> <span class='ocrx_word' id='word_1_47' title='bbox 1483 598 1722 670; x_wconf 71' lang='grc' dir='ltr'>ἀριθμοῦ</span> <span class='ocrx_word' id='word_1_48' title='bbox 1761 617 1868 670; x_wconf 78' lang='grc' dir='ltr'><strong>μηο</strong></span> 
     </span>
    </p>
   </div>
   <div class='ocr_carea' id='block_1_9' title="bbox 285 687 1869 762">
    <p class='ocr_par' dir='ltr' id='par_1_9' title="bbox 285 687 1869 762">
     <span class='ocr_line' id='line_1_9' title="bbox 285 687 1869 762; baseline 0.003 -22"><span class='ocrx_word' id='word_1_49' title='bbox 285 689 551 759; x_wconf 86' lang='grc' dir='ltr'>νυομένην</span> <span class='ocrx_word' id='word_1_50' title='bbox 575 731 589 754; x_wconf 89' lang='grc'><strong>,</strong></span> <span class='ocrx_word' id='word_1_51' title='bbox 645 690 720 752; x_wconf 87' lang='grc' dir='ltr'>ὡς</span> <span class='ocrx_word' id='word_1_52' title='bbox 756 689 919 760; x_wconf 88' lang='grc' dir='ltr'>μόνου</span> <span class='ocrx_word' id='word_1_53' title='bbox 951 687 1058 742; x_wconf 85' lang='grc' dir='ltr'><strong>τῶν</strong></span> <span class='ocrx_word' id='word_1_54' title='bbox 1090 689 1243 752; x_wconf 79' lang='grc' dir='ltr'>ἐντὸς</span> <span class='ocrx_word' id='word_1_55' title='bbox 1270 689 1494 752; x_wconf 75' lang='grc' dir='ltr'><strong>δεκάδος</strong></span> <span class='ocrx_word' id='word_1_56' title='bbox 1517 691 1752 762; x_wconf 78' lang='grc' dir='ltr'>ἀριθμοῦ</span> <span class='ocrx_word' id='word_1_57' title='bbox 1779 709 1869 744; x_wconf 82' lang='grc' dir='ltr'>τε·</span> 
     </span>
    </p>
   </div>
   <div class='ocr_carea' id='block_1_10' title="bbox 280 777 1868 850">
    <p class='ocr_par' dir='ltr' id='par_1_10' title="bbox 280 777 1868 850">
     <span class='ocr_line' id='line_1_10' title="bbox 280 777 1868 850; baseline 0.003 -20"><span class='ocrx_word' id='word_1_58' title='bbox 280 777 428 831; x_wconf 81' lang='grc' dir='ltr'>λείου</span> <span class='ocrx_word' id='word_1_59' title='bbox 461 779 556 832; x_wconf 77' lang='grc' dir='ltr'>καὶ</span> <span class='ocrx_word' id='word_1_60' title='bbox 582 780 842 848; x_wconf 75' lang='grc' dir='ltr'><strong>πλήρους,</strong></span> <span class='ocrx_word' id='word_1_61' title='bbox 877 779 972 832; x_wconf 75' lang='grc' dir='ltr'><strong>καὶ</strong></span> <span class='ocrx_word' id='word_1_62' title='bbox 1000 779 1064 830; x_wconf 82' lang='grc' dir='ltr'>ἐκ</span> <span class='ocrx_word' id='word_1_63' title='bbox 1093 777 1201 830; x_wconf 86' lang='grc' dir='ltr'><strong>τῶν</strong></span> <span class='ocrx_word' id='word_1_64' title='bbox 1229 778 1450 832; x_wconf 76' lang='grc' dir='ltr'>οἰκείων</span> <span class='ocrx_word' id='word_1_65' title='bbox 1477 782 1868 850; x_wconf 73' lang='grc' dir='ltr'><strong>συνισταμένου</strong></span> 
     </span>
    </p>
   </div>
   <div class='ocr_carea' id='block_1_11' title="bbox 287 865 1870 952">
    <p class='ocr_par' dir='ltr' id='par_1_11' title="bbox 287 865 1870 952">
     <span class='ocr_line' id='line_1_11' title="bbox 287 865 1870 952; baseline 0.001 -31"><span class='ocrx_word' id='word_1_66' title='bbox 287 869 505 941; x_wconf 82' lang='grc' dir='ltr'>μερῶν,</span> <span class='ocrx_word' id='word_1_67' title='bbox 560 870 657 924; x_wconf 78' lang='grc' dir='ltr'><strong>καὶ</strong></span> <span class='ocrx_word' id='word_1_68' title='bbox 705 869 815 922; x_wconf 83' lang='grc' dir='ltr'><strong>τῶν</strong></span> <span class='ocrx_word' id='word_1_69' title='bbox 861 865 928 922; x_wconf 80' lang='grc' dir='ltr'><strong>αὖ</strong></span> <span class='ocrx_word' id='word_1_70' title='bbox 977 869 1206 952; x_wconf 55' lang='grc' dir='ltr'>καθόλου</span> <span class='ocrx_word' id='word_1_71' title='bbox 1253 871 1348 923; x_wconf 81' lang='grc' dir='ltr'><strong>καὶ</strong></span> <span class='ocrx_word' id='word_1_72' title='bbox 1389 870 1589 923; x_wconf 67' lang='grc' dir='ltr'>ἀνίσων</span> <span class='ocrx_word' id='word_1_73' title='bbox 1618 871 1870 941; x_wconf 80' lang='grc' dir='ltr'><strong>ἀριθμῶν</strong></span> 
     </span>
    </p>
   </div>
   <div class='ocr_carea' id='block_1_12' title="bbox 285 959 1866 1030">
    <p class='ocr_par' dir='ltr' id='par_1_12' title="bbox 285 959 1866 1030">
     <span class='ocr_line' id='line_1_12' title="bbox 285 959 1866 1030; baseline 0.001 -18"><span class='ocrx_word' id='word_1_74' title='bbox 285 959 678 1030; x_wconf 65' lang='grc' dir='ltr'>πεμεκτικοῦ,</span> <span class='ocrx_word' id='word_1_75' title='bbox 736 959 832 1012; x_wconf 80' lang='grc' dir='ltr'><strong>τοῦ</strong></span> <span class='ocrx_word' id='word_1_76' title='bbox 881 959 1070 1030; x_wconf 81' lang='grc' dir='ltr'>ἀρτίου</span> <span class='ocrx_word' id='word_1_77' title='bbox 1117 961 1262 1029; x_wconf 70' lang='grc' dir='ltr'>φημὶ</span> <span class='ocrx_word' id='word_1_78' title='bbox 1313 962 1408 1014; x_wconf 78' lang='grc' dir='ltr'><strong>καὶ</strong></span> <span class='ocrx_word' id='word_1_79' title='bbox 1451 961 1545 1014; x_wconf 75' lang='grc' dir='ltr'>τοῦ</span> <span class='ocrx_word' id='word_1_80' title='bbox 1585 961 1866 1030; x_wconf 78' lang='grc' dir='ltr'><strong>περιττοῦ,</strong></span> 
     </span>
    </p>
   </div>
   <div class='ocr_carea' id='block_1_13' title="bbox 283 1052 1870 1122">
    <p class='ocr_par' dir='ltr' id='par_1_13' title="bbox 283 1052 1870 1122">
     <span class='ocr_line' id='line_1_13' title="bbox 283 1052 1870 1122; baseline 0.003 -19"><span class='ocrx_word' id='word_1_81' title='bbox 283 1053 474 1122; x_wconf 72' lang='lat'><strong>(258</strong></span> <span class='ocrx_word' id='word_1_82' title='bbox 497 1053 548 1109; x_wconf 81' lang='lat' dir='ltr'><strong>bl</strong></span> <span class='ocrx_word' id='word_1_83' title='bbox 585 1053 660 1116; x_wconf 86' lang='grc' dir='ltr'>ὡς</span> <span class='ocrx_word' id='word_1_84' title='bbox 696 1053 789 1106; x_wconf 73' lang='grc' dir='ltr'><strong>καὶ</strong></span> <span class='ocrx_word' id='word_1_85' title='bbox 823 1054 992 1122; x_wconf 86' lang='grc' dir='ltr'>μόνην</span> <span class='ocrx_word' id='word_1_86' title='bbox 1019 1052 1230 1107; x_wconf 85' lang='grc' dir='ltr'>τελείαν</span> <span class='ocrx_word' id='word_1_87' title='bbox 1265 1055 1358 1108; x_wconf 77' lang='grc' dir='ltr'><strong>καὶ</strong></span> <span class='ocrx_word' id='word_1_88' title='bbox 1385 1053 1629 1118; x_wconf 78' lang='grc' dir='ltr'><strong>τελείων,</strong></span> <span class='ocrx_word' id='word_1_89' title='bbox 1663 1057 1784 1108; x_wconf 81' lang='grc' dir='ltr'>καθ’</span> <span class='ocrx_word' id='word_1_90' title='bbox 1810 1057 1870 1108; x_wconf 82' lang='grc' dir='ltr'><strong>ὃν</strong></span> 
     </span>
    </p>
   </div>
   <div class='ocr_carea' id='block_1_14' title="bbox 281 1144 1866 1219">
    <p class='ocr_par' dir='ltr' id='par_1_14' title="bbox 281 1144 1866 1219">
     <span class='ocr_line' id='line_1_14' title="bbox 281 1144 1866 1219; baseline 0.003 -23"><span class='ocrx_word' id='word_1_91' title='bbox 281 1147 388 1197; x_wconf 83' lang='grc' dir='ltr'>εἰσι</span> <span class='ocrx_word' id='word_1_92' title='bbox 444 1144 644 1212; x_wconf 84' lang='grc' dir='ltr'>λόγον,</span> <span class='ocrx_word' id='word_1_93' title='bbox 723 1145 1143 1219; x_wconf 67' lang='grc' dir='ltr'>ἀπεργαστικήν</span> <span class='ocrx_word' id='word_1_94' title='bbox 1194 1163 1254 1199; x_wconf 76' lang='grc' dir='ltr'><strong>τε</strong></span> <span class='ocrx_word' id='word_1_95' title='bbox 1318 1147 1410 1200; x_wconf 70' lang='grc' dir='ltr'><strong>καὶ</strong></span> <span class='ocrx_word' id='word_1_96' title='bbox 1467 1151 1866 1217; x_wconf 77' lang='grc' dir='ltr'>φρουρητικήν.</span> 
     </span>
    </p>
   </div>
   <div class='ocr_carea' id='block_1_15' title="bbox 286 1235 1870 1308">
    <p class='ocr_par' dir='ltr' id='par_1_15' title="bbox 286 1235 1870 1308">
     <span class='ocr_line' id='line_1_15' title="bbox 286 1235 1870 1308; baseline 0.001 -20"><span class='ocrx_word' id='word_1_97' title='bbox 286 1236 481 1289; x_wconf 81' lang='grc' dir='ltr'>Ἀνισα</span> <span class='ocrx_word' id='word_1_98' title='bbox 511 1236 620 1305; x_wconf 77' lang='grc' dir='ltr'>γὰρ</span> <span class='ocrx_word' id='word_1_99' title='bbox 651 1235 721 1290; x_wconf 68' lang='grc' dir='ltr'>τὰ</span> <span class='ocrx_word' id='word_1_100' title='bbox 754 1236 892 1306; x_wconf 72' lang='grc' dir='ltr'>μετὰ</span> <span class='ocrx_word' id='word_1_101' title='bbox 920 1238 1034 1298; x_wconf 88' lang='grc' dir='ltr'>τοῖς</span> <span class='ocrx_word' id='word_1_102' title='bbox 1061 1236 1251 1306; x_wconf 79' lang='grc' dir='ltr'><strong>ἄκροις</strong></span> <span class='ocrx_word' id='word_1_103' title='bbox 1279 1238 1576 1304; x_wconf 80' lang='grc' dir='ltr'>κινούμενα</span> <span class='ocrx_word' id='word_1_104' title='bbox 1610 1239 1745 1308; x_wconf 79' lang='grc' dir='ltr'>πρὸς</span> <span class='ocrx_word' id='word_1_105' title='bbox 1769 1240 1870 1308; x_wconf 76' lang='grc' dir='ltr'>τὴν</span> 
     </span>
    </p>
   </div>
   <div class='ocr_carea' id='block_1_16' title="bbox 280 1325 1870 1397">
    <p class='ocr_par' dir='ltr' id='par_1_16' title="bbox 280 1325 1870 1397">
     <span class='ocr_line' id='line_1_16' title="bbox 280 1325 1870 1397; baseline 0.002 -18"><span class='ocrx_word' id='word_1_106' title='bbox 280 1325 392 1380; x_wconf 87' lang='grc' dir='ltr'><strong>τῶν</strong></span> <span class='ocrx_word' id='word_1_107' title='bbox 450 1326 634 1396; x_wconf 75' lang='grc' dir='ltr'>ἄκρων</span> <span class='ocrx_word' id='word_1_108' title='bbox 691 1327 1000 1397; x_wconf 76' lang='grc' dir='ltr'>ἀεικίνητον</span> <span class='ocrx_word' id='word_1_109' title='bbox 1061 1329 1271 1386; x_wconf 74' lang='grc' dir='ltr'>στάσιν.</span> <span class='ocrx_word' id='word_1_110' title='bbox 1336 1326 1462 1382; x_wconf 72' lang='grc' dir='ltr'><strong>Οῗον</strong></span> <span class='ocrx_word' id='word_1_111' title='bbox 1524 1330 1590 1382; x_wconf 79' lang='grc' dir='ltr'><strong>ἵν’</strong></span> <span class='ocrx_word' id='word_1_112' title='bbox 1637 1330 1694 1396; x_wconf 80' lang='grc' dir='ltr'>ἐξ</span> <span class='ocrx_word' id='word_1_113' title='bbox 1749 1331 1870 1394; x_wconf 82' lang='grc' dir='ltr'>ἑνὸς</span> 
     </span>
    </p>
   </div>
   <div class='ocr_carea' id='block_1_17' title="bbox 282 1413 1872 1489">
    <p class='ocr_par' dir='ltr' id='par_1_17' title="bbox 282 1413 1872 1489">
     <span class='ocr_line' id='line_1_17' title="bbox 282 1413 1872 1489; baseline 0.003 -19"><span class='ocrx_word' id='word_1_114' title='bbox 282 1417 382 1470; x_wconf 71' lang='grc' dir='ltr'>καὶ</span> <span class='ocrx_word' id='word_1_115' title='bbox 426 1417 536 1471; x_wconf 88' lang='grc' dir='ltr'><strong>τῶν</strong></span> <span class='ocrx_word' id='word_1_116' title='bbox 573 1413 779 1472; x_wconf 88' lang='grc' dir='ltr'>λοιπῶν</span> <span class='ocrx_word' id='word_1_117' title='bbox 824 1421 1145 1489; x_wconf 78' lang='grc' dir='ltr'><strong>ποιήσωμαι</strong></span> <span class='ocrx_word' id='word_1_118' title='bbox 1179 1423 1290 1483; x_wconf 77' lang='grc' dir='ltr'>τοῖς</span> <span class='ocrx_word' id='word_1_119' title='bbox 1321 1421 1631 1489; x_wconf 75' lang='grc' dir='ltr'>φιλοπόνοις</span> <span class='ocrx_word' id='word_1_120' title='bbox 1661 1421 1760 1488; x_wconf 75' lang='grc' dir='ltr'>τὴν</span> <span class='ocrx_word' id='word_1_121' title='bbox 1785 1421 1872 1474; x_wconf 78' lang='grc' dir='ltr'><strong>ἔν-</strong></span> 
     </span>
    </p>
   </div>
   <div class='ocr_carea' id='block_1_18' title="bbox 287 1507 1873 1580">
    <p class='ocr_par' dir='ltr' id='par_1_18' title="bbox 287 1507 1873 1580">
     <span class='ocr_line' id='line_1_18' title="bbox 287 1507 1873 1580; baseline 0.003 -18"><span class='ocrx_word' id='word_1_122' title='bbox 287 1526 498 1574; x_wconf 83' lang='grc' dir='ltr'>στασιν,</span> <span class='ocrx_word' id='word_1_123' title='bbox 534 1510 703 1578; x_wconf 77' lang='grc' dir='ltr'>ἄκρον</span> <span class='ocrx_word' id='word_1_124' title='bbox 731 1509 829 1580; x_wconf 84' lang='grc' dir='ltr'><strong>μέν</strong></span> <span class='ocrx_word' id='word_1_125' title='bbox 859 1511 976 1564; x_wconf 80' lang='grc' dir='ltr'>ἐστι</span> <span class='ocrx_word' id='word_1_126' title='bbox 1005 1511 1086 1564; x_wconf 77' lang='grc' dir='ltr'><strong>τό·</strong></span> <span class='ocrx_word' id='word_1_127' title='bbox 1121 1512 1226 1564; x_wconf 78' lang='grc' dir='ltr'><strong>Καὶ</strong></span> <span class='ocrx_word' id='word_1_128' title='bbox 1253 1507 1422 1564; x_wconf 76' lang='grc' dir='ltr'>εἶπεν</span> <span class='ocrx_word' id='word_1_129' title='bbox 1448 1515 1481 1565; x_wconf 82' lang='grc' dir='ltr'><em>ό</em></span> <span class='ocrx_word' id='word_1_130' title='bbox 1506 1512 1668 1578; x_wconf 84' lang='grc' dir='ltr'>Θεὸς.</span> <span class='ocrx_word' id='word_1_131' title='bbox 1705 1513 1873 1579; x_wconf 67' lang='lat' dir='ltr'><strong>noul-</strong></span> 
     </span>
    </p>
   </div>
   <div class='ocr_carea' id='block_1_19' title="bbox 285 1586 1874 1688">
    <p class='ocr_par' dir='ltr' id='par_1_19' title="bbox 285 1586 1874 1688">
     <span class='ocr_line' id='line_1_19' title="bbox 285 1586 1874 1688; baseline 0.004 -34"><span class='ocrx_word' id='word_1_132' title='bbox 285 1615 490 1668; x_wconf 80' lang='grc' dir='ltr'>σωμεν</span> <span class='ocrx_word' id='word_1_133' title='bbox 533 1599 846 1668; x_wconf 80' lang='grc' dir='ltr'>ἄνθρωπον</span> <span class='ocrx_word' id='word_1_134' title='bbox 888 1602 1018 1656; x_wconf 73' lang='grc' dir='ltr'>κατ’</span> <span class='ocrx_word' id='word_1_135' title='bbox 1044 1603 1569 1688; x_wconf 27' lang='grc' dir='ltr'>είκόναίἠμετέραν</span> <span class='ocrx_word' id='word_1_136' title='bbox 1610 1605 1708 1657; x_wconf 79' lang='grc' dir='ltr'><strong>καί</strong></span> <span class='ocrx_word' id='word_1_137' title='bbox 1740 1586 1874 1660; x_wconf 72' lang='grc' dir='ltr'>καθ’</span> 
     </span>
    </p>
   </div>
   <div class='ocr_carea' id='block_1_20' title="bbox 285 1691 1868 1762">
    <p class='ocr_par' dir='ltr' id='par_1_20' title="bbox 285 1691 1868 1762">
     <span class='ocr_line' id='line_1_20' title="bbox 285 1691 1868 1762; baseline 0.003 -18"><span class='ocrx_word' id='word_1_138' title='bbox 285 1691 603 1758; x_wconf 74' lang='grc' dir='ltr'>ὁμοίωσινο</span> <span class='ocrx_word' id='word_1_139' title='bbox 663 1692 828 1762; x_wconf 80' lang='grc' dir='ltr'>μέσον</span> <span class='ocrx_word' id='word_1_140' title='bbox 876 1691 932 1744; x_wconf 82' lang='grc' dir='ltr'><strong>δὲ</strong></span> <span class='ocrx_word' id='word_1_141' title='bbox 983 1693 1083 1745; x_wconf 85' lang='grc' dir='ltr'><strong>τό·</strong></span> <span class='ocrx_word' id='word_1_142' title='bbox 1141 1694 1250 1746; x_wconf 78' lang='grc' dir='ltr'><strong>Καὶ</strong></span> <span class='ocrx_word' id='word_1_143' title='bbox 1305 1694 1595 1759; x_wconf 76' lang='grc' dir='ltr'>ἐποίησεν</span> <span class='ocrx_word' id='word_1_144' title='bbox 1647 1698 1680 1750; x_wconf 87' lang='grc' dir='ltr'><strong><em>ό</em></strong></span> <span class='ocrx_word' id='word_1_145' title='bbox 1722 1695 1868 1762; x_wconf 82' lang='grc' dir='ltr'><strong>Θεὸς</strong></span> 
     </span>
    </p>
   </div>
   <div class='ocr_carea' id='block_1_21' title="bbox 283 1780 1862 1852">
    <p class='ocr_par' dir='ltr' id='par_1_21' title="bbox 283 1780 1862 1852">
     <span class='ocr_line' id='line_1_21' title="bbox 283 1780 1862 1852; baseline 0.004 -18"><span class='ocrx_word' id='word_1_146' title='bbox 283 1780 394 1834; x_wconf 79' lang='grc' dir='ltr'>τὸν</span> <span class='ocrx_word' id='word_1_147' title='bbox 415 1780 750 1851; x_wconf 80' lang='grc' dir='ltr'>ἄνθρωπον,</span> <span class='ocrx_word' id='word_1_148' title='bbox 784 1782 975 1851; x_wconf 77' lang='grc' dir='ltr'>ἄρσεν</span> <span class='ocrx_word' id='word_1_149' title='bbox 1003 1783 1100 1838; x_wconf 82' lang='grc' dir='ltr'><strong>καί</strong></span> <span class='ocrx_word' id='word_1_150' title='bbox 1126 1783 1284 1852; x_wconf 66' lang='grc' dir='ltr'><strong>θῆλυ</strong></span> <span class='ocrx_word' id='word_1_151' title='bbox 1307 1785 1596 1851; x_wconf 80' lang='grc' dir='ltr'>ἐποίησεν</span> <span class='ocrx_word' id='word_1_152' title='bbox 1618 1787 1862 1852; x_wconf 79' lang='grc' dir='ltr'>αὐτούς’</span> 
     </span>
    </p>
   </div>
   <div class='ocr_carea' id='block_1_22' title="bbox 285 1872 1868 1945">
    <p class='ocr_par' dir='ltr' id='par_1_22' title="bbox 285 1872 1868 1945">
     <span class='ocr_line' id='line_1_22' title="bbox 285 1872 1868 1945; baseline 0.004 -20"><span class='ocrx_word' id='word_1_153' title='bbox 285 1872 382 1926; x_wconf 59' lang='grc' dir='ltr'><strong>καί⁹</strong></span> <span class='ocrx_word' id='word_1_154' title='bbox 405 1873 574 1944; x_wconf 80' lang='grc' dir='ltr'>ἄκρον</span> <span class='ocrx_word' id='word_1_155' title='bbox 599 1875 782 1928; x_wconf 72' lang='grc' dir='ltr'>πάλιν·</span> <span class='ocrx_word' id='word_1_156' title='bbox 829 1875 926 1928; x_wconf 81' lang='grc' dir='ltr'><strong>Ἐν</strong></span> <span class='ocrx_word' id='word_1_157' title='bbox 949 1874 1059 1944; x_wconf 71' lang='grc' dir='ltr'>γὰρ</span> <span class='ocrx_word' id='word_1_158' title='bbox 1089 1874 1316 1945; x_wconf 82' lang='grc' dir='ltr'>Χριστῷ</span> <span class='ocrx_word' id='word_1_159' title='bbox 1347 1876 1550 1943; x_wconf 81' lang='grc' dir='ltr'>Ἰησοῦ</span> <span class='ocrx_word' id='word_1_160' title='bbox 1571 1879 1683 1931; x_wconf 84' lang='grc' dir='ltr'>οὐκ</span> <span class='ocrx_word' id='word_1_161' title='bbox 1698 1879 1868 1932; x_wconf 77' lang='grc' dir='ltr'>ἐστιν</span> 
     </span>
    </p>
   </div>
   <div class='ocr_carea' id='block_1_23' title="bbox 284 1963 1867 2038">
    <p class='ocr_par' dir='ltr' id='par_1_23' title="bbox 284 1963 1867 2038">
     <span class='ocr_line' id='line_1_23' title="bbox 284 1963 1867 2038; baseline 0.004 -21"><span class='ocrx_word' id='word_1_162' title='bbox 284 1963 424 2018; x_wconf 82' lang='grc' dir='ltr'>οὔτε</span> <span class='ocrx_word' id='word_1_163' title='bbox 449 1963 637 2032; x_wconf 70' lang='grc' dir='ltr'>ἄρσεν</span> <span class='ocrx_word' id='word_1_164' title='bbox 665 1965 806 2020; x_wconf 80' lang='grc' dir='ltr'>οὔτε</span> <span class='ocrx_word' id='word_1_165' title='bbox 831 1964 1010 2032; x_wconf 76' lang='grc' dir='ltr'><strong>θῆλυ.</strong></span> <span class='ocrx_word' id='word_1_166' title='bbox 1043 1965 1164 2019; x_wconf 92' lang='grc' dir='ltr'>Τῶν</span> <span class='ocrx_word' id='word_1_167' title='bbox 1192 1966 1376 2037; x_wconf 78' lang='grc' dir='ltr'>ἄκρων</span> <span class='ocrx_word' id='word_1_168' title='bbox 1400 1964 1493 2021; x_wconf 78' lang='grc' dir='ltr'>οὖν</span> <span class='ocrx_word' id='word_1_169' title='bbox 1521 1969 1615 2022; x_wconf 75' lang='grc' dir='ltr'><strong>καὶ</strong></span> <span class='ocrx_word' id='word_1_170' title='bbox 1639 1969 1746 2022; x_wconf 88' lang='grc' dir='ltr'><strong>τῶν</strong></span> <span class='ocrx_word' id='word_1_171' title='bbox 1773 1970 1867 2038; x_wconf 87' lang='grc' dir='ltr'><strong>μέ-</strong></span> 
     </span>
    </p>
   </div>
   <div class='ocr_carea' id='block_1_24' title="bbox 287 2053 1867 2128">
    <p class='ocr_par' dir='ltr' id='par_1_24' title="bbox 287 2053 1867 2128">
     <span class='ocr_line' id='line_1_24' title="bbox 287 2053 1867 2128; baseline 0.005 -24"><span class='ocrx_word' id='word_1_172' title='bbox 287 2067 398 2106; x_wconf 85' lang='grc' dir='ltr'><strong>σων</strong></span> <span class='ocrx_word' id='word_1_173' title='bbox 428 2053 629 2107; x_wconf 85' lang='grc' dir='ltr'>ἀνίσων</span> <span class='ocrx_word' id='word_1_174' title='bbox 657 2053 829 2108; x_wconf 73' lang='grc' dir='ltr'>ὅντων</span> <span class='ocrx_word' id='word_1_175' title='bbox 853 2097 868 2119; x_wconf 94' lang='grc'><strong>,</strong></span> <span class='ocrx_word' id='word_1_176' title='bbox 919 2055 996 2119; x_wconf 81' lang='grc' dir='ltr'>ὡς</span> <span class='ocrx_word' id='word_1_177' title='bbox 1043 2054 1150 2110; x_wconf 87' lang='grc' dir='ltr'><strong>τῶν</strong></span> <span class='ocrx_word' id='word_1_178' title='bbox 1195 2055 1296 2124; x_wconf 78' lang='grc' dir='ltr'>μὲν</span> <span class='ocrx_word' id='word_1_179' title='bbox 1340 2056 1402 2110; x_wconf 90' lang='grc' dir='ltr'><strong>τὸ</strong></span> <span class='ocrx_word' id='word_1_180' title='bbox 1434 2057 1603 2128; x_wconf 72' lang='grc' dir='ltr'>ἄρρεν</span> <span class='ocrx_word' id='word_1_181' title='bbox 1634 2057 1867 2128; x_wconf 73' lang='grc' dir='ltr'>ἐχόντων</span> 
     </span>
    </p>
   </div>
   <div class='ocr_carea' id='block_1_25' title="bbox 287 2140 1866 2219">
    <p class='ocr_par' dir='ltr' id='par_1_25' title="bbox 287 2140 1866 2219">
     <span class='ocr_line' id='line_1_25' title="bbox 287 2140 1866 2219; baseline 0.006 -26"><span class='ocrx_word' id='word_1_182' title='bbox 287 2140 382 2194; x_wconf 80' lang='grc' dir='ltr'>καὶ</span> <span class='ocrx_word' id='word_1_183' title='bbox 411 2141 471 2194; x_wconf 86' lang='grc' dir='ltr'><strong>τὸ</strong></span> <span class='ocrx_word' id='word_1_184' title='bbox 499 2141 630 2212; x_wconf 77' lang='grc' dir='ltr'>θῆλυ</span> <span class='ocrx_word' id='word_1_185' title='bbox 653 2181 670 2206; x_wconf 96' lang='grc'><strong>,</strong></span> <span class='ocrx_word' id='word_1_186' title='bbox 723 2141 834 2196; x_wconf 85' lang='grc' dir='ltr'><strong>τῶν</strong></span> <span class='ocrx_word' id='word_1_187' title='bbox 866 2145 922 2197; x_wconf 79' lang='grc' dir='ltr'>δὲ</span> <span class='ocrx_word' id='word_1_188' title='bbox 972 2143 1048 2216; x_wconf 83' lang='grc' dir='ltr'>μὴ</span> <span class='ocrx_word' id='word_1_189' title='bbox 1081 2144 1336 2214; x_wconf 77' lang='grc' dir='ltr'>ἐχόντων,</span> <span class='ocrx_word' id='word_1_190' title='bbox 1379 2145 1498 2200; x_wconf 76' lang='grc' dir='ltr'>ἐστὶ</span> <span class='ocrx_word' id='word_1_191' title='bbox 1526 2151 1780 2219; x_wconf 77' lang='grc' dir='ltr'>ποιητική</span> <span class='ocrx_word' id='word_1_192' title='bbox 1806 2166 1866 2202; x_wconf 87' lang='grc' dir='ltr'><strong>τε</strong></span> 
     </span>
    </p>
   </div>
   <div class='ocr_carea' id='block_1_26' title="bbox 285 2233 1863 2308">
    <p class='ocr_par' dir='ltr' id='par_1_26' title="bbox 285 2233 1863 2308">
     <span class='ocr_line' id='line_1_26' title="bbox 285 2233 1863 2308; baseline 0.006 -24"><span class='ocrx_word' id='word_1_193' title='bbox 285 2233 382 2285; x_wconf 80' lang='grc' dir='ltr'>καὶ</span> <span class='ocrx_word' id='word_1_194' title='bbox 425 2235 744 2306; x_wconf 81' lang='grc' dir='ltr'>περιεκτικὴ</span> <span class='ocrx_word' id='word_1_195' title='bbox 795 2236 830 2306; x_wconf 81' lang='grc' dir='ltr'><strong>ἡ</strong></span> <span class='ocrx_word' id='word_1_196' title='bbox 864 2235 984 2289; x_wconf 80' lang='grc' dir='ltr'>θεία</span> <span class='ocrx_word' id='word_1_197' title='bbox 1016 2237 1302 2306; x_wconf 78' lang='grc' dir='ltr'>ἐνέργεια,</span> <span class='ocrx_word' id='word_1_198' title='bbox 1338 2237 1530 2308; x_wconf 78' lang='grc' dir='ltr'>ἥντινα</span> <span class='ocrx_word' id='word_1_199' title='bbox 1564 2240 1863 2308; x_wconf 84' lang='grc' dir='ltr'>μυστικῶς,</span> 
     </span>
    </p>
   </div>
   <div class='ocr_carea' id='block_1_27' title="bbox 286 2317 1866 2396">
    <p class='ocr_par' dir='ltr' id='par_1_27' title="bbox 286 2317 1866 2396">
     <span class='ocr_line' id='line_1_27' title="bbox 286 2317 1866 2396; baseline 0.006 -25"><span class='ocrx_word' id='word_1_200' title='bbox 286 2319 539 2390; x_wconf 71' lang='grc' dir='ltr'>καθάπερ</span> <span class='ocrx_word' id='word_1_201' title='bbox 569 2317 752 2391; x_wconf 56' lang='grc' dir='ltr'>οἶμαι.</span> <span class='ocrx_word' id='word_1_202' title='bbox 795 2323 1024 2393; x_wconf 74' lang='grc' dir='ltr'>μυηθεὶς</span> <span class='ocrx_word' id='word_1_203' title='bbox 1053 2325 1084 2377; x_wconf 84' lang='grc' dir='ltr'><strong>ὁ</strong></span> <span class='ocrx_word' id='word_1_204' title='bbox 1111 2323 1424 2393; x_wconf 77' lang='grc' dir='ltr'>σοφώτατος</span> <span class='ocrx_word' id='word_1_205' title='bbox 1453 2326 1700 2396; x_wconf 82' lang='grc' dir='ltr'><strong>Μωῦσῆς</strong></span> <span class='ocrx_word' id='word_1_206' title='bbox 1719 2365 1734 2390; x_wconf 92' lang='grc'><strong>,</strong></span> <span class='ocrx_word' id='word_1_207' title='bbox 1769 2328 1866 2382; x_wconf 75' lang='grc' dir='ltr'><strong>καὶ</strong></span> 
     </span>
    </p>
   </div>
   <div class='ocr_carea' id='block_1_28' title="bbox 287 2410 1864 2488">
    <p class='ocr_par' dir='ltr' id='par_1_28' title="bbox 287 2410 1864 2488">
     <span class='ocr_line' id='line_1_28' title="bbox 287 2410 1864 2488; baseline 0.005 -24"><span class='ocrx_word' id='word_1_208' title='bbox 287 2413 402 2473; x_wconf 83' lang='grc' dir='ltr'>τοῖς</span> <span class='ocrx_word' id='word_1_209' title='bbox 427 2410 636 2474; x_wconf 79' lang='grc' dir='ltr'><strong>λοιποῖς</strong></span> <span class='ocrx_word' id='word_1_210' title='bbox 672 2414 780 2466; x_wconf 89' lang='grc' dir='ltr'><strong>τῶν</strong></span> <span class='ocrx_word' id='word_1_211' title='bbox 807 2415 1112 2485; x_wconf 81' lang='grc' dir='ltr'>ἀνθρώπων</span> <span class='ocrx_word' id='word_1_212' title='bbox 1155 2415 1555 2485; x_wconf 82' lang='grc' dir='ltr'>ἁγαοοπρεπῶς</span> <span class='ocrx_word' id='word_1_213' title='bbox 1583 2418 1864 2488; x_wconf 83' lang='grc' dir='ltr'>ὑπεμφαί-</span> 
     </span>
    </p>
   </div>
   <div class='ocr_carea' id='block_1_29' title="bbox 289 2499 1864 2579">
    <p class='ocr_par' dir='ltr' id='par_1_29' title="bbox 289 2499 1864 2579">
     <span class='ocr_line' id='line_1_29' title="bbox 289 2499 1864 2579; baseline 0.008 -28"><span class='ocrx_word' id='word_1_214' title='bbox 289 2515 428 2566; x_wconf 87' lang='grc' dir='ltr'>νων,</span> <span class='ocrx_word' id='word_1_215' title='bbox 482 2501 540 2552; x_wconf 79' lang='grc' dir='ltr'>ὲν</span> <span class='ocrx_word' id='word_1_216' title='bbox 583 2499 644 2566; x_wconf 75' lang='grc' dir='ltr'><strong>ἐξ</strong></span> <span class='ocrx_word' id='word_1_217' title='bbox 685 2503 922 2572; x_wconf 77' lang='grc' dir='ltr'>ἡμέραις</span> <span class='ocrx_word' id='word_1_218' title='bbox 961 2505 1206 2575; x_wconf 82' lang='grc' dir='ltr'>γέγραφε</span> <span class='ocrx_word' id='word_1_219' title='bbox 1235 2507 1328 2558; x_wconf 79' lang='grc' dir='ltr'><strong>τὸν</strong></span> <span class='ocrx_word' id='word_1_220' title='bbox 1351 2505 1483 2559; x_wconf 84' lang='grc' dir='ltr'>Θεὸν</span> <span class='ocrx_word' id='word_1_221' title='bbox 1510 2511 1864 2579; x_wconf 81' lang='grc' dir='ltr'>πεποιηκέναι</span> 
     </span>
    </p>
   </div>
   <div class='ocr_carea' id='block_1_30' title="bbox 285 2589 1865 2670">
    <p class='ocr_par' dir='ltr' id='par_1_30' title="bbox 285 2589 1865 2670">
     <span class='ocr_line' id='line_1_30' title="bbox 285 2589 1865 2670; baseline 0.009 -31"><span class='ocrx_word' id='word_1_222' title='bbox 285 2589 377 2642; x_wconf 68' lang='grc' dir='ltr'><strong>Ιτὸν</strong></span> <span class='ocrx_word' id='word_1_223' title='bbox 425 2590 717 2661; x_wconf 79' lang='grc' dir='ltr'>σύμπαντα</span> <span class='ocrx_word' id='word_1_224' title='bbox 755 2593 959 2663; x_wconf 76' lang='grc' dir='ltr'>κόσμον</span> <span class='ocrx_word' id='word_1_225' title='bbox 981 2613 994 2628; x_wconf 90' lang='grc'>·</span> <span class='ocrx_word' id='word_1_226' title='bbox 1050 2591 1195 2670; x_wconf 80' lang='grc' dir='ltr'>ᾗτινι</span> <span class='ocrx_word' id='word_1_227' title='bbox 1226 2597 1348 2650; x_wconf 78' lang='grc' dir='ltr'>καθ’</span> <span class='ocrx_word' id='word_1_228' title='bbox 1367 2598 1560 2668; x_wconf 89' lang='grc' dir='ltr'>είρμὸν</span> <span class='ocrx_word' id='word_1_229' title='bbox 1588 2600 1685 2652; x_wconf 75' lang='grc' dir='ltr'>καὶ</span> <span class='ocrx_word' id='word_1_230' title='bbox 1711 2601 1865 2666; x_wconf 77' lang='grc' dir='ltr'>τάξιν</span> 
     </span>
    </p>
   </div>
   <div class='ocr_carea' id='block_1_31' title="bbox 288 2679 1864 2755">
    <p class='ocr_par' dir='ltr' id='par_1_31' title="bbox 288 2679 1864 2755">
     <span class='ocr_line' id='line_1_31' title="bbox 288 2679 1864 2755; baseline 0.006 -24"><span class='ocrx_word' id='word_1_231' title='bbox 288 2679 428 2748; x_wconf 77' lang='grc' dir='ltr'>μετὰ</span> <span class='ocrx_word' id='word_1_232' title='bbox 479 2681 580 2750; x_wconf 83' lang='grc' dir='ltr'>τῆς</span> <span class='ocrx_word' id='word_1_233' title='bbox 636 2683 895 2752; x_wconf 77' lang='grc' dir='ltr'>προνοίας</span> <span class='ocrx_word' id='word_1_234' title='bbox 949 2685 1042 2737; x_wconf 78' lang='grc' dir='ltr'>καὶ</span> <span class='ocrx_word' id='word_1_235' title='bbox 1092 2685 1192 2755; x_wconf 82' lang='grc' dir='ltr'>τῆς</span> <span class='ocrx_word' id='word_1_236' title='bbox 1245 2685 1480 2754; x_wconf 85' lang='grc' dir='ltr'>κρίσεως</span> <span class='ocrx_word' id='word_1_237' title='bbox 1535 2686 1645 2738; x_wconf 86' lang='grc' dir='ltr'><strong>τῶν</strong></span> <span class='ocrx_word' id='word_1_238' title='bbox 1693 2687 1864 2741; x_wconf 73' lang='grc' dir='ltr'>ὄντων</span> 
     </span>
    </p>
   </div>
   <div class='ocr_carea' id='block_1_32' title="bbox 287 2771 1862 2849">
    <p class='ocr_par' dir='ltr' id='par_1_32' title="bbox 287 2771 1862 2849">
     <span class='ocr_line' id='line_1_32' title="bbox 287 2771 1862 2849; baseline 0.006 -26"><span class='ocrx_word' id='word_1_239' title='bbox 287 2771 611 2840; x_wconf 83' lang='grc' dir='ltr'>πρεπόντως</span> <span class='ocrx_word' id='word_1_240' title='bbox 659 2775 1192 2846; x_wconf 76' lang='grc' dir='ltr'>συνεπιθεωροῦντες</span> <span class='ocrx_word' id='word_1_241' title='bbox 1236 2777 1335 2847; x_wconf 85' lang='grc' dir='ltr'>τὴν</span> <span class='ocrx_word' id='word_1_242' title='bbox 1375 2777 1588 2844; x_wconf 82' lang='grc' dir='ltr'>γένεσιν</span> <span class='ocrx_word' id='word_1_243' title='bbox 1635 2778 1862 2849; x_wconf 85' lang='grc' dir='ltr'>(περιέ-</span> 
     </span>
    </p>
   </div>
   <div class='ocr_carea' id='block_1_33' title="bbox 284 2865 1864 2940">
    <p class='ocr_par' dir='ltr' id='par_1_33' title="bbox 284 2865 1864 2940">
     <span class='ocr_line' id='line_1_33' title="bbox 284 2865 1864 2940; baseline 0.006 -28"><span class='ocrx_word' id='word_1_244' title='bbox 284 2878 443 2930; x_wconf 82' lang='grc' dir='ltr'>χεται</span> <span class='ocrx_word' id='word_1_245' title='bbox 471 2866 577 2934; x_wconf 78' lang='grc' dir='ltr'>γὰρ</span> <span class='ocrx_word' id='word_1_246' title='bbox 607 2865 742 2936; x_wconf 83' lang='grc' dir='ltr'>αὑτῇ</span> <span class='ocrx_word' id='word_1_247' title='bbox 778 2865 972 2935; x_wconf 79' lang='grc' dir='ltr'>ταῦτα)</span> <span class='ocrx_word' id='word_1_248' title='bbox 1008 2866 1100 2920; x_wconf 80' lang='grc' dir='ltr'><strong>τὸν</strong></span> <span class='ocrx_word' id='word_1_249' title='bbox 1131 2867 1197 2936; x_wconf 83' lang='grc' dir='ltr'><strong>ιβ’</strong></span> <span class='ocrx_word' id='word_1_250' title='bbox 1226 2867 1604 2938; x_wconf 77' lang='grc' dir='ltr'>πληρέστατον</span> <span class='ocrx_word' id='word_1_251' title='bbox 1631 2869 1864 2940; x_wconf 85' lang='grc' dir='ltr'>ἀπαρτί-</span> 
     </span>
    </p>
   </div>
   <div class='ocr_carea' id='block_1_34' title="bbox 287 2949 732 3026">
    <p class='ocr_par' dir='ltr' id='par_1_34' title="bbox 287 2949 732 3026">
     <span class='ocr_line' id='line_1_34' title="bbox 287 2949 732 3026; baseline 0.007 -21"><span class='ocrx_word' id='word_1_252' title='bbox 287 2949 452 3024; x_wconf 74' lang='grc' dir='ltr'>ζομεν</span> <span class='ocrx_word' id='word_1_253' title='bbox 476 2953 732 3026; x_wconf 75' lang='grc' dir='ltr'><strong>ἀριθμόν.</strong></span> 
     </span>
    </p>
   </div>
   <div class='ocr_carea' id='block_1_35' title="bbox 1974 401 3556 481">
    <p class='ocr_par' dir='ltr' id='par_1_35' title="bbox 1974 401 3556 481">
     <span class='ocr_line' id='line_1_35' title="bbox 1974 401 3556 481; baseline -0.001 -12"><span class='ocrx_word' id='word_1_254' title='bbox 1974 415 2032 469; x_wconf 89' lang='lat' dir='ltr'><strong>id</strong></span> <span class='ocrx_word' id='word_1_255' title='bbox 2068 426 2154 470; x_wconf 83' lang='lat' dir='ltr'><strong>est</strong></span> <span class='ocrx_word' id='word_1_256' title='bbox 2181 401 2476 470; x_wconf 70' lang='lat' dir='ltr'><strong>exstantia:</strong></span> <span class='ocrx_word' id='word_1_257' title='bbox 2502 416 2687 481; x_wconf 90' lang='lat' dir='ltr'><strong>modo,</strong></span> <span class='ocrx_word' id='word_1_258' title='bbox 2721 425 2780 472; x_wconf 88' lang='lat' dir='ltr'><strong>et</strong></span> <span class='ocrx_word' id='word_1_259' title='bbox 2821 417 3008 471; x_wconf 86' lang='lat' dir='ltr'><strong>unitas</strong></span> <span class='ocrx_word' id='word_1_260' title='bbox 3059 417 3284 471; x_wconf 77' lang='lat' dir='ltr'><strong>trinitas</strong></span> <span class='ocrx_word' id='word_1_261' title='bbox 3309 431 3440 470; x_wconf 88' lang='lat' dir='ltr'><strong>vere</strong></span> <span class='ocrx_word' id='word_1_262' title='bbox 3469 423 3556 470; x_wconf 90' lang='lat' dir='ltr'><strong>est</strong></span> 
     </span>
    </p>
   </div>
   <div class='ocr_carea' id='block_1_36' title="bbox 1972 505 3554 581">
    <p class='ocr_par' dir='ltr' id='par_1_36' title="bbox 1972 505 3554 581">
     <span class='ocr_line' id='line_1_36' title="bbox 1972 505 3554 581; baseline 0 -21"><span class='ocrx_word' id='word_1_263' title='bbox 1972 505 2253 581; x_wconf 66' lang='lat' dir='ltr'><strong>essentne,</strong></span> <span class='ocrx_word' id='word_1_264' title='bbox 2292 506 2344 560; x_wconf 92' lang='lat' dir='ltr'><strong>id</strong></span> <span class='ocrx_word' id='word_1_265' title='bbox 2385 515 2474 561; x_wconf 82' lang='lat' dir='ltr'><strong>est</strong></span> <span class='ocrx_word' id='word_1_266' title='bbox 2507 509 2811 562; x_wconf 81' lang='lat' dir='ltr'><strong>exsistendi</strong></span> <span class='ocrx_word' id='word_1_267' title='bbox 2853 510 3092 563; x_wconf 90' lang='lat' dir='ltr'><strong>ratione.</strong></span> <span class='ocrx_word' id='word_1_268' title='bbox 3136 507 3387 563; x_wconf 82' lang='lat' dir='ltr'><strong>Alacrem</strong></span> <span class='ocrx_word' id='word_1_269' title='bbox 3419 521 3554 560; x_wconf 81' lang='lat' dir='ltr'><strong>vero</strong></span> 
     </span>
    </p>
   </div>
   <div class='ocr_carea' id='block_1_37' title="bbox 1973 597 3556 668">
    <p class='ocr_par' dir='ltr' id='par_1_37' title="bbox 1973 597 3556 668">
     <span class='ocr_line' id='line_1_37' title="bbox 1973 597 3556 668; baseline 0 -18"><span class='ocrx_word' id='word_1_270' title='bbox 1973 597 2174 666; x_wconf 81' lang='lat' dir='ltr'><strong>agendi</strong></span> <span class='ocrx_word' id='word_1_271' title='bbox 2228 597 2490 652; x_wconf 76' lang='lat' dir='ltr'><strong>virtutem</strong></span> <span class='ocrx_word' id='word_1_272' title='bbox 2536 598 2811 668; x_wconf 80' lang='lat' dir='ltr'><strong>signiﬁcat</strong></span> <span class='ocrx_word' id='word_1_273' title='bbox 2845 614 2946 668; x_wconf 89' lang='lat' dir='ltr'><strong>per</strong></span> <span class='ocrx_word' id='word_1_274' title='bbox 3000 613 3094 653; x_wconf 90' lang='lat' dir='ltr'><strong>sex</strong></span> <span class='ocrx_word' id='word_1_275' title='bbox 3143 611 3434 651; x_wconf 87' lang='lat' dir='ltr'><strong>numerum</strong></span> <span class='ocrx_word' id='word_1_276' title='bbox 3471 597 3556 650; x_wconf 88' lang='lat' dir='ltr'><strong>in-</strong></span> 
     </span>
    </p>
   </div>
   <div class='ocr_carea' id='block_1_38' title="bbox 1971 687 3548 759">
    <p class='ocr_par' dir='ltr' id='par_1_38' title="bbox 1971 687 3548 759">
     <span class='ocr_line' id='line_1_38' title="bbox 1971 687 3548 759; baseline -0.003 -17"><span class='ocrx_word' id='word_1_277' title='bbox 1971 687 2232 752; x_wconf 83' lang='lat' dir='ltr'><strong>dicatam,</strong></span> <span class='ocrx_word' id='word_1_278' title='bbox 2271 697 2332 743; x_wconf 89' lang='lat' dir='ltr'><strong>ut</strong></span> <span class='ocrx_word' id='word_1_279' title='bbox 2382 689 2478 759; x_wconf 88' lang='lat' dir='ltr'><strong>qui</strong></span> <span class='ocrx_word' id='word_1_280' title='bbox 2517 691 2670 746; x_wconf 88' lang='lat' dir='ltr'><strong>solus</strong></span> <span class='ocrx_word' id='word_1_281' title='bbox 2721 689 2866 744; x_wconf 87' lang='lat' dir='ltr'><strong>intra</strong></span> <span class='ocrx_word' id='word_1_282' title='bbox 2915 689 3207 744; x_wconf 89' lang='lat' dir='ltr'><strong>denarium</strong></span> <span class='ocrx_word' id='word_1_283' title='bbox 3253 701 3548 742; x_wconf 89' lang='lat' dir='ltr'><strong>numerum</strong></span> 
     </span>
    </p>
   </div>
   <div class='ocr_carea' id='block_1_39' title="bbox 1969 779 3552 861">
    <p class='ocr_par' dir='ltr' id='par_1_39' title="bbox 1969 779 3552 861">
     <span class='ocr_line' id='line_1_39' title="bbox 1969 779 3552 861; baseline -0.002 -27"><span class='ocrx_word' id='word_1_284' title='bbox 1969 780 2255 850; x_wconf 85' lang='lat' dir='ltr'><strong>perfectus</strong></span> <span class='ocrx_word' id='word_1_285' title='bbox 2289 796 2354 836; x_wconf 89' lang='lat' dir='ltr'><strong>ac</strong></span> <span class='ocrx_word' id='word_1_286' title='bbox 2390 781 2589 861; x_wconf 61' lang='lat' dir='ltr'><strong>plenus</strong></span> <span class='ocrx_word' id='word_1_287' title='bbox 2629 790 2738 846; x_wconf 89' lang='lat' dir='ltr'><strong>est,</strong></span> <span class='ocrx_word' id='word_1_288' title='bbox 2781 791 2840 837; x_wconf 91' lang='lat' dir='ltr'><strong>et</strong></span> <span class='ocrx_word' id='word_1_289' title='bbox 2891 797 2957 838; x_wconf 83' lang='lat' dir='ltr'><strong>ex</strong></span> <span class='ocrx_word' id='word_1_290' title='bbox 3001 781 3246 852; x_wconf 86' lang='lat' dir='ltr'><strong>propriis</strong></span> <span class='ocrx_word' id='word_1_291' title='bbox 3295 779 3552 850; x_wconf 86' lang='lat' dir='ltr'><strong>partibus</strong></span> 
     </span>
    </p>
   </div>
   <div class='ocr_carea' id='block_1_40' title="bbox 1969 871 3552 944">
    <p class='ocr_par' dir='ltr' id='par_1_40' title="bbox 1969 871 3552 944">
     <span class='ocr_line' id='line_1_40' title="bbox 1969 871 3552 944; baseline -0.002 -18"><span class='ocrx_word' id='word_1_292' title='bbox 1969 881 2210 932; x_wconf 88' lang='lat' dir='ltr'><strong>constat,</strong></span> <span class='ocrx_word' id='word_1_293' title='bbox 2262 873 2473 942; x_wconf 83' lang='lat' dir='ltr'><strong>quique</strong></span> <span class='ocrx_word' id='word_1_294' title='bbox 2522 888 2719 928; x_wconf 83' lang='lat' dir='ltr'><strong>rursus</strong></span> <span class='ocrx_word' id='word_1_295' title='bbox 2769 881 2878 928; x_wconf 86' lang='lat' dir='ltr'><strong>tam</strong></span> <span class='ocrx_word' id='word_1_296' title='bbox 2921 872 3212 944; x_wconf 81' lang='lat' dir='ltr'><strong>generales</strong></span> <span class='ocrx_word' id='word_1_297' title='bbox 3259 885 3425 941; x_wconf 88' lang='lat' dir='ltr'><strong>quam</strong></span> <span class='ocrx_word' id='word_1_298' title='bbox 3469 871 3552 924; x_wconf 92' lang='lat' dir='ltr'><strong>in-</strong></span> 
     </span>
    </p>
   </div>
   <div class='ocr_carea' id='block_1_41' title="bbox 1969 962 3549 1033">
    <p class='ocr_par' dir='ltr' id='par_1_41' title="bbox 1969 962 3549 1033">
     <span class='ocr_line' id='line_1_41' title="bbox 1969 962 3549 1033; baseline -0.002 -17"><span class='ocrx_word' id='word_1_299' title='bbox 1969 963 2209 1031; x_wconf 78' lang='lat' dir='ltr'><strong>aequales</strong></span> <span class='ocrx_word' id='word_1_300' title='bbox 2231 962 2653 1032; x_wconf 89' lang='lat' dir='ltr'><strong>comprehendit</strong></span> <span class='ocrx_word' id='word_1_301' title='bbox 2670 977 2950 1027; x_wconf 89' lang='lat' dir='ltr'><strong>numeros,</strong></span> <span class='ocrx_word' id='word_1_302' title='bbox 2975 977 3187 1033; x_wconf 89' lang='lat' dir='ltr'><strong>parem,</strong></span> <span class='ocrx_word' id='word_1_303' title='bbox 3217 962 3461 1030; x_wconf 88' lang='lat' dir='ltr'><strong>inquam,</strong></span> <span class='ocrx_word' id='word_1_304' title='bbox 3493 967 3549 1013; x_wconf 90' lang='lat' dir='ltr'><strong>et</strong></span> 
     </span>
    </p>
   </div>
   <div class='ocr_carea' id='block_1_42' title="bbox 1969 1051 3549 1124">
    <p class='ocr_par' dir='ltr' id='par_1_42' title="bbox 1969 1051 3549 1124">
     <span class='ocr_line' id='line_1_42' title="bbox 1969 1051 3549 1124; baseline -0.001 -18"><span class='ocrx_word' id='word_1_305' title='bbox 1969 1051 2256 1121; x_wconf 88' lang='lat' dir='ltr'><strong>imparem,</strong></span> <span class='ocrx_word' id='word_1_306' title='bbox 2307 1062 2369 1108; x_wconf 90' lang='lat' dir='ltr'><strong>ut</strong></span> <span class='ocrx_word' id='word_1_307' title='bbox 2424 1053 2596 1124; x_wconf 86' lang='lat' dir='ltr'><strong>ipsam</strong></span> <span class='ocrx_word' id='word_1_308' title='bbox 2639 1070 2863 1124; x_wconf 88' lang='lat' dir='ltr'><strong>quoque</strong></span> <span class='ocrx_word' id='word_1_309' title='bbox 2925 1056 3098 1110; x_wconf 90' lang='lat' dir='ltr'><strong>solam</strong></span> <span class='ocrx_word' id='word_1_310' title='bbox 3137 1053 3436 1124; x_wconf 80' lang='lat' dir='ltr'><strong>perfectam</strong></span> <span class='ocrx_word' id='word_1_311' title='bbox 3491 1059 3549 1106; x_wconf 88' lang='lat' dir='ltr'><strong>et</strong></span> 
     </span>
    </p>
   </div>
   <div class='ocr_carea' id='block_1_43' title="bbox 1969 1143 3551 1216">
    <p class='ocr_par' dir='ltr' id='par_1_43' title="bbox 1969 1143 3551 1216">
     <span class='ocr_line' id='line_1_43' title="bbox 1969 1143 3551 1216; baseline 0 -18"><span class='ocrx_word' id='word_1_312' title='bbox 1969 1143 2362 1213; x_wconf 89' lang='lat' dir='ltr'><strong>perfectorum,</strong></span> <span class='ocrx_word' id='word_1_313' title='bbox 2417 1145 2723 1202; x_wconf 88' lang='lat' dir='ltr'><strong>secundum</strong></span> <span class='ocrx_word' id='word_1_314' title='bbox 2777 1162 2943 1216; x_wconf 87' lang='lat' dir='ltr'><strong>quam</strong></span> <span class='ocrx_word' id='word_1_315' title='bbox 2982 1157 3112 1202; x_wconf 84' lang='lat' dir='ltr'><strong>sunt</strong></span> <span class='ocrx_word' id='word_1_316' title='bbox 3161 1147 3456 1210; x_wconf 85' lang='lat' dir='ltr'><strong>rationem,</strong></span> <span class='ocrx_word' id='word_1_317' title='bbox 3492 1153 3551 1198; x_wconf 89' lang='lat' dir='ltr'><strong>et</strong></span> 
     </span>
    </p>
   </div>
   <div class='ocr_carea' id='block_1_44' title="bbox 1969 1237 3547 1308">
    <p class='ocr_par' dir='ltr' id='par_1_44' title="bbox 1969 1237 3547 1308">
     <span class='ocr_line' id='line_1_44' title="bbox 1969 1237 3547 1308; baseline 0.001 -20"><span class='ocrx_word' id='word_1_318' title='bbox 1969 1237 2340 1304; x_wconf 86' lang='lat' dir='ltr'><strong>operatricem</strong></span> <span class='ocrx_word' id='word_1_319' title='bbox 2399 1245 2456 1292; x_wconf 89' lang='lat' dir='ltr'><strong>et</strong></span> <span class='ocrx_word' id='word_1_320' title='bbox 2495 1239 2990 1293; x_wconf 82' lang='lat' dir='ltr'><strong>conservatricem.</strong></span> <span class='ocrx_word' id='word_1_321' title='bbox 3053 1238 3348 1308; x_wconf 88' lang='lat' dir='ltr'><strong>Inaequalia</strong></span> <span class='ocrx_word' id='word_1_322' title='bbox 3397 1237 3547 1292; x_wconf 88' lang='lat' dir='ltr'><strong>enim</strong></span> 
     </span>
    </p>
   </div>
   <div class='ocr_carea' id='block_1_45' title="bbox 1971 1327 3544 1396">
    <p class='ocr_par' dir='ltr' id='par_1_45' title="bbox 1971 1327 3544 1396">
     <span class='ocr_line' id='line_1_45' title="bbox 1971 1327 3544 1396; baseline -0.001 -15"><span class='ocrx_word' id='word_1_323' title='bbox 1971 1335 2102 1381; x_wconf 89' lang='lat' dir='ltr'><strong>sunt</strong></span> <span class='ocrx_word' id='word_1_324' title='bbox 2127 1342 2250 1396; x_wconf 71' lang='lat' dir='ltr'><strong>quas</strong></span> <span class='ocrx_word' id='word_1_325' title='bbox 2271 1327 2418 1382; x_wconf 88' lang='lat' dir='ltr'><strong>inter</strong></span> <span class='ocrx_word' id='word_1_326' title='bbox 2440 1329 2822 1384; x_wconf 86' lang='lat' dir='ltr'><strong>extremitates</strong></span> <span class='ocrx_word' id='word_1_327' title='bbox 2845 1336 3127 1384; x_wconf 84' lang='lat' dir='ltr'><strong>metantur</strong></span> <span class='ocrx_word' id='word_1_328' title='bbox 3152 1329 3220 1383; x_wconf 86' lang='lat' dir='ltr'><strong>ad</strong></span> <span class='ocrx_word' id='word_1_329' title='bbox 3249 1327 3544 1383; x_wconf 87' lang='lat' dir='ltr'><strong>stationem</strong></span> 
     </span>
    </p>
   </div>
   <div class='ocr_carea' id='block_1_46' title="bbox 1969 1415 3546 1485">
    <p class='ocr_par' dir='ltr' id='par_1_46' title="bbox 1969 1415 3546 1485">
     <span class='ocr_line' id='line_1_46' title="bbox 1969 1415 3546 1485; baseline -0.001 -15"><span class='ocrx_word' id='word_1_330' title='bbox 1969 1415 2512 1484; x_wconf 67' lang='lat' dir='ltr'><strong>extremitatumqum</strong></span> <span class='ocrx_word' id='word_1_331' title='bbox 2527 1431 2746 1485; x_wconf 87' lang='lat' dir='ltr'><strong>semper</strong></span> <span class='ocrx_word' id='word_1_332' title='bbox 2773 1423 3034 1470; x_wconf 88' lang='lat' dir='ltr'><strong>motatur.</strong></span> <span class='ocrx_word' id='word_1_333' title='bbox 3069 1415 3546 1484; x_wconf 86' lang='lat' dir='ltr'><strong>Quemadmodum</strong></span> 
     </span>
    </p>
   </div>
   <div class='ocr_carea' id='block_1_47' title="bbox 1973 1505 3547 1575">
    <p class='ocr_par' dir='ltr' id='par_1_47' title="bbox 1973 1505 3547 1575">
     <span class='ocr_line' id='line_1_47' title="bbox 1973 1505 3547 1575; baseline -0.003 -15"><span class='ocrx_word' id='word_1_334' title='bbox 1973 1514 2033 1560; x_wconf 91' lang='lat' dir='ltr'><strong>ut</strong></span> <span class='ocrx_word' id='word_1_335' title='bbox 2069 1521 2136 1559; x_wconf 86' lang='lat' dir='ltr'><strong>ex</strong></span> <span class='ocrx_word' id='word_1_336' title='bbox 2171 1521 2283 1560; x_wconf 91' lang='lat' dir='ltr'><strong>uno</strong></span> <span class='ocrx_word' id='word_1_337' title='bbox 2323 1505 2536 1574; x_wconf 87' lang='lat' dir='ltr'><strong>reliqua</strong></span> <span class='ocrx_word' id='word_1_338' title='bbox 2567 1521 2789 1575; x_wconf 79' lang='lat' dir='ltr'><strong>quoque</strong></span> <span class='ocrx_word' id='word_1_339' title='bbox 2823 1505 3090 1560; x_wconf 89' lang='lat' dir='ltr'><strong>studiosis</strong></span> <span class='ocrx_word' id='word_1_340' title='bbox 3131 1505 3412 1573; x_wconf 90' lang='lat' dir='ltr'><strong>auspicer,</strong></span> <span class='ocrx_word' id='word_1_341' title='bbox 3451 1519 3547 1557; x_wconf 79' lang='lat' dir='ltr'><strong>ex-</strong></span> 
     </span>
    </p>
   </div>
   <div class='ocr_carea' id='block_1_48' title="bbox 1973 1593 3548 1650">
    <p class='ocr_par' dir='ltr' id='par_1_48' title="bbox 1973 1593 3548 1650">
     <span class='ocr_line' id='line_1_48' title="bbox 1973 1593 3548 1650; baseline -0.002 -1"><span class='ocrx_word' id='word_1_342' title='bbox 1973 1596 2228 1650; x_wconf 86' lang='lat' dir='ltr'><strong>tremitas</strong></span> <span class='ocrx_word' id='word_1_343' title='bbox 2260 1604 2346 1650; x_wconf 88' lang='lat' dir='ltr'><strong>est</strong></span> <span class='ocrx_word' id='word_1_344' title='bbox 2386 1594 2522 1650; x_wconf 83' lang='lat' dir='ltr'><strong>illud</strong></span> <span class='ocrx_word' id='word_1_345' title='bbox 2563 1613 2578 1648; x_wconf 88' lang='lat'><strong>:</strong></span> <span class='ocrx_word' id='word_1_346' title='bbox 2616 1595 2684 1650; x_wconf 86' lang='lat' dir='ltr'><strong>Et</strong></span> <span class='ocrx_word' id='word_1_347' title='bbox 2723 1597 2856 1650; x_wconf 76' lang='lat' dir='ltr'><strong>dixit</strong></span> <span class='ocrx_word' id='word_1_348' title='bbox 2895 1595 3036 1649; x_wconf 78' lang='lat' dir='ltr'><strong>Deus</strong></span> <span class='ocrx_word' id='word_1_349' title='bbox 3071 1611 3090 1650; x_wconf 92' lang='lat'><strong><em>:</em></strong></span> <span class='ocrx_word' id='word_1_350' title='bbox 3133 1593 3412 1648; x_wconf 73' lang='lat' dir='ltr'><strong>Faciamus</strong></span> <span class='ocrx_word' id='word_1_351' title='bbox 3449 1595 3548 1647; x_wconf 74' lang='lat' dir='ltr'><strong>lto-</strong></span> 
     </span>
    </p>
   </div>
   <div class='ocr_carea' id='block_1_49' title="bbox 1901 1668 3542 1756">
    <p class='ocr_par' dir='ltr' id='par_1_49' title="bbox 1901 1668 3542 1756">
     <span class='ocr_line' id='line_1_49' title="bbox 1901 1668 3542 1756; baseline -0.001 -18"><span class='ocrx_word' id='word_1_352' title='bbox 1901 1668 1938 1721; x_wconf 75' lang='grc' dir='ltr'>Β</span> <span class='ocrx_word' id='word_1_353' title='bbox 1969 1685 2166 1739; x_wconf 84' lang='lat' dir='ltr'><strong>minem</strong></span> <span class='ocrx_word' id='word_1_354' title='bbox 2193 1685 2264 1739; x_wconf 89' lang='lat' dir='ltr'><strong>ad</strong></span> <span class='ocrx_word' id='word_1_355' title='bbox 2287 1687 2576 1756; x_wconf 79' lang='lat' dir='ltr'><strong>imaginem</strong></span> <span class='ocrx_word' id='word_1_356' title='bbox 2610 1692 2848 1740; x_wconf 83' lang='lat' dir='ltr'><strong>nostram</strong></span> <span class='ocrx_word' id='word_1_357' title='bbox 2890 1695 2940 1740; x_wconf 89' lang='lat' dir='ltr'><strong>et</strong></span> <span class='ocrx_word' id='word_1_358' title='bbox 2969 1687 3041 1740; x_wconf 83' lang='lat' dir='ltr'><strong>ad</strong></span> <span class='ocrx_word' id='word_1_359' title='bbox 3075 1683 3476 1739; x_wconf 79' lang='lat' dir='ltr'><strong>similitudinem</strong></span> <span class='ocrx_word' id='word_1_360' title='bbox 3497 1692 3542 1751; x_wconf 85' lang='grc'><strong>⁸;</strong></span> 
     </span>
    </p>
   </div>
   <div class='ocr_carea' id='block_1_50' title="bbox 1972 1777 3544 1847">
    <p class='ocr_par' dir='ltr' id='par_1_50' title="bbox 1972 1777 3544 1847">
     <span class='ocr_line' id='line_1_50' title="bbox 1972 1777 3544 1847; baseline -0.002 -16"><span class='ocrx_word' id='word_1_361' title='bbox 1972 1777 2218 1832; x_wconf 88' lang='lat' dir='ltr'><strong>medium</strong></span> <span class='ocrx_word' id='word_1_362' title='bbox 2241 1793 2413 1833; x_wconf 89' lang='lat' dir='ltr'><strong>vero:</strong></span> <span class='ocrx_word' id='word_1_363' title='bbox 2444 1778 2516 1833; x_wconf 89' lang='lat' dir='ltr'><strong>Et</strong></span> <span class='ocrx_word' id='word_1_364' title='bbox 2541 1778 2662 1847; x_wconf 78' lang='lat' dir='ltr'><strong>fecit</strong></span> <span class='ocrx_word' id='word_1_365' title='bbox 2691 1777 2828 1831; x_wconf 80' lang='lat' dir='ltr'><strong>Deus</strong></span> <span class='ocrx_word' id='word_1_366' title='bbox 2849 1779 3130 1842; x_wconf 79' lang='lat' dir='ltr'><strong>hominem,</strong></span> <span class='ocrx_word' id='word_1_367' title='bbox 3157 1792 3358 1831; x_wconf 87' lang='lat' dir='ltr'><strong>marem</strong></span> <span class='ocrx_word' id='word_1_368' title='bbox 3386 1783 3544 1847; x_wconf 77' lang='lat' dir='ltr'><strong>atque</strong></span> 
     </span>
    </p>
   </div>
   <div class='ocr_carea' id='block_1_51' title="bbox 1972 1867 3542 1939">
    <p class='ocr_par' dir='ltr' id='par_1_51' title="bbox 1972 1867 3542 1939">
     <span class='ocr_line' id='line_1_51' title="bbox 1972 1867 3542 1939; baseline -0.001 -18"><span class='ocrx_word' id='word_1_369' title='bbox 1972 1868 2224 1938; x_wconf 83' lang='lat' dir='ltr'><strong>feminam</strong></span> <span class='ocrx_word' id='word_1_370' title='bbox 2253 1869 2375 1939; x_wconf 75' lang='lat' dir='ltr'><strong>fecit</strong></span> <span class='ocrx_word' id='word_1_371' title='bbox 2415 1885 2500 1924; x_wconf 85' lang='lat' dir='ltr'><strong>eos</strong></span> <span class='ocrx_word' id='word_1_372' title='bbox 2539 1868 2601 1934; x_wconf 74' lang='lat' dir='ltr'><strong>b;</strong></span> <span class='ocrx_word' id='word_1_373' title='bbox 2635 1876 2800 1938; x_wconf 86' lang='lat' dir='ltr'><strong>atque</strong></span> <span class='ocrx_word' id='word_1_374' title='bbox 2834 1869 3039 1923; x_wconf 88' lang='lat' dir='ltr'><strong>iterum</strong></span> <span class='ocrx_word' id='word_1_375' title='bbox 3076 1868 3400 1924; x_wconf 81' lang='lat' dir='ltr'><strong>extremitas</strong></span> <span class='ocrx_word' id='word_1_376' title='bbox 3433 1885 3446 1922; x_wconf 90' lang='lat'><strong>:</strong></span> <span class='ocrx_word' id='word_1_377' title='bbox 3475 1867 3542 1922; x_wconf 85' lang='lat' dir='ltr'><strong>In</strong></span> 
     </span>
    </p>
   </div>
   <div class='ocr_carea' id='block_1_52' title="bbox 1971 1957 3544 2031">
    <p class='ocr_par' dir='ltr' id='par_1_52' title="bbox 1971 1957 3544 2031">
     <span class='ocr_line' id='line_1_52' title="bbox 1971 1957 3544 2031; baseline 0.001 -19"><span class='ocrx_word' id='word_1_378' title='bbox 1971 1957 2096 2012; x_wconf 77' lang='lat' dir='ltr'><strong>Iesu</strong></span> <span class='ocrx_word' id='word_1_379' title='bbox 2128 1957 2334 2014; x_wconf 79' lang='lat' dir='ltr'><strong>Christo</strong></span> <span class='ocrx_word' id='word_1_380' title='bbox 2363 1975 2468 2018; x_wconf 82' lang='lat' dir='ltr'><strong>non</strong></span> <span class='ocrx_word' id='word_1_381' title='bbox 2497 1967 2572 2013; x_wconf 81' lang='lat' dir='ltr'><strong>est</strong></span> <span class='ocrx_word' id='word_1_382' title='bbox 2595 1975 2759 2030; x_wconf 84' lang='lat' dir='ltr'><strong>neque</strong></span> <span class='ocrx_word' id='word_1_383' title='bbox 2789 1976 2904 2013; x_wconf 82' lang='lat' dir='ltr'><strong>mas</strong></span> <span class='ocrx_word' id='word_1_384' title='bbox 2924 1975 3089 2031; x_wconf 77' lang='lat' dir='ltr'><strong>neque</strong></span> <span class='ocrx_word' id='word_1_385' title='bbox 3107 1959 3306 2030; x_wconf 84' lang='lat' dir='ltr'><strong>femina</strong></span> <span class='ocrx_word' id='word_1_386' title='bbox 3329 1969 3374 2014; x_wconf 77' lang='grc' dir='ltr'><strong>ο.</strong></span> <span class='ocrx_word' id='word_1_387' title='bbox 3404 1959 3544 2014; x_wconf 86' lang='lat' dir='ltr'><strong>Cum</strong></span> 
     </span>
    </p>
   </div>
   <div class='ocr_carea' id='block_1_53' title="bbox 1971 2035 3543 2121">
    <p class='ocr_par' dir='ltr' id='par_1_53' title="bbox 1971 2035 3543 2121">
     <span class='ocr_line' id='line_1_53' title="bbox 1971 2035 3543 2121; baseline 0 -17"><span class='ocrx_word' id='word_1_388' title='bbox 1971 2051 2142 2121; x_wconf 82' lang='lat' dir='ltr'><strong>igitur</strong></span> <span class='ocrx_word' id='word_1_389' title='bbox 2164 2051 2542 2106; x_wconf 84' lang='lat' dir='ltr'><strong>extremitates</strong></span> <span class='ocrx_word' id='word_1_390' title='bbox 2568 2059 2624 2105; x_wconf 88' lang='lat' dir='ltr'><strong>et</strong></span> <span class='ocrx_word' id='word_1_391' title='bbox 2651 2051 2895 2106; x_wconf 91' lang='lat' dir='ltr'><strong>medium</strong></span> <span class='ocrx_word' id='word_1_392' title='bbox 2926 2051 3040 2106; x_wconf 89' lang='lat' dir='ltr'><strong>sint</strong></span> <span class='ocrx_word' id='word_1_393' title='bbox 3073 2035 3385 2120; x_wconf 66' lang='lat' dir='ltr'><strong>inaequalia,</strong></span> <span class='ocrx_word' id='word_1_394' title='bbox 3417 2065 3543 2104; x_wconf 89' lang='lat' dir='ltr'><strong>cum</strong></span> 
     </span>
    </p>
   </div>
   <div class='ocr_carea' id='block_1_54' title="bbox 1971 2140 3542 2206">
    <p class='ocr_par' dir='ltr' id='par_1_54' title="bbox 1971 2140 3542 2206">
     <span class='ocr_line' id='line_1_54' title="bbox 1971 2140 3542 2206; baseline -0.001 -10"><span class='ocrx_word' id='word_1_395' title='bbox 1971 2142 2147 2197; x_wconf 88' lang='lat' dir='ltr'><strong>altera</strong></span> <span class='ocrx_word' id='word_1_396' title='bbox 2184 2142 2492 2197; x_wconf 87' lang='lat' dir='ltr'><strong>masculum</strong></span> <span class='ocrx_word' id='word_1_397' title='bbox 2527 2157 2593 2196; x_wconf 90' lang='lat' dir='ltr'><strong>ac</strong></span> <span class='ocrx_word' id='word_1_398' title='bbox 2633 2141 2895 2196; x_wconf 89' lang='lat' dir='ltr'><strong>feminam</strong></span> <span class='ocrx_word' id='word_1_399' title='bbox 2931 2141 3196 2206; x_wconf 81' lang='lat' dir='ltr'><strong>habeant,</strong></span> <span class='ocrx_word' id='word_1_400' title='bbox 3233 2140 3403 2195; x_wconf 89' lang='lat' dir='ltr'><strong>altera</strong></span> <span class='ocrx_word' id='word_1_401' title='bbox 3434 2154 3542 2194; x_wconf 89' lang='lat' dir='ltr'><strong>non</strong></span> 
     </span>
    </p>
   </div>
   <div class='ocr_carea' id='block_1_55' title="bbox 1971 2230 3542 2302">
    <p class='ocr_par' dir='ltr' id='par_1_55' title="bbox 1971 2230 3542 2302">
     <span class='ocr_line' id='line_1_55' title="bbox 1971 2230 3542 2302; baseline -0.001 -16"><span class='ocrx_word' id='word_1_402' title='bbox 1971 2232 2237 2297; x_wconf 87' lang='lat' dir='ltr'><strong>habeant,</strong></span> <span class='ocrx_word' id='word_1_403' title='bbox 2287 2232 2544 2288; x_wconf 78' lang='lat' dir='ltr'><strong>eﬂ‘ectiva</strong></span> <span class='ocrx_word' id='word_1_404' title='bbox 2604 2242 2692 2288; x_wconf 86' lang='lat' dir='ltr'><strong>est</strong></span> <span class='ocrx_word' id='word_1_405' title='bbox 2739 2241 2905 2302; x_wconf 89' lang='lat' dir='ltr'><strong>atque</strong></span> <span class='ocrx_word' id='word_1_406' title='bbox 2951 2230 3403 2301; x_wconf 85' lang='lat' dir='ltr'><strong>comprehensiva</strong></span> <span class='ocrx_word' id='word_1_407' title='bbox 3443 2230 3542 2285; x_wconf 89' lang='lat' dir='ltr'><strong>Dei</strong></span> 
     </span>
    </p>
   </div>
   <div class='ocr_carea' id='block_1_56' title="bbox 1969 2320 3544 2398">
    <p class='ocr_par' dir='ltr' id='par_1_56' title="bbox 1969 2320 3544 2398">
     <span class='ocr_line' id='line_1_56' title="bbox 1969 2320 3544 2398; baseline -0.003 -20"><span class='ocrx_word' id='word_1_408' title='bbox 1969 2323 2172 2388; x_wconf 85' lang='lat' dir='ltr'><strong>virtus,</strong></span> <span class='ocrx_word' id='word_1_409' title='bbox 2209 2339 2372 2398; x_wconf 87' lang='lat' dir='ltr'><strong>quam</strong></span> <span class='ocrx_word' id='word_1_410' title='bbox 2417 2325 2667 2394; x_wconf 80' lang='lat' dir='ltr'><strong>mystice,</strong></span> <span class='ocrx_word' id='word_1_411' title='bbox 2715 2323 2797 2378; x_wconf 91' lang='lat' dir='ltr'><strong>uti</strong></span> <span class='ocrx_word' id='word_1_412' title='bbox 2833 2322 2970 2377; x_wconf 89' lang='lat' dir='ltr'><strong>mihi</strong></span> <span class='ocrx_word' id='word_1_413' title='bbox 3015 2322 3259 2382; x_wconf 86' lang='lat' dir='ltr'><strong>videtur.</strong></span> <span class='ocrx_word' id='word_1_414' title='bbox 3292 2320 3544 2375; x_wconf 87' lang='lat' dir='ltr'><strong>initiatus</strong></span> 
     </span>
    </p>
   </div>
   <div class='ocr_carea' id='block_1_57' title="bbox 1969 2412 3543 2487">
    <p class='ocr_par' dir='ltr' id='par_1_57' title="bbox 1969 2412 3543 2487">
     <span class='ocr_line' id='line_1_57' title="bbox 1969 2412 3543 2487; baseline -0.003 -15"><span class='ocrx_word' id='word_1_415' title='bbox 1969 2416 2410 2486; x_wconf 87' lang='lat' dir='ltr'><strong>sapientissimus</strong></span> <span class='ocrx_word' id='word_1_416' title='bbox 2462 2417 2694 2487; x_wconf 83' lang='lat' dir='ltr'><strong>Moyses,</strong></span> <span class='ocrx_word' id='word_1_417' title='bbox 2733 2425 2791 2471; x_wconf 90' lang='lat' dir='ltr'><strong>ct</strong></span> <span class='ocrx_word' id='word_1_418' title='bbox 2833 2413 3049 2470; x_wconf 86' lang='lat' dir='ltr'><strong>caeteris</strong></span> <span class='ocrx_word' id='word_1_419' title='bbox 3088 2413 3409 2468; x_wconf 86' lang='lat' dir='ltr'><strong>hominibus</strong></span> <span class='ocrx_word' id='word_1_420' title='bbox 3441 2412 3543 2468; x_wconf 86' lang='lat' dir='ltr'><strong>be-</strong></span> 
     </span>
    </p>
   </div>
   <div class='ocr_carea' id='block_1_58' title="bbox 1969 2504 3543 2582">
    <p class='ocr_par' dir='ltr' id='par_1_58' title="bbox 1969 2504 3543 2582">
     <span class='ocr_line' id='line_1_58' title="bbox 1969 2504 3543 2582; baseline -0.004 -20"><span class='ocrx_word' id='word_1_421' title='bbox 1969 2507 2138 2578; x_wconf 79' lang='lat' dir='ltr'><strong>nigne</strong></span> <span class='ocrx_word' id='word_1_422' title='bbox 2193 2507 2531 2579; x_wconf 78' lang='lat' dir='ltr'><strong>significans,</strong></span> <span class='ocrx_word' id='word_1_423' title='bbox 2581 2507 2728 2562; x_wconf 88' lang='lat' dir='ltr'><strong>intra</strong></span> <span class='ocrx_word' id='word_1_424' title='bbox 2771 2522 2868 2562; x_wconf 85' lang='lat' dir='ltr'><strong>sex</strong></span> <span class='ocrx_word' id='word_1_425' title='bbox 2917 2507 3124 2582; x_wconf 88' lang='lat' dir='ltr'><strong>Deum_</strong></span> <span class='ocrx_word' id='word_1_426' title='bbox 3157 2504 3380 2575; x_wconf 86' lang='lat' dir='ltr'><strong>scripsit</strong></span> <span class='ocrx_word' id='word_1_427' title='bbox 3421 2504 3543 2559; x_wconf 88' lang='lat' dir='ltr'><strong>dies</strong></span> 
     </span>
    </p>
   </div>
   <div class='ocr_carea' id='block_1_59' title="bbox 1972 2597 3542 2668">
    <p class='ocr_par' dir='ltr' id='par_1_59' title="bbox 1972 2597 3542 2668">
     <span class='ocr_line' id='line_1_59' title="bbox 1972 2597 3542 2668; baseline -0.003 -12"><span class='ocrx_word' id='word_1_428' title='bbox 1972 2602 2289 2657; x_wconf 88' lang='lat' dir='ltr'><strong>universum</strong></span> <span class='ocrx_word' id='word_1_429' title='bbox 2322 2601 2590 2656; x_wconf 91' lang='lat' dir='ltr'><strong>mundum</strong></span> <span class='ocrx_word' id='word_1_430' title='bbox 2622 2599 2935 2655; x_wconf 86' lang='lat' dir='ltr'><strong>condidisse</strong></span> <span class='ocrx_word' id='word_1_431' title='bbox 2966 2597 2992 2639; x_wconf 77' lang='grc' dir='ltr'><strong>(ι</strong></span> <span class='ocrx_word' id='word_1_432' title='bbox 3029 2617 3042 2652; x_wconf 92' lang='lat'><strong>:</strong></span> <span class='ocrx_word' id='word_1_433' title='bbox 3079 2614 3188 2668; x_wconf 90' lang='lat' dir='ltr'><strong>qua</strong></span> <span class='ocrx_word' id='word_1_434' title='bbox 3213 2598 3418 2652; x_wconf 87' lang='lat' dir='ltr'><strong>virtute</strong></span> <span class='ocrx_word' id='word_1_435' title='bbox 3441 2611 3542 2666; x_wconf 84' lang='lat' dir='ltr'><strong>per</strong></span> 
     </span>
    </p>
   </div>
   <div class='ocr_carea' id='block_1_60' title="bbox 1969 2688 3532 2760">
    <p class='ocr_par' dir='ltr' id='par_1_60' title="bbox 1969 2688 3532 2760">
     <span class='ocr_line' id='line_1_60' title="bbox 1969 2688 3532 2760; baseline -0.003 -14"><span class='ocrx_word' id='word_1_436' title='bbox 1969 2693 2170 2747; x_wconf 88' lang='lat' dir='ltr'><strong>seriem</strong></span> <span class='ocrx_word' id='word_1_437' title='bbox 2214 2699 2272 2746; x_wconf 91' lang='lat' dir='ltr'><strong>et</strong></span> <span class='ocrx_word' id='word_1_438' title='bbox 2305 2691 2556 2746; x_wconf 89' lang='lat' dir='ltr'><strong>ordinem</strong></span> <span class='ocrx_word' id='word_1_439' title='bbox 2595 2705 2720 2746; x_wconf 91' lang='lat' dir='ltr'><strong>cum</strong></span> <span class='ocrx_word' id='word_1_440' title='bbox 2749 2689 3097 2760; x_wconf 81' lang='lat' dir='ltr'><strong>providentia</strong></span> <span class='ocrx_word' id='word_1_441' title='bbox 3123 2696 3179 2744; x_wconf 92' lang='lat' dir='ltr'><strong>et</strong></span> <span class='ocrx_word' id='word_1_442' title='bbox 3213 2688 3422 2743; x_wconf 86' lang='lat' dir='ltr'><strong>indicio</strong></span> <span class='ocrx_word' id='word_1_443' title='bbox 3451 2701 3532 2742; x_wconf 80' lang='lat' dir='ltr'><strong>re-</strong></span> 
     </span>
    </p>
   </div>
   <div class='ocr_carea' id='block_1_61' title="bbox 1971 2781 3534 2852">
    <p class='ocr_par' dir='ltr' id='par_1_61' title="bbox 1971 2781 3534 2852">
     <span class='ocr_line' id='line_1_61' title="bbox 1971 2781 3534 2852; baseline -0.001 -18"><span class='ocrx_word' id='word_1_444' title='bbox 1971 2797 2090 2835; x_wconf 92' lang='lat' dir='ltr'><strong>rum</strong></span> <span class='ocrx_word' id='word_1_445' title='bbox 2129 2798 2251 2852; x_wconf 67' lang='lat' dir='ltr'><strong>quae</strong></span> <span class='ocrx_word' id='word_1_446' title='bbox 2290 2793 2422 2839; x_wconf 91' lang='lat' dir='ltr'><strong>sunt</strong></span> <span class='ocrx_word' id='word_1_447' title='bbox 2462 2784 2800 2838; x_wconf 86' lang='lat' dir='ltr'><strong>creationem</strong></span> <span class='ocrx_word' id='word_1_448' title='bbox 2844 2781 3242 2836; x_wconf 84' lang='lat' dir='ltr'><strong>convenienter</strong></span> <span class='ocrx_word' id='word_1_449' title='bbox 3288 2788 3534 2835; x_wconf 90' lang='lat' dir='ltr'><strong>contem-</strong></span> 
     </span>
    </p>
   </div>
   <div class='ocr_carea' id='block_1_62' title="bbox 1969 2868 3540 2951">
    <p class='ocr_par' dir='ltr' id='par_1_62' title="bbox 1969 2868 3540 2951">
     <span class='ocr_line' id='line_1_62' title="bbox 1969 2868 3540 2951; baseline -0.001 -26"><span class='ocrx_word' id='word_1_450' title='bbox 1969 2871 2188 2941; x_wconf 89' lang='lat' dir='ltr'><strong>plantes</strong></span> <span class='ocrx_word' id='word_1_451' title='bbox 2231 2873 2356 2943; x_wconf 88' lang='lat' dir='ltr'><strong>(ista</strong></span> <span class='ocrx_word' id='word_1_452' title='bbox 2386 2873 2534 2928; x_wconf 90' lang='lat' dir='ltr'><strong>enim</strong></span> <span class='ocrx_word' id='word_1_453' title='bbox 2566 2872 2686 2926; x_wconf 67' lang='lat' dir='ltr'><strong>hare</strong></span> <span class='ocrx_word' id='word_1_454' title='bbox 2717 2869 3293 2951; x_wconf 80' lang='lat' dir='ltr'><strong>comprehenduntur)</strong></span> <span class='ocrx_word' id='word_1_455' title='bbox 3329 2868 3540 2924; x_wconf 80' lang='lat' dir='ltr'><strong>duode-</strong></span> 
     </span>
    </p>
   </div>
   <div class='ocr_carea' id='block_1_63' title="bbox 1967 2963 3468 3033">
    <p class='ocr_par' dir='ltr' id='par_1_63' title="bbox 1967 2963 3468 3033">
     <span class='ocr_line' id='line_1_63' title="bbox 1967 2963 3468 3033; baseline -0.001 -17"><span class='ocrx_word' id='word_1_456' title='bbox 1967 2963 2189 3016; x_wconf 88' lang='lat' dir='ltr'><strong>narium</strong></span> <span class='ocrx_word' id='word_1_457' title='bbox 2237 2963 2620 3033; x_wconf 88' lang='lat' dir='ltr'><strong>plenissimum</strong></span> <span class='ocrx_word' id='word_1_458' title='bbox 2669 2976 3121 3017; x_wconf 85' lang='lat' dir='ltr'><strong>consummamus</strong></span> <span class='ocrx_word' id='word_1_459' title='bbox 3153 2974 3468 3015; x_wconf 87' lang='lat' dir='ltr'><strong>numerum.</strong></span> 
     </span>
    </p>
   </div>
   <div class='ocr_carea' id='block_1_64' title="bbox 657 3135 1864 3208">
    <p class='ocr_par' dir='ltr' id='par_1_64' title="bbox 657 3139 1497 3208">
     <span class='ocr_line' id='line_1_64' title="bbox 657 3139 1497 3208; baseline 0.001 -15"><span class='ocrx_word' id='word_1_460' title='bbox 657 3140 878 3208; x_wconf 70' lang='grc' dir='ltr'>Θεωρία</span> <span class='ocrx_word' id='word_1_461' title='bbox 902 3141 990 3205; x_wconf 83' lang='grc' dir='ltr'><strong>είς</strong></span> <span class='ocrx_word' id='word_1_462' title='bbox 1015 3139 1158 3206; x_wconf 83' lang='grc' dir='ltr'>τοὺς</span> <span class='ocrx_word' id='word_1_463' title='bbox 1185 3140 1497 3208; x_wconf 74' lang='grc' dir='ltr'><strong>κοφίνους.</strong></span> 
     </span>
    </p>
   </div>
   <div class='ocr_carea' id='block_1_65' title="bbox 1970 3135 3154 3208">
    <p class='ocr_par' dir='ltr' id='par_1_65' title="bbox 2327 3135 3154 3208">
     <span class='ocr_line' id='line_1_65' title="bbox 2327 3135 3154 3208; baseline -0.002 -16"><span class='ocrx_word' id='word_1_464' title='bbox 2327 3135 2744 3208; x_wconf 70' lang='lat' dir='ltr'><strong>Contemplatio</strong></span> <span class='ocrx_word' id='word_1_465' title='bbox 2781 3137 2837 3190; x_wconf 85' lang='lat' dir='ltr'><strong>in</strong></span> <span class='ocrx_word' id='word_1_466' title='bbox 2884 3136 3154 3207; x_wconf 73' lang='lat' dir='ltr'><strong>capitinos.</strong></span> 
     </span>
    </p>
   </div>
   <div class='ocr_carea' id='block_1_66' title="bbox 359 3223 1864 3323">
    <p class='ocr_par' dir='ltr' id='par_1_66' title="bbox 359 3247 1862 3323">
     <span class='ocr_line' id='line_1_66' title="bbox 359 3247 1862 3323; baseline 0.001 -19"><span class='ocrx_word' id='word_1_467' title='bbox 359 3250 628 3318; x_wconf 67' lang='lat' dir='ltr'><strong>Kozplvoug</strong></span> <span class='ocrx_word' id='word_1_468' title='bbox 672 3250 730 3303; x_wconf 84' lang='grc' dir='ltr'>δέ</span> <span class='ocrx_word' id='word_1_469' title='bbox 788 3267 954 3318; x_wconf 86' lang='grc' dir='ltr'>φησιν</span> <span class='ocrx_word' id='word_1_470' title='bbox 1001 3252 1030 3304; x_wconf 86' lang='grc' dir='ltr'><strong><em>ὁ</em></strong></span> <span class='ocrx_word' id='word_1_471' title='bbox 1069 3251 1226 3319; x_wconf 85' lang='grc' dir='ltr'><strong>λόγος</strong></span> <span class='ocrx_word' id='word_1_472' title='bbox 1251 3289 1266 3315; x_wconf 88' lang='grc'><strong>,</strong></span> <span class='ocrx_word' id='word_1_473' title='bbox 1329 3252 1388 3305; x_wconf 82' lang='grc' dir='ltr'><strong>ἐν</strong></span> <span class='ocrx_word' id='word_1_474' title='bbox 1415 3247 1497 3314; x_wconf 76' lang='grc' dir='ltr'>οἷς</span> <span class='ocrx_word' id='word_1_475' title='bbox 1525 3251 1760 3323; x_wconf 85' lang='grc' dir='ltr'>ἀπετέοη</span> <span class='ocrx_word' id='word_1_476' title='bbox 1793 3252 1862 3306; x_wconf 74' lang='grc' dir='ltr'>τὰ</span> 
     </span>
    </p>
   </div>
   <div class='ocr_carea' id='block_1_67' title="bbox 1970 3223 3540 3323">
    <p class='ocr_par' dir='ltr' id='par_1_67' title="bbox 2029 3223 3540 3318">
     <span class='ocr_line' id='line_1_67' title="bbox 2029 3223 3540 3318; baseline -0.002 -13"><span class='ocrx_word' id='word_1_477' title='bbox 2029 3249 2314 3318; x_wconf 82' lang='lat' dir='ltr'><strong>Cophinos</strong></span> <span class='ocrx_word' id='word_1_478' title='bbox 2357 3257 2568 3312; x_wconf 88' lang='lat' dir='ltr'><strong>autem,</strong></span> <span class='ocrx_word' id='word_1_479' title='bbox 2616 3249 2672 3302; x_wconf 89' lang='lat' dir='ltr'><strong>in</strong></span> <span class='ocrx_word' id='word_1_480' title='bbox 2711 3246 2920 3317; x_wconf 89' lang='lat' dir='ltr'><strong>quibus</strong></span> <span class='ocrx_word' id='word_1_481' title='bbox 2962 3245 3222 3314; x_wconf 72' lang='lat' dir='ltr'><strong>repositae</strong></span> <span class='ocrx_word' id='word_1_482' title='bbox 3247 3223 3405 3301; x_wconf 41' lang='lat' dir='ltr'><strong>&#39;sunt</strong></span> <span class='ocrx_word' id='word_1_483' title='bbox 3451 3261 3540 3302; x_wconf 88' lang='lat' dir='ltr'><strong>re-</strong></span> 
     </span>
    </p>
   </div>
   <div class='ocr_carea' id='block_1_68' title="bbox 283 3336 1864 3411">
    <p class='ocr_par' dir='ltr' id='par_1_68' title="bbox 283 3339 1860 3411">
     <span class='ocr_line' id='line_1_68' title="bbox 283 3339 1860 3411; baseline 0.001 -17"><span class='ocrx_word' id='word_1_484' title='bbox 283 3339 746 3411; x_wconf 78' lang='grc' dir='ltr'>περισσεύσαντα,</span> <span class='ocrx_word' id='word_1_485' title='bbox 803 3339 903 3410; x_wconf 76' lang='grc' dir='ltr'>τὴν</span> <span class='ocrx_word' id='word_1_486' title='bbox 951 3339 1303 3411; x_wconf 82' lang='grc' dir='ltr'>παιδευτικὴν</span> <span class='ocrx_word' id='word_1_487' title='bbox 1351 3342 1696 3410; x_wconf 78' lang='grc' dir='ltr'>οἰκονομίαν,</span> <span class='ocrx_word' id='word_1_488' title='bbox 1751 3343 1860 3396; x_wconf 85' lang='grc' dir='ltr'><strong>τῶν</strong></span> 
     </span>
    </p>
   </div>
   <div class='ocr_carea' id='block_1_69' title="bbox 1970 3336 3538 3411">
    <p class='ocr_par' dir='ltr' id='par_1_69' title="bbox 1970 3336 3538 3409">
     <span class='ocr_line' id='line_1_69' title="bbox 1970 3336 3538 3409; baseline -0.001 -17"><span class='ocrx_word' id='word_1_489' title='bbox 1970 3339 2164 3409; x_wconf 73' lang='lat' dir='ltr'><strong>.iquiae,</strong></span> <span class='ocrx_word' id='word_1_490' title='bbox 2207 3354 2392 3393; x_wconf 88' lang='lat' dir='ltr'><strong>sermo</strong></span> <span class='ocrx_word' id='word_1_491' title='bbox 2431 3339 2678 3408; x_wconf 75' lang='lat' dir='ltr'><strong>appellat</strong></span> <span class='ocrx_word' id='word_1_492' title='bbox 2728 3337 3206 3407; x_wconf 89' lang='lat' dir='ltr'><strong>dispensationem</strong></span> <span class='ocrx_word' id='word_1_493' title='bbox 3249 3336 3538 3394; x_wconf 85' lang='lat' dir='ltr'><strong>instituto-</strong></span> 
     </span>
    </p>
   </div>
   <div class='ocr_carea' id='block_1_70' title="bbox 283 3426 1864 3507">
    <p class='ocr_par' dir='ltr' id='par_1_70' title="bbox 283 3429 1861 3507">
     <span class='ocr_line' id='line_1_70' title="bbox 283 3429 1861 3507; baseline 0.001 -23"><span class='ocrx_word' id='word_1_494' title='bbox 283 3429 666 3507; x_wconf 76' lang='grc' dir='ltr'>πνευματικῶς</span> <span class='ocrx_word' id='word_1_495' title='bbox 710 3431 1026 3502; x_wconf 76' lang='grc' dir='ltr'>τραφέντων</span> <span class='ocrx_word' id='word_1_496' title='bbox 1071 3431 1198 3493; x_wconf 82' lang='grc' dir='ltr'>τοὺς</span> <span class='ocrx_word' id='word_1_497' title='bbox 1235 3433 1460 3500; x_wconf 76' lang='grc' dir='ltr'>νοητοὺς</span> <span class='ocrx_word' id='word_1_498' title='bbox 1493 3432 1602 3484; x_wconf 88' lang='grc' dir='ltr'><strong>τῶν</strong></span> <span class='ocrx_word' id='word_1_499' title='bbox 1631 3433 1861 3504; x_wconf 71' lang='grc' dir='ltr'>εἰρημέ-</span> 
     </span>
    </p>
   </div>
   <div class='ocr_carea' id='block_1_71' title="bbox 1970 3426 3534 3507">
    <p class='ocr_par' dir='ltr' id='par_1_71' title="bbox 1970 3426 3534 3500">
     <span class='ocr_line' id='line_1_71' title="bbox 1970 3426 3534 3500; baseline -0.004 -12"><span class='ocrx_word' id='word_1_500' title='bbox 1970 3433 2114 3500; x_wconf 84' lang='lat' dir='ltr'><strong>&#39;iam,</strong></span> <span class='ocrx_word' id='word_1_501' title='bbox 2142 3446 2333 3487; x_wconf 88' lang='lat' dir='ltr'><strong>eorum</strong></span> <span class='ocrx_word' id='word_1_502' title='bbox 2361 3430 2456 3500; x_wconf 89' lang='lat' dir='ltr'><strong>qui</strong></span> <span class='ocrx_word' id='word_1_503' title='bbox 2499 3428 2868 3499; x_wconf 88' lang='lat' dir='ltr'><strong>spiritualiter</strong></span> <span class='ocrx_word' id='word_1_504' title='bbox 2897 3436 3027 3482; x_wconf 91' lang='lat' dir='ltr'><strong>sunt</strong></span> <span class='ocrx_word' id='word_1_505' title='bbox 3060 3426 3534 3481; x_wconf 87' lang='lat' dir='ltr'><strong>intellectualibus</strong></span> 
     </span>
    </p>
   </div>
   <div class='ocr_carea' id='block_1_72' title="bbox 283 3517 1864 3594">
    <p class='ocr_par' dir='ltr' id='par_1_72' title="bbox 283 3521 1862 3594">
     <span class='ocr_line' id='line_1_72' title="bbox 283 3521 1862 3594; baseline 0.002 -19"><span class='ocrx_word' id='word_1_506' title='bbox 283 3539 390 3576; x_wconf 89' lang='grc' dir='ltr'><strong>νων</strong></span> <span class='ocrx_word' id='word_1_507' title='bbox 419 3522 633 3590; x_wconf 85' lang='grc' dir='ltr'>λόγους,</span> <span class='ocrx_word' id='word_1_508' title='bbox 677 3521 764 3575; x_wconf 80' lang='grc' dir='ltr'><strong>διὰ</strong></span> <span class='ocrx_word' id='word_1_509' title='bbox 794 3521 855 3574; x_wconf 86' lang='grc' dir='ltr'><strong>τὸ</strong></span> <span class='ocrx_word' id='word_1_510' title='bbox 891 3521 1059 3591; x_wconf 84' lang='grc' dir='ltr'>μήπω</span> <span class='ocrx_word' id='word_1_511' title='bbox 1086 3521 1188 3590; x_wconf 78' lang='grc' dir='ltr'>τῆς</span> <span class='ocrx_word' id='word_1_512' title='bbox 1217 3522 1632 3594; x_wconf 65' lang='grc' dir='ltr'>παῶαγωγικῆς</span> <span class='ocrx_word' id='word_1_513' title='bbox 1664 3525 1862 3588; x_wconf 80' lang='grc' dir='ltr'>αὐτοὺς</span> 
     </span>
    </p>
   </div>
   <div class='ocr_carea' id='block_1_73' title="bbox 1970 3517 3534 3594">
    <p class='ocr_par' dir='ltr' id='par_1_73' title="bbox 1970 3517 3534 3588">
     <span class='ocr_line' id='line_1_73' title="bbox 1970 3517 3534 3588; baseline -0.003 -12"><span class='ocrx_word' id='word_1_514' title='bbox 1970 3522 2226 3576; x_wconf 90' lang='lat' dir='ltr'><strong>lictorum</strong></span> <span class='ocrx_word' id='word_1_515' title='bbox 2259 3519 2569 3574; x_wconf 85' lang='lat' dir='ltr'><strong>rationibus</strong></span> <span class='ocrx_word' id='word_1_516' title='bbox 2604 3517 2824 3581; x_wconf 88' lang='lat' dir='ltr'><strong>nutriti,</strong></span> <span class='ocrx_word' id='word_1_517' title='bbox 2857 3526 3150 3587; x_wconf 85' lang='lat' dir='ltr'><strong>propterea</strong></span> <span class='ocrx_word' id='word_1_518' title='bbox 3167 3517 3318 3588; x_wconf 91' lang='lat' dir='ltr'><strong>quod</strong></span> <span class='ocrx_word' id='word_1_519' title='bbox 3347 3517 3534 3586; x_wconf 64' lang='lat' dir='ltr'><strong>paeda-</strong></span> 
     </span>
    </p>
   </div>
   <div class='ocr_carea' id='block_1_74' title="bbox 283 3608 1862 3683">
    <p class='ocr_par' dir='ltr' id='par_1_74' title="bbox 283 3608 1862 3683">
     <span class='ocr_line' id='line_1_74' title="bbox 283 3608 1862 3683; baseline -0.001 -17"><span class='ocrx_word' id='word_1_520' title='bbox 283 3611 538 3683; x_wconf 78' lang='grc' dir='ltr'>ὑπεράνω</span> <span class='ocrx_word' id='word_1_521' title='bbox 565 3610 818 3679; x_wconf 83' lang='grc' dir='ltr'>γενέσθαι</span> <span class='ocrx_word' id='word_1_522' title='bbox 849 3608 1215 3673; x_wconf 82' lang='grc' dir='ltr'>διδασκαλίας,</span> <span class='ocrx_word' id='word_1_523' title='bbox 1259 3611 1357 3680; x_wconf 84' lang='grc' dir='ltr'>τῆς</span> <span class='ocrx_word' id='word_1_524' title='bbox 1395 3612 1488 3664; x_wconf 78' lang='grc' dir='ltr'>καὶ</span> <span class='ocrx_word' id='word_1_525' title='bbox 1518 3611 1588 3665; x_wconf 76' lang='grc' dir='ltr'>τὰ</span> <span class='ocrx_word' id='word_1_526' title='bbox 1613 3613 1862 3683; x_wconf 78' lang='grc' dir='ltr'>χρήσιμα</span> 
     </span>
    </p>
   </div>
   <div class='ocr_carea' id='block_1_75' title="bbox 281 3699 1857 3772">
    <p class='ocr_par' dir='ltr' id='par_1_75' title="bbox 281 3699 1857 3772">
     <span class='ocr_line' id='line_1_75' title="bbox 281 3699 1857 3772; baseline -0.001 -15"><span class='ocrx_word' id='word_1_527' title='bbox 281 3704 510 3766; x_wconf 80' lang='grc' dir='ltr'>δεόντως</span> <span class='ocrx_word' id='word_1_528' title='bbox 542 3700 958 3772; x_wconf 78' lang='grc' dir='ltr'>ὑποτιθεμένης,</span> <span class='ocrx_word' id='word_1_529' title='bbox 1013 3699 1106 3752; x_wconf 75' lang='grc' dir='ltr'><strong>καὶ</strong></span> <span class='ocrx_word' id='word_1_530' title='bbox 1153 3700 1252 3772; x_wconf 81' lang='grc' dir='ltr'>τὴν</span> <span class='ocrx_word' id='word_1_531' title='bbox 1283 3701 1540 3772; x_wconf 78' lang='grc' dir='ltr'>ἀλγεινὴν</span> <span class='ocrx_word' id='word_1_532' title='bbox 1573 3705 1684 3766; x_wconf 81' lang='grc' dir='ltr'>τοῖς</span> <span class='ocrx_word' id='word_1_533' title='bbox 1713 3701 1857 3756; x_wconf 76' lang='grc' dir='ltr'>οὕτω</span> 
     </span>
    </p>
   </div>
   <div class='ocr_carea' id='block_1_76' title="bbox 283 3790 1856 3864">
    <p class='ocr_par' dir='ltr' id='par_1_76' title="bbox 283 3790 1856 3864">
     <span class='ocr_line' id='line_1_76' title="bbox 283 3790 1856 3864; baseline -0.004 -14"><span class='ocrx_word' id='word_1_534' title='bbox 283 3793 694 3864; x_wconf 78' lang='grc' dir='ltr'>παιδευομένοις</span> <span class='ocrx_word' id='word_1_535' title='bbox 744 3790 970 3860; x_wconf 81' lang='grc' dir='ltr'>ἀγωγὴν</span> <span class='ocrx_word' id='word_1_536' title='bbox 1011 3791 1432 3861; x_wconf 85' lang='grc' dir='ltr'>προτεινούσης,</span> <span class='ocrx_word' id='word_1_537' title='bbox 1493 3791 1570 3856; x_wconf 83' lang='grc' dir='ltr'>ὡς</span> <span class='ocrx_word' id='word_1_538' title='bbox 1604 3795 1745 3844; x_wconf 85' lang='grc' dir='ltr'>νοεῖν</span> <span class='ocrx_word' id='word_1_539' title='bbox 1773 3792 1856 3845; x_wconf 84' lang='grc' dir='ltr'><strong>δί-</strong></span> 
     </span>
    </p>
   </div>
   <div class='ocr_carea' id='block_1_77' title="bbox 282 3877 1854 3954">
    <p class='ocr_par' dir='ltr' id='par_1_77' title="bbox 282 3877 1854 3954">
     <span class='ocr_line' id='line_1_77' title="bbox 282 3877 1854 3954; baseline -0.001 -18"><span class='ocrx_word' id='word_1_540' title='bbox 282 3885 444 3938; x_wconf 85' lang='grc' dir='ltr'>δωσιν</span> <span class='ocrx_word' id='word_1_541' title='bbox 469 3885 502 3952; x_wconf 84' lang='grc' dir='ltr'><strong>ἡ</strong></span> <span class='ocrx_word' id='word_1_542' title='bbox 529 3880 588 3948; x_wconf 73' lang='grc' dir='ltr'><strong>ἐξ</strong></span> <span class='ocrx_word' id='word_1_543' title='bbox 607 3877 674 3954; x_wconf 80' lang='grc' dir='ltr'>ἧς</span> <span class='ocrx_word' id='word_1_544' title='bbox 695 3879 1103 3950; x_wconf 81' lang='grc' dir='ltr'>οἰκοδομοῦνται</span> <span class='ocrx_word' id='word_1_545' title='bbox 1130 3881 1177 3934; x_wconf 87' lang='grc' dir='ltr'>οἱ</span> <span class='ocrx_word' id='word_1_546' title='bbox 1201 3879 1410 3950; x_wconf 70' lang='grc' dir='ltr'>κόφινοι</span> <span class='ocrx_word' id='word_1_547' title='bbox 1431 3878 1554 3950; x_wconf 76' lang='grc' dir='ltr'>ὕλη,</span> <span class='ocrx_word' id='word_1_548' title='bbox 1576 3879 1854 3952; x_wconf 75' lang='grc' dir='ltr'>πληκτικὴ</span> 
     </span>
    </p>
   </div>
   <div class='ocr_carea' id='block_1_78' title="bbox 281 3972 974 4044">
    <p class='ocr_par' dir='ltr' id='par_1_78' title="bbox 281 3972 974 4044">
     <span class='ocr_line' id='line_1_78' title="bbox 281 3972 974 4044; baseline -0.003 -16"><span class='ocrx_word' id='word_1_549' title='bbox 281 3973 422 4031; x_wconf 80' lang='grc' dir='ltr'>κατὰ</span> <span class='ocrx_word' id='word_1_550' title='bbox 447 3973 608 4044; x_wconf 83' lang='grc' dir='ltr'>φύσιν</span> <span class='ocrx_word' id='word_1_551' title='bbox 635 3972 974 4043; x_wconf 82' lang='grc' dir='ltr'>ὑπάρχουσα.</span> 
     </span>
    </p>
   </div>
   <div class='ocr_carea' id='block_1_79' title="bbox 731 4237 1410 4308">
    <p class='ocr_par' dir='ltr' id='par_1_79' title="bbox 731 4237 1410 4308">
     <span class='ocr_line' id='line_1_79' title="bbox 731 4237 1410 4308; baseline 0 -14"><span class='ocrx_word' id='word_1_552' title='bbox 731 4239 951 4308; x_wconf 80' lang='grc' dir='ltr'>Θεωρία</span> <span class='ocrx_word' id='word_1_553' title='bbox 983 4239 1104 4292; x_wconf 79' lang='grc' dir='ltr'>τῶν</span> <span class='ocrx_word' id='word_1_554' title='bbox 1133 4237 1178 4300; x_wconf 61' lang='grc' dir='ltr'><strong>ζ’</strong></span> <span class='ocrx_word' id='word_1_555' title='bbox 1203 4239 1410 4308; x_wconf 75' lang='grc' dir='ltr'>ἄρτων.</span> 
     </span>
    </p>
   </div>
   <div class='ocr_carea' id='block_1_80' title="bbox 353 4350 1862 4426">
    <p class='ocr_par' dir='ltr' id='par_1_80' title="bbox 353 4350 1862 4426">
     <span class='ocr_line' id='line_1_80' title="bbox 353 4350 1862 4426; baseline 0.001 -19"><span class='ocrx_word' id='word_1_556' title='bbox 353 4351 537 4422; x_wconf 77' lang='lat'><strong>(259</strong></span> <span class='ocrx_word' id='word_1_557' title='bbox 558 4350 613 4422; x_wconf 81' lang='grc' dir='ltr'>α)</span> <span class='ocrx_word' id='word_1_558' title='bbox 674 4353 739 4425; x_wconf 76' lang='lat' dir='ltr'><strong>Qi</strong></span> <span class='ocrx_word' id='word_1_559' title='bbox 783 4351 842 4405; x_wconf 77' lang='grc' dir='ltr'><strong>δὲ</strong></span> <span class='ocrx_word' id='word_1_560' title='bbox 893 4351 1034 4406; x_wconf 80' lang='grc' dir='ltr'>ἑπτὰ</span> <span class='ocrx_word' id='word_1_561' title='bbox 1069 4351 1180 4404; x_wconf 83' lang='grc' dir='ltr'><strong>τῶν</strong></span> <span class='ocrx_word' id='word_1_562' title='bbox 1219 4351 1677 4422; x_wconf 82' lang='grc' dir='ltr'>τετρακισχιλίων</span> <span class='ocrx_word' id='word_1_563' title='bbox 1705 4353 1862 4426; x_wconf 81' lang='grc' dir='ltr'>ἄρτοι</span> 
     </span>
    </p>
   </div>
   <div class='ocr_carea' id='block_1_81' title="bbox 1965 3606 3536 3683">
    <p class='ocr_par' dir='ltr' id='par_1_81' title="bbox 1965 3606 3536 3683">
     <span class='ocr_line' id='line_1_81' title="bbox 1965 3606 3536 3683; baseline -0.006 -17"><span class='ocrx_word' id='word_1_564' title='bbox 1965 3611 2216 3683; x_wconf 80' lang='lat' dir='ltr'><strong>gogicam</strong></span> <span class='ocrx_word' id='word_1_565' title='bbox 2245 3609 2490 3665; x_wconf 92' lang='lat' dir='ltr'><strong>nondum</strong></span> <span class='ocrx_word' id='word_1_566' title='bbox 2505 3606 3250 3678; x_wconf 85' lang='lat' dir='ltr'><strong>superaveruntdoctrinam,</strong></span> <span class='ocrx_word' id='word_1_567' title='bbox 3276 3621 3398 3674; x_wconf 67' lang='lat' dir='ltr'><strong>quae</strong></span> <span class='ocrx_word' id='word_1_568' title='bbox 3425 3612 3536 3659; x_wconf 87' lang='lat' dir='ltr'><strong>tam</strong></span> 
     </span>
    </p>
   </div>
   <div class='ocr_carea' id='block_1_82' title="bbox 1954 3696 3536 3772">
    <p class='ocr_par' dir='ltr' id='par_1_82' title="bbox 1954 3696 3536 3772">
     <span class='ocr_line' id='line_1_82' title="bbox 1954 3696 3536 3772; baseline -0.002 -18"><span class='ocrx_word' id='word_1_569' title='bbox 1954 3717 2079 3772; x_wconf 66' lang='lat' dir='ltr'><strong>quae</strong></span> <span class='ocrx_word' id='word_1_570' title='bbox 2099 3701 2256 3756; x_wconf 73' lang='lat' dir='ltr'><strong>utilia</strong></span> <span class='ocrx_word' id='word_1_571' title='bbox 2291 3700 2402 3754; x_wconf 89' lang='lat' dir='ltr'><strong>sint</strong></span> <span class='ocrx_word' id='word_1_572' title='bbox 2426 3708 2576 3754; x_wconf 88' lang='lat' dir='ltr'><strong>recte</strong></span> <span class='ocrx_word' id='word_1_573' title='bbox 2609 3697 2943 3768; x_wconf 82' lang='lat' dir='ltr'><strong>suppeditat,</strong></span> <span class='ocrx_word' id='word_1_574' title='bbox 2989 3712 3152 3766; x_wconf 87' lang='lat' dir='ltr'><strong>quam</strong></span> <span class='ocrx_word' id='word_1_575' title='bbox 3185 3711 3407 3766; x_wconf 75' lang='lat' dir='ltr'><strong>gravem</strong></span> <span class='ocrx_word' id='word_1_576' title='bbox 3453 3696 3536 3751; x_wconf 89' lang='lat' dir='ltr'><strong>eis</strong></span> 
     </span>
    </p>
   </div>
   <div class='ocr_carea' id='block_1_83' title="bbox 1955 3786 3532 3862">
    <p class='ocr_par' dir='ltr' id='par_1_83' title="bbox 1955 3786 3532 3862">
     <span class='ocr_line' id='line_1_83' title="bbox 1955 3786 3532 3862; baseline -0.003 -18"><span class='ocrx_word' id='word_1_577' title='bbox 1955 3791 2052 3862; x_wconf 88' lang='lat' dir='ltr'><strong>qui</strong></span> <span class='ocrx_word' id='word_1_578' title='bbox 2104 3791 2179 3846; x_wconf 89' lang='lat' dir='ltr'><strong>ita</strong></span> <span class='ocrx_word' id='word_1_579' title='bbox 2235 3791 2611 3846; x_wconf 88' lang='lat' dir='ltr'><strong>instituuntur</strong></span> <span class='ocrx_word' id='word_1_580' title='bbox 2665 3787 3147 3843; x_wconf 88' lang='lat' dir='ltr'><strong>conversationem</strong></span> <span class='ocrx_word' id='word_1_581' title='bbox 3211 3786 3532 3856; x_wconf 84' lang='lat' dir='ltr'><strong>proponit;</strong></span> 
     </span>
    </p>
   </div>
   <div class='ocr_carea' id='block_1_84' title="bbox 1955 3876 3539 3949">
    <p class='ocr_par' dir='ltr' id='par_1_84' title="bbox 1955 3876 3539 3949">
     <span class='ocr_line' id='line_1_84' title="bbox 1955 3876 3539 3949; baseline -0.004 -17"><span class='ocrx_word' id='word_1_582' title='bbox 1955 3879 2236 3949; x_wconf 89' lang='lat' dir='ltr'><strong>quomodo</strong></span> <span class='ocrx_word' id='word_1_583' title='bbox 2283 3877 2592 3949; x_wconf 79' lang='lat' dir='ltr'><strong>intelligere</strong></span> <span class='ocrx_word' id='word_1_584' title='bbox 2621 3891 2726 3932; x_wconf 90' lang='lat' dir='ltr'><strong>nos</strong></span> <span class='ocrx_word' id='word_1_585' title='bbox 2755 3876 2914 3946; x_wconf 85' lang='lat' dir='ltr'><strong>jubet</strong></span> <span class='ocrx_word' id='word_1_586' title='bbox 2944 3877 3178 3930; x_wconf 79' lang='lat' dir='ltr'><strong>materia</strong></span> <span class='ocrx_word' id='word_1_587' title='bbox 3225 3892 3292 3930; x_wconf 81' lang='lat' dir='ltr'><strong>cx</strong></span> <span class='ocrx_word' id='word_1_588' title='bbox 3316 3891 3424 3944; x_wconf 87' lang='lat' dir='ltr'><strong>qua</strong></span> <span class='ocrx_word' id='word_1_589' title='bbox 3445 3890 3539 3928; x_wconf 70' lang='lat' dir='ltr'><strong>cn-</strong></span> 
     </span>
    </p>
   </div>
   <div class='ocr_carea' id='block_1_85' title="bbox 1953 3965 3534 4041">
    <p class='ocr_par' dir='ltr' id='par_1_85' title="bbox 1953 3965 3534 4041">
     <span class='ocr_line' id='line_1_85' title="bbox 1953 3965 3534 4041; baseline -0.003 -17"><span class='ocrx_word' id='word_1_590' title='bbox 1953 3970 2110 4041; x_wconf 89' lang='lat' dir='ltr'><strong>phini</strong></span> <span class='ocrx_word' id='word_1_591' title='bbox 2139 3977 2567 4033; x_wconf 91' lang='lat' dir='ltr'><strong>construuntur,</strong></span> <span class='ocrx_word' id='word_1_592' title='bbox 2599 3983 2722 4038; x_wconf 71' lang='lat' dir='ltr'><strong>quae</strong></span> <span class='ocrx_word' id='word_1_593' title='bbox 2756 3975 2956 4022; x_wconf 87' lang='lat' dir='ltr'><strong>natura</strong></span> <span class='ocrx_word' id='word_1_594' title='bbox 2987 3982 3088 4022; x_wconf 84' lang='lat' dir='ltr'><strong>sua</strong></span> <span class='ocrx_word' id='word_1_595' title='bbox 3125 3965 3193 4022; x_wconf 81' lang='lat' dir='ltr'><strong>nd</strong></span> <span class='ocrx_word' id='word_1_596' title='bbox 3223 3965 3534 4022; x_wconf 87' lang='lat' dir='ltr'><strong>feriendum</strong></span> 
     </span>
    </p>
   </div>
   <div class='ocr_carea' id='block_1_86' title="bbox 1949 4059 2933 4131">
    <p class='ocr_par' dir='ltr' id='par_1_86' title="bbox 1949 4059 2933 4131">
     <span class='ocr_line' id='line_1_86' title="bbox 1949 4059 2933 4131; baseline -0.003 -17"><span class='ocrx_word' id='word_1_597' title='bbox 1949 4067 2006 4114; x_wconf 91' lang='lat' dir='ltr'><strong>et</strong></span> <span class='ocrx_word' id='word_1_598' title='bbox 2029 4059 2452 4131; x_wconf 89' lang='lat' dir='ltr'><strong>percutiendum</strong></span> <span class='ocrx_word' id='word_1_599' title='bbox 2479 4067 2792 4128; x_wconf 87' lang='lat' dir='ltr'><strong>comparata</strong></span> <span class='ocrx_word' id='word_1_600' title='bbox 2831 4065 2933 4113; x_wconf 86' lang='lat' dir='ltr'><strong>est.</strong></span> 
     </span>
    </p>
   </div>
   <div class='ocr_carea' id='block_1_87' title="bbox 2315 4235 3164 4307">
    <p class='ocr_par' dir='ltr' id='par_1_87' title="bbox 2315 4235 3164 4307">
     <span class='ocr_line' id='line_1_87' title="bbox 2315 4235 3164 4307; baseline -0.002 -15"><span class='ocrx_word' id='word_1_601' title='bbox 2315 4235 2702 4307; x_wconf 76' lang='lat' dir='ltr'><strong>Contemplatio</strong></span> <span class='ocrx_word' id='word_1_602' title='bbox 2745 4245 2941 4306; x_wconf 80' lang='lat' dir='ltr'><strong>septem</strong></span> <span class='ocrx_word' id='word_1_603' title='bbox 2965 4252 3164 4306; x_wconf 83' lang='lat' dir='ltr'><strong>panum</strong></span> 
     </span>
    </p>
   </div>
   <div class='ocr_carea' id='block_1_88' title="bbox 2032 4351 3534 4426">
    <p class='ocr_par' dir='ltr' id='par_1_88' title="bbox 2032 4351 3534 4426">
     <span class='ocr_line' id='line_1_88' title="bbox 2032 4351 3534 4426; baseline -0.003 -16"><span class='ocrx_word' id='word_1_604' title='bbox 2032 4355 2254 4426; x_wconf 88' lang='lat' dir='ltr'><strong>Septem</strong></span> <span class='ocrx_word' id='word_1_605' title='bbox 2295 4361 2480 4409; x_wconf 89' lang='lat' dir='ltr'><strong>autem</strong></span> <span class='ocrx_word' id='word_1_606' title='bbox 2523 4360 2758 4422; x_wconf 84' lang='lat' dir='ltr'><strong>quatuor</strong></span> <span class='ocrx_word' id='word_1_607' title='bbox 2805 4351 3040 4405; x_wconf 91' lang='lat' dir='ltr'><strong>millium</strong></span> <span class='ocrx_word' id='word_1_608' title='bbox 3081 4364 3254 4421; x_wconf 86' lang='lat' dir='ltr'><strong>panes</strong></span> <span class='ocrx_word' id='word_1_609' title='bbox 3281 4351 3534 4423; x_wconf 75' lang='lat' dir='ltr'><strong>legalem,</strong></span> 
     </span>
    </p>
   </div>
   <div class='ocr_carea' id='block_1_89' title="bbox 281 4439 1864 4516">
    <p class='ocr_par' dir='ltr' id='par_1_89' title="bbox 281 4439 1857 4516">
     <span class='ocr_line' id='line_1_89' title="bbox 281 4439 1857 4516; baseline 0 -19"><span class='ocrx_word' id='word_1_610' title='bbox 281 4444 378 4516; x_wconf 77' lang='grc' dir='ltr'><strong>τὴν</strong></span> <span class='ocrx_word' id='word_1_611' title='bbox 407 4442 661 4514; x_wconf 74' lang='grc' dir='ltr'>νομικὴν,</span> <span class='ocrx_word' id='word_1_612' title='bbox 693 4445 771 4506; x_wconf 83' lang='grc' dir='ltr'><strong>ὡς</strong></span> <span class='ocrx_word' id='word_1_613' title='bbox 805 4439 992 4513; x_wconf 77' lang='grc' dir='ltr'>οἶμαι,</span> <span class='ocrx_word' id='word_1_614' title='bbox 1051 4443 1445 4514; x_wconf 86' lang='grc' dir='ltr'>μυσταγωγίαν</span> <span class='ocrx_word' id='word_1_615' title='bbox 1472 4443 1857 4514; x_wconf 81' lang='grc' dir='ltr'>ὑποτυποῦσιν,</span> 
     </span>
    </p>
   </div>
   <div class='ocr_carea' id='block_1_90' title="bbox 1970 4439 3535 4516">
    <p class='ocr_par' dir='ltr' id='par_1_90' title="bbox 1970 4442 3535 4516">
     <span class='ocr_line' id='line_1_90' title="bbox 1970 4442 3535 4516; baseline -0.002 -14"><span class='ocrx_word' id='word_1_616' title='bbox 1970 4455 2025 4502; x_wconf 81' lang='grc' dir='ltr'><strong>ιιι</strong></span> <span class='ocrx_word' id='word_1_617' title='bbox 2061 4446 2282 4516; x_wconf 88' lang='lat' dir='ltr'><strong>opinor,</strong></span> <span class='ocrx_word' id='word_1_618' title='bbox 2310 4445 2704 4516; x_wconf 72' lang='lat' dir='ltr'><strong>mystagogiam</strong></span> <span class='ocrx_word' id='word_1_619' title='bbox 2728 4443 3067 4514; x_wconf 80' lang='lat' dir='ltr'><strong>exprimunt,</strong></span> <span class='ocrx_word' id='word_1_620' title='bbox 3091 4443 3207 4498; x_wconf 86' lang='lat' dir='ltr'><strong>sive</strong></span> <span class='ocrx_word' id='word_1_621' title='bbox 3232 4442 3535 4499; x_wconf 80' lang='lat' dir='ltr'><strong>diviniores</strong></span> 
     </span>
    </p>
   </div>
   <div class='ocr_carea' id='block_1_91' title="bbox 281 4533 1863 4607">
    <p class='ocr_par' dir='ltr' id='par_1_91' title="bbox 281 4533 1863 4607">
     <span class='ocr_line' id='line_1_91' title="bbox 281 4533 1863 4607; baseline 0.001 -18"><span class='ocrx_word' id='word_1_622' title='bbox 281 4538 401 4607; x_wconf 76' lang='grc' dir='ltr'>ἦτοι</span> <span class='ocrx_word' id='word_1_623' title='bbox 452 4537 578 4600; x_wconf 83' lang='grc' dir='ltr'>τοὺς</span> <span class='ocrx_word' id='word_1_624' title='bbox 627 4535 750 4590; x_wconf 87' lang='grc' dir='ltr'>κατ’</span> <span class='ocrx_word' id='word_1_625' title='bbox 779 4535 950 4604; x_wconf 79' lang='grc' dir='ltr'>αὑτὴν</span> <span class='ocrx_word' id='word_1_626' title='bbox 993 4533 1300 4604; x_wconf 84' lang='grc' dir='ltr'>θειοτέρους</span> <span class='ocrx_word' id='word_1_627' title='bbox 1337 4533 1562 4604; x_wconf 86' lang='grc' dir='ltr'>λόγους,</span> <span class='ocrx_word' id='word_1_628' title='bbox 1609 4535 1863 4600; x_wconf 76' lang='grc' dir='ltr'>οὕστινας</span> 
     </span>
    </p>
   </div>
   <div class='ocr_carea' id='block_1_92' title="bbox 280 4623 1861 4697">
    <p class='ocr_par' dir='ltr' id='par_1_92' title="bbox 280 4623 1861 4697">
     <span class='ocr_line' id='line_1_92' title="bbox 280 4623 1861 4697; baseline 0 -19"><span class='ocrx_word' id='word_1_629' title='bbox 280 4627 392 4688; x_wconf 75' lang='grc' dir='ltr'>τοῖς</span> <span class='ocrx_word' id='word_1_630' title='bbox 440 4625 808 4696; x_wconf 81' lang='grc' dir='ltr'>προσμένουσι</span> <span class='ocrx_word' id='word_1_631' title='bbox 851 4625 1000 4694; x_wconf 84' lang='grc' dir='ltr'>τρεῖς</span> <span class='ocrx_word' id='word_1_632' title='bbox 1037 4623 1250 4694; x_wconf 80' lang='grc' dir='ltr'>ἡμέρας</span> <span class='ocrx_word' id='word_1_633' title='bbox 1293 4623 1375 4695; x_wconf 82' lang='grc' dir='ltr'>τῷ</span> <span class='ocrx_word' id='word_1_634' title='bbox 1413 4625 1578 4697; x_wconf 86' lang='grc' dir='ltr'>λόγῳ,</span> <span class='ocrx_word' id='word_1_635' title='bbox 1611 4625 1861 4680; x_wconf 85' lang='grc' dir='ltr'>τουτέστι</span> 
     </span>
    </p>
   </div>
   <div class='ocr_carea' id='block_1_93' title="bbox 285 4711 1862 4786">
    <p class='ocr_par' dir='ltr' id='par_1_93' title="bbox 285 4711 1862 4786">
     <span class='ocr_line' id='line_1_93' title="bbox 285 4711 1862 4786; baseline 0.001 -20"><span class='ocrx_word' id='word_1_636' title='bbox 285 4716 404 4784; x_wconf 84' lang='grc' dir='ltr'>μεθ’</span> <span class='ocrx_word' id='word_1_637' title='bbox 445 4714 722 4786; x_wconf 81' lang='grc' dir='ltr'>ὑπομονῆς</span> <span class='ocrx_word' id='word_1_638' title='bbox 767 4715 859 4768; x_wconf 87' lang='grc' dir='ltr'><strong>τὸν</strong></span> <span class='ocrx_word' id='word_1_639' title='bbox 901 4713 1032 4784; x_wconf 72' lang='grc' dir='ltr'>περὶ</span> <span class='ocrx_word' id='word_1_640' title='bbox 1058 4711 1159 4784; x_wconf 82' lang='grc' dir='ltr'><strong>τὴν</strong></span> <span class='ocrx_word' id='word_1_641' title='bbox 1185 4712 1386 4784; x_wconf 82' lang='grc' dir='ltr'>ἠθικήν</span> <span class='ocrx_word' id='word_1_642' title='bbox 1411 4731 1473 4767; x_wconf 91' lang='grc' dir='ltr'><strong>τε</strong></span> <span class='ocrx_word' id='word_1_643' title='bbox 1503 4716 1598 4768; x_wconf 80' lang='grc' dir='ltr'><strong>καὶ</strong></span> <span class='ocrx_word' id='word_1_644' title='bbox 1623 4713 1862 4785; x_wconf 81' lang='grc' dir='ltr'>φυσικὴν</span> 
     </span>
    </p>
   </div>
   <div class='ocr_carea' id='block_1_94' title="bbox 285 4805 1860 4877">
    <p class='ocr_par' dir='ltr' id='par_1_94' title="bbox 285 4805 1860 4877">
     <span class='ocr_line' id='line_1_94' title="bbox 285 4805 1860 4877; baseline 0.001 -19"><span class='ocrx_word' id='word_1_645' title='bbox 285 4808 374 4858; x_wconf 70' lang='grc' dir='ltr'><strong>καὶ</strong></span> <span class='ocrx_word' id='word_1_646' title='bbox 423 4806 739 4877; x_wconf 79' lang='grc' dir='ltr'>θεολογικὴν</span> <span class='ocrx_word' id='word_1_647' title='bbox 789 4805 1107 4875; x_wconf 78' lang='grc' dir='ltr'>φιλοσοφίαν</span> <span class='ocrx_word' id='word_1_648' title='bbox 1153 4807 1574 4876; x_wconf 80' lang='grc' dir='ltr'>περιποιητικὸν</span> <span class='ocrx_word' id='word_1_649' title='bbox 1612 4805 1706 4860; x_wconf 79' lang='grc' dir='ltr'>τοῦ</span> <span class='ocrx_word' id='word_1_650' title='bbox 1743 4824 1860 4876; x_wconf 82' lang='grc' dir='ltr'><strong>φω-</strong></span> 
     </span>
    </p>
   </div>
   <div class='ocr_carea' id='block_1_95' title="bbox 281 4899 1860 4974">
    <p class='ocr_par' dir='ltr' id='par_1_95' title="bbox 281 4899 1860 4974">
     <span class='ocr_line' id='line_1_95' title="bbox 281 4899 1860 4974; baseline 0.001 -22"><span class='ocrx_word' id='word_1_651' title='bbox 281 4901 476 4971; x_wconf 82' lang='grc' dir='ltr'>τισμοῦ</span> <span class='ocrx_word' id='word_1_652' title='bbox 527 4901 626 4972; x_wconf 83' lang='grc' dir='ltr'>τῆς</span> <span class='ocrx_word' id='word_1_653' title='bbox 671 4901 925 4970; x_wconf 80' lang='grc' dir='ltr'>γνώσεως</span> <span class='ocrx_word' id='word_1_654' title='bbox 969 4899 1130 4952; x_wconf 68' lang='grc' dir='ltr'>πόνον</span> <span class='ocrx_word' id='word_1_655' title='bbox 1180 4899 1549 4972; x_wconf 79' lang='grc' dir='ltr'>μακροθύμως</span> <span class='ocrx_word' id='word_1_656' title='bbox 1582 4901 1860 4974; x_wconf 78' lang='grc' dir='ltr'>φέρουσιν,</span> 
     </span>
    </p>
   </div>
   <div class='ocr_carea' id='block_1_96' title="bbox 283 4989 1074 5060">
    <p class='ocr_par' dir='ltr' id='par_1_96' title="bbox 283 4989 1074 5060">
     <span class='ocr_line' id='line_1_96' title="bbox 283 4989 1074 5060; baseline -0.003 -14"><span class='ocrx_word' id='word_1_657' title='bbox 283 4991 310 5046; x_wconf 87' lang='grc' dir='ltr'>ὁ</span> <span class='ocrx_word' id='word_1_658' title='bbox 335 4989 490 5060; x_wconf 81' lang='grc' dir='ltr'>λόγος</span> <span class='ocrx_word' id='word_1_659' title='bbox 523 4989 806 5060; x_wconf 83' lang='grc' dir='ltr'>μυστικῶς</span> <span class='ocrx_word' id='word_1_660' title='bbox 833 4989 1074 5044; x_wconf 86' lang='grc' dir='ltr'>δίδωσιν.</span> 
     </span>
    </p>
   </div>
   <div class='ocr_carea' id='block_1_97' title="bbox 463 5174 1676 5247">
    <p class='ocr_par' dir='ltr' id='par_1_97' title="bbox 463 5174 1676 5247">
     <span class='ocr_line' id='line_1_97' title="bbox 463 5174 1676 5247; baseline 0.002 -17"><span class='ocrx_word' id='word_1_661' title='bbox 463 5175 646 5244; x_wconf 77' lang='grc' dir='ltr'><strong>Ἄλλη</strong></span> <span class='ocrx_word' id='word_1_662' title='bbox 671 5175 880 5246; x_wconf 78' lang='grc' dir='ltr'>θεωρία</span> <span class='ocrx_word' id='word_1_663' title='bbox 910 5175 1046 5245; x_wconf 76' lang='grc' dir='ltr'>περὶ</span> <span class='ocrx_word' id='word_1_664' title='bbox 1075 5174 1192 5230; x_wconf 80' lang='grc' dir='ltr'>τῶν</span> <span class='ocrx_word' id='word_1_665' title='bbox 1219 5175 1394 5247; x_wconf 77' lang='grc' dir='ltr'>τριῶν</span> <span class='ocrx_word' id='word_1_666' title='bbox 1419 5175 1676 5246; x_wconf 72' lang='grc' dir='ltr'>ἡμερῶν.</span> 
     </span>
    </p>
   </div>
   <div class='ocr_carea' id='block_1_98' title="bbox 357 5286 1856 5360">
    <p class='ocr_par' dir='ltr' id='par_1_98' title="bbox 357 5286 1856 5360">
     <span class='ocr_line' id='line_1_98' title="bbox 357 5286 1856 5360; baseline 0.002 -20"><span class='ocrx_word' id='word_1_667' title='bbox 357 5288 426 5340; x_wconf 85' lang='grc' dir='ltr'><em>Ἦ</em></span> <span class='ocrx_word' id='word_1_668' title='bbox 473 5286 564 5340; x_wconf 86' lang='grc' dir='ltr'><strong>τὸν</strong></span> <span class='ocrx_word' id='word_1_669' title='bbox 607 5286 834 5355; x_wconf 84' lang='grc' dir='ltr'>φυσικὸν</span> <span class='ocrx_word' id='word_1_670' title='bbox 868 5286 1030 5358; x_wconf 83' lang='grc' dir='ltr'>τυχὸν</span> <span class='ocrx_word' id='word_1_671' title='bbox 1073 5287 1166 5342; x_wconf 76' lang='grc' dir='ltr'>καὶ</span> <span class='ocrx_word' id='word_1_672' title='bbox 1205 5287 1453 5360; x_wconf 81' lang='grc' dir='ltr'>γραπτὸν</span> <span class='ocrx_word' id='word_1_673' title='bbox 1483 5291 1580 5342; x_wconf 74' lang='grc' dir='ltr'><strong>καὶ</strong></span> <span class='ocrx_word' id='word_1_674' title='bbox 1608 5305 1856 5358; x_wconf 88' lang='grc' dir='ltr'>πνευμα-</span> 
     </span>
    </p>
   </div>
   <div class='ocr_carea' id='block_1_99' title="bbox 287 5382 1854 5460">
    <p class='ocr_par' dir='ltr' id='par_1_99' title="bbox 287 5382 1854 5460">
     <span class='ocr_line' id='line_1_99' title="bbox 287 5382 1854 5460; baseline 0.002 -27"><span class='ocrx_word' id='word_1_675' title='bbox 287 5383 434 5438; x_wconf 79' lang='grc' dir='ltr'>τικὸν</span> <span class='ocrx_word' id='word_1_676' title='bbox 457 5383 618 5454; x_wconf 77' lang='grc' dir='ltr'>νόμον</span> <span class='ocrx_word' id='word_1_677' title='bbox 646 5383 703 5436; x_wconf 90' lang='grc' dir='ltr'><strong>αί</strong></span> <span class='ocrx_word' id='word_1_678' title='bbox 726 5383 875 5454; x_wconf 79' lang='grc' dir='ltr'>τρεῖς</span> <span class='ocrx_word' id='word_1_679' title='bbox 899 5382 1103 5455; x_wconf 75' lang='grc' dir='ltr'>ἡμέραι</span> <span class='ocrx_word' id='word_1_680' title='bbox 1140 5382 1571 5460; x_wconf 78' lang='grc' dir='ltr'>παραδηλοῦσιν,</span> <span class='ocrx_word' id='word_1_681' title='bbox 1619 5385 1693 5448; x_wconf 83' lang='grc' dir='ltr'>ὡς</span> <span class='ocrx_word' id='word_1_682' title='bbox 1723 5383 1854 5437; x_wconf 78' lang='grc' dir='ltr'><strong>ἐκά-</strong></span> 
     </span>
    </p>
   </div>
   <div class='ocr_carea' id='block_1_100' title="bbox 1964 4533 3534 4606">
    <p class='ocr_par' dir='ltr' id='par_1_100' title="bbox 1964 4533 3534 4606">
     <span class='ocr_line' id='line_1_100' title="bbox 1964 4533 3534 4606; baseline -0.004 -11"><span class='ocrx_word' id='word_1_683' title='bbox 1964 4538 2272 4595; x_wconf 89' lang='lat' dir='ltr'><strong>secundum</strong></span> <span class='ocrx_word' id='word_1_684' title='bbox 2331 4553 2454 4594; x_wconf 88' lang='lat' dir='ltr'><strong>eam</strong></span> <span class='ocrx_word' id='word_1_685' title='bbox 2513 4537 2782 4602; x_wconf 89' lang='lat' dir='ltr'><strong>rationes,</strong></span> <span class='ocrx_word' id='word_1_686' title='bbox 2821 4551 2959 4606; x_wconf 89' lang='lat' dir='ltr'><strong>quas</strong></span> <span class='ocrx_word' id='word_1_687' title='bbox 3001 4535 3084 4590; x_wconf 88' lang='lat' dir='ltr'><strong>eis</strong></span> <span class='ocrx_word' id='word_1_688' title='bbox 3120 4535 3216 4605; x_wconf 91' lang='lat' dir='ltr'><strong>qui</strong></span> <span class='ocrx_word' id='word_1_689' title='bbox 3262 4543 3378 4589; x_wconf 89' lang='lat' dir='ltr'><strong>tres</strong></span> <span class='ocrx_word' id='word_1_690' title='bbox 3415 4533 3534 4590; x_wconf 85' lang='lat' dir='ltr'><strong>dies</strong></span> 
     </span>
    </p>
   </div>
   <div class='ocr_carea' id='block_1_101' title="bbox 1958 4626 3534 4700">
    <p class='ocr_par' dir='ltr' id='par_1_101' title="bbox 1958 4626 3534 4700">
     <span class='ocr_line' id='line_1_101' title="bbox 1958 4626 3534 4700; baseline -0.003 -15"><span class='ocrx_word' id='word_1_691' title='bbox 1958 4629 2106 4700; x_wconf 89' lang='lat' dir='ltr'><strong>apud</strong></span> <span class='ocrx_word' id='word_1_692' title='bbox 2139 4645 2453 4685; x_wconf 88' lang='lat' dir='ltr'><strong>sermonem</strong></span> <span class='ocrx_word' id='word_1_693' title='bbox 2482 4636 2764 4696; x_wconf 88' lang='lat' dir='ltr'><strong>maneant,</strong></span> <span class='ocrx_word' id='word_1_694' title='bbox 2797 4627 2854 4684; x_wconf 90' lang='lat' dir='ltr'><strong>id</strong></span> <span class='ocrx_word' id='word_1_695' title='bbox 2887 4635 2972 4683; x_wconf 81' lang='grc' dir='ltr'><strong>εει</strong></span> <span class='ocrx_word' id='word_1_696' title='bbox 2991 4628 3361 4698; x_wconf 82' lang='lat' dir='ltr'><strong>quilaborem</strong></span> <span class='ocrx_word' id='word_1_697' title='bbox 3387 4626 3534 4683; x_wconf 82' lang='lat' dir='ltr'><strong>circa</strong></span> 
     </span>
    </p>
   </div>
   <div class='ocr_carea' id='block_1_102' title="bbox 1959 4709 3538 4792">
    <p class='ocr_par' dir='ltr' id='par_1_102' title="bbox 1959 4709 3538 4792">
     <span class='ocr_line' id='line_1_102' title="bbox 1959 4709 3538 4792; baseline -0.006 -15"><span class='ocrx_word' id='word_1_698' title='bbox 1959 4722 2226 4777; x_wconf 89' lang='lat' dir='ltr'><strong>moralem</strong></span> <span class='ocrx_word' id='word_1_699' title='bbox 2251 4729 2308 4776; x_wconf 91' lang='lat' dir='ltr'><strong>et</strong></span> <span class='ocrx_word' id='word_1_700' title='bbox 2329 4721 2638 4776; x_wconf 87' lang='lat' dir='ltr'><strong>naturalem</strong></span> <span class='ocrx_word' id='word_1_701' title='bbox 2657 4730 2714 4776; x_wconf 93' lang='lat' dir='ltr'><strong>et</strong></span> <span class='ocrx_word' id='word_1_702' title='bbox 2733 4709 3102 4792; x_wconf 63' lang='lat' dir='ltr'><strong>theologicam</strong></span> <span class='ocrx_word' id='word_1_703' title='bbox 3127 4717 3538 4790; x_wconf 81' lang='lat' dir='ltr'><strong>phil030phiam</strong></span> 
     </span>
    </p>
   </div>
   <div class='ocr_carea' id='block_1_103' title="bbox 1960 4811 3537 4886">
    <p class='ocr_par' dir='ltr' id='par_1_103' title="bbox 1960 4811 3537 4886">
     <span class='ocr_line' id='line_1_103' title="bbox 1960 4811 3537 4886; baseline -0.003 -18"><span class='ocrx_word' id='word_1_704' title='bbox 1960 4829 2074 4886; x_wconf 85' lang='lat' dir='ltr'><strong>quo</strong></span> <span class='ocrx_word' id='word_1_705' title='bbox 2103 4813 2436 4885; x_wconf 77' lang='lat' dir='ltr'><strong>cognitionis</strong></span> <span class='ocrx_word' id='word_1_706' title='bbox 2473 4813 2568 4886; x_wconf 79' lang='lat' dir='ltr'><strong>lux</strong></span> <span class='ocrx_word' id='word_1_707' title='bbox 2616 4820 2977 4882; x_wconf 88' lang='lat' dir='ltr'><strong>comparetur</strong></span> <span class='ocrx_word' id='word_1_708' title='bbox 3014 4827 3140 4868; x_wconf 90' lang='lat' dir='ltr'><strong>cum</strong></span> <span class='ocrx_word' id='word_1_709' title='bbox 3173 4811 3440 4883; x_wconf 88' lang='lat' dir='ltr'><strong>patientia</strong></span> <span class='ocrx_word' id='word_1_710' title='bbox 3478 4820 3537 4866; x_wconf 86' lang='lat' dir='ltr'><strong>et</strong></span> 
     </span>
    </p>
   </div>
   <div class='ocr_carea' id='block_1_104' title="bbox 1961 4882 3356 4974">
    <p class='ocr_par' dir='ltr' id='par_1_104' title="bbox 1961 4882 3356 4974">
     <span class='ocr_line' id='line_1_104' title="bbox 1961 4882 3356 4974; baseline -0.001 -17"><span class='ocrx_word' id='word_1_711' title='bbox 1961 4882 2120 4972; x_wconf 66' lang='lat' dir='ltr'><strong>aequo</strong></span> <span class='ocrx_word' id='word_1_712' title='bbox 2158 4882 2344 4957; x_wconf 73' lang='lat' dir='ltr'><strong>animo</strong></span> <span class='ocrx_word' id='word_1_713' title='bbox 2389 4882 2590 4967; x_wconf 69' lang='lat' dir='ltr'><strong>ferant,</strong></span> <span class='ocrx_word' id='word_1_714' title='bbox 2645 4901 2838 4957; x_wconf 89' lang='lat' dir='ltr'><strong>Sermo</strong></span> <span class='ocrx_word' id='word_1_715' title='bbox 2881 4901 3114 4974; x_wconf 83' lang='lat' dir='ltr'><strong>mystice</strong></span> <span class='ocrx_word' id='word_1_716' title='bbox 3165 4882 3356 4957; x_wconf 77' lang='lat' dir='ltr'><strong>tradit.</strong></span> 
     </span>
    </p>
   </div>
   <div class='ocr_carea' id='block_1_105' title="bbox 2202 5171 3274 5246">
    <p class='ocr_par' dir='ltr' id='par_1_105' title="bbox 2202 5171 3274 5246">
     <span class='ocr_line' id='line_1_105' title="bbox 2202 5171 3274 5246; baseline 0.001 -18"><span class='ocrx_word' id='word_1_717' title='bbox 2202 5171 2326 5229; x_wconf 81' lang='lat' dir='ltr'><strong>Alia</strong></span> <span class='ocrx_word' id='word_1_718' title='bbox 2357 5173 2731 5246; x_wconf 84' lang='lat' dir='ltr'><strong>contemplatio</strong></span> <span class='ocrx_word' id='word_1_719' title='bbox 2780 5174 2844 5228; x_wconf 86' lang='lat' dir='ltr'><strong>de</strong></span> <span class='ocrx_word' id='word_1_720' title='bbox 2877 5173 3042 5228; x_wconf 85' lang='lat' dir='ltr'><strong>tribus</strong></span> <span class='ocrx_word' id='word_1_721' title='bbox 3079 5173 3274 5229; x_wconf 84' lang='lat' dir='ltr'><strong>diebus.</strong></span> 
     </span>
    </p>
   </div>
   <div class='ocr_carea' id='block_1_106' title="bbox 2033 5288 3530 5364">
    <p class='ocr_par' dir='ltr' id='par_1_106' title="bbox 2033 5288 3530 5364">
     <span class='ocr_line' id='line_1_106' title="bbox 2033 5288 3530 5364; baseline -0.005 -15"><span class='ocrx_word' id='word_1_722' title='bbox 2033 5294 2126 5350; x_wconf 85' lang='lat' dir='ltr'><strong>Vel</strong></span> <span class='ocrx_word' id='word_1_723' title='bbox 2149 5292 2456 5348; x_wconf 88' lang='lat' dir='ltr'><strong>naturalem</strong></span> <span class='ocrx_word' id='word_1_724' title='bbox 2496 5291 2728 5348; x_wconf 84' lang='lat' dir='ltr'><strong>fortasse</strong></span> <span class='ocrx_word' id='word_1_725' title='bbox 2749 5301 2806 5348; x_wconf 89' lang='lat' dir='ltr'><strong>et</strong></span> <span class='ocrx_word' id='word_1_726' title='bbox 2823 5293 3084 5364; x_wconf 88' lang='lat' dir='ltr'><strong>scriptam</strong></span> <span class='ocrx_word' id='word_1_727' title='bbox 3109 5301 3164 5348; x_wconf 91' lang='lat' dir='ltr'><strong>et</strong></span> <span class='ocrx_word' id='word_1_728' title='bbox 3187 5288 3530 5362; x_wconf 86' lang='lat' dir='ltr'><strong>spiritualem</strong></span> 
     </span>
    </p>
   </div>
   <div class='ocr_carea' id='block_1_107' title="bbox 1957 5380 3532 5457">
    <p class='ocr_par' dir='ltr' id='par_1_107' title="bbox 1957 5380 3532 5457">
     <span class='ocr_line' id='line_1_107' title="bbox 1957 5380 3532 5457; baseline -0.003 -17"><span class='ocrx_word' id='word_1_729' title='bbox 1957 5385 2134 5456; x_wconf 79' lang='lat' dir='ltr'><strong>legem</strong></span> <span class='ocrx_word' id='word_1_730' title='bbox 2182 5395 2296 5442; x_wconf 86' lang='lat' dir='ltr'><strong>tres</strong></span> <span class='ocrx_word' id='word_1_731' title='bbox 2335 5383 2459 5440; x_wconf 86' lang='lat' dir='ltr'><strong>dies</strong></span> <span class='ocrx_word' id='word_1_732' title='bbox 2495 5383 2828 5457; x_wconf 78' lang='lat' dir='ltr'><strong>significant,</strong></span> <span class='ocrx_word' id='word_1_733' title='bbox 2865 5400 2991 5442; x_wconf 89' lang='lat' dir='ltr'><strong>cum</strong></span> <span class='ocrx_word' id='word_1_734' title='bbox 3018 5384 3248 5456; x_wconf 61' lang='lat' dir='ltr'><strong>singulas</strong></span> <span class='ocrx_word' id='word_1_735' title='bbox 3274 5380 3532 5440; x_wconf 82' lang='lat' dir='ltr'><strong>videlicet</strong></span> 
     </span>
    </p>
   </div>
   <div class='ocr_carea' id='block_1_108' title="bbox 359 5577 2118 5676">
    <p class='ocr_par' dir='ltr' id='par_1_108' title="bbox 359 5577 2118 5676">
     <span class='ocr_line' id='line_1_108' title="bbox 359 5577 2118 5676; baseline 0.001 -33"><span class='ocrx_word' id='word_1_736' title='bbox 359 5592 388 5628; x_wconf 67' lang='grc' dir='ltr'><strong>α</strong></span> <span class='ocrx_word' id='word_1_737' title='bbox 411 5581 546 5643; x_wconf 81' lang='lat' dir='ltr'><strong>Gen.</strong></span> <span class='ocrx_word' id='word_1_738' title='bbox 583 5601 621 5654; x_wconf 82' lang='grc' dir='ltr'><strong>ι,</strong></span> <span class='ocrx_word' id='word_1_739' title='bbox 651 5577 1079 5648; x_wconf 70' lang='grc' dir='ltr'><strong>26.¹³ἰὶ›ἰύ-,⁴27οε</strong></span> <span class='ocrx_word' id='word_1_740' title='bbox 1100 5581 1274 5642; x_wconf 86' lang='lat' dir='ltr'><strong>Galat.</strong></span> <span class='ocrx_word' id='word_1_741' title='bbox 1310 5601 1388 5654; x_wconf 83' lang='grc' dir='ltr'>ιιι,</span> <span class='ocrx_word' id='word_1_742' title='bbox 1419 5585 1507 5654; x_wconf 79' lang='grc'><strong>28.</strong></span> <span class='ocrx_word' id='word_1_743' title='bbox 1535 5585 1720 5676; x_wconf 65' lang='lat' dir='ltr'><strong>flGen.</strong></span> <span class='ocrx_word' id='word_1_744' title='bbox 1743 5601 1784 5652; x_wconf 81' lang='grc' dir='ltr'><strong>ι,</strong></span> <span class='ocrx_word' id='word_1_745' title='bbox 1821 5586 1853 5643; x_wconf 91' lang='grc'>7</span> <span class='ocrx_word' id='word_1_746' title='bbox 1889 5584 2118 5660; x_wconf 83' lang='lat' dir='ltr'><strong>passim.</strong></span> 
     </span>
    </p>
   </div>
  </div>
