3938 6148
411 168 545 239 “C3

1535 174 1595 233 S.
1637 171 1927 232 MAXIMI
1967 169 2479 231 CONFESSORIS

3568 171 3714 235 1485

403 279 801 351 spiritualioris
835 280 1143 336 secundum
1197 280 1346 351 ipsas
1392 282 1628 337 rationis
1676 282 1856 337 lucem
1905 281 1977 336 eis

2091 296 2216 332 στου
2276 278 2368 332 τοῦ
2416 276 2537 333 κατ’
2578 278 2743 333 αὐτὸν
2796 283 3327 355 πνευματικωτέρου
3375 282 3559 352 λόγου
3619 282 3718 334 τδν

401 372 502 444 qui
552 374 807 444 gnaviter
853 373 1083 427 student
1121 381 1407 443 praestent,
1448 374 1652 442 quibus
1688 374 1783 445 qui
1839 373 1980 428 bene

400 479 468 520 ac
518 480 650 519 vere
698 464 887 518 divina
923 464 1180 519 esuriunt
1213 465 1326 519 Deo
1355 473 1411 519 et
1442 464 1693 520 Sermoni
1743 466 1863 519 sine
1891 479 1980 518 re-

401 559 771 627 prehensione
816 559 1165 614 adhaerentes
1204 560 1498 630 mysticum
1545 559 1828 629 accipiunt
1879 575 1982 612 nu-

402 648 748 713 trimentum,
796 649 945 718 quod
986 649 1183 704 eodem
1231 658 1478 719 tempore
1533 660 1591 705 et
1628 650 1877 704 victoria:
1925 658 1982 704 et

399 740 554 810 regni
581 740 686 795 fert
716 743 1049 812 symbolum,
1070 742 1430 796 saturationis
1452 743 1732 812 reliquias.
1759 741 1980 811 Septem

397 832 547 885 enim
581 842 782 901 ενοι-ιτ
822 848 853 887 e
881 833 1077 902 palmae
1104 833 1271 888 ramis
1295 845 1566 888 conserta
1590 833 1855 905 (victoriae
1883 848 1983 886 au-

397 932 510 978 tem
551 923 864 994 symbolum
920 932 977 978 et
1018 924 1172 994 regni
1224 925 1406 994 palma
1464 924 1595 993 est),
1637 924 1980 981 inconcussas

394 1019 665 1081 praeterea
712 1028 777 1068 ac
821 1012 983 1088 fortis
1026 1029 1151 1069 cum
1180 1014 1444 1069 violentis
1470 1016 1764 1084 spiritibus
1797 1015 1984 1068 incur-

396 1106 653 1160 rentibus
698 1108 1081 1163 contentionis
1114 1123 1214 1163 eos
1247 1111 1342 1177 qui
1384 1124 1485 1177 per
1526 1123 1585 1162 se
1626 1108 1823 1161 nutriti
1852 1115 1983 1161 sunt

394 1197 580 1253 omnis
616 1199 908 1268 pravitatis
940 1207 999 1254 et
1026 1200 1352 1270 ignorantia:
1375 1201 1621 1254 victores
1649 1200 1982 1269 significant,

396 1296 457 1350 ut
503 1289 600 1358 qui
646 1305 679 1345 a
718 1290 833 1345 Deo
878 1290 1146 1345 Sermone
1189 1291 1449 1345 invictam
1489 1290 1805 1361 acceperint
1847 1289 1984 1345 alre-

393 1390 587 1438 ctuum
631 1399 698 1440 ac
733 1385 1034 1456 spirituum
1082 1385 1541 1441 dominationem.

464 1561 855 1635 Contemplatio
884 1564 1120 1621 virorum
1156 1572 1388 1634 quatuor
1420 1562 1649 1617 millium
1678 1562 1907 1617 numeri.

460 1676 653 1747 Atque
694 1677 941 1747 ipsorum
976 1677 1200 1732 illorum
1247 1692 1518 1732 numerus
1567 1677 1662 1746 qui
1695 1665 1787 1731 bis
1813 1675 1979 1746 spiri-

2086 370 2367 440 φωτισμὸν
2421 372 2534 432 τοῖς
2588 370 2938 439 φιλοπονοῠσι
2992 377 3333 445 παρέχοντος
3361 413 3377 438 ,
3445 374 3593 428 καθ’
3644 373 3715 435 ἃς

2084 463 2393 533 ἀμέμπτως
2415 463 2464 515 οἰ
2486 462 2669 525 καλῶς
2687 479 2748 515 τε
2775 465 2868 517 καὶ
2891 464 3105 532 ἀληθῶς
3129 466 3434 530 πεινῶντες
3453 466 3531 518 τὰ
3551 464 3713 527 θεῖα,

2082 556 2161 624 τῷ
2208 554 2328 625 Θεῴ
2375 554 2470 607 καὶ
2501 554 2661 625 Λόγῳ
2708 556 3136 626 προσμένοντες,
3187 558 3447 627 δέχονται
3478 555 3714 628 τροφὴν

2086 648 2357 719 μυστικὴν
2433 649 2574 702 κατὰ
2627 650 2828 703 ταύτὸν
2886 651 3045 720 νίκης
3101 669 3161 704 τε
3234 654 3331 705 καὶ
3396 651 3714 721 βασιλείας

2082 739 2311 810 ἔχουσαν
2362 740 2610 808 σύμϐολα
2662 741 2759 794 τοῦ
2810 741 2973 810 κόρου
3021 742 3091 794 τὰ
3141 742 3396 812 λείψανα.
3458 745 3533 795 Δί
3588 740 3712 809 γὰρ

2081 831 2222 885 ἑπτὰ
2274 832 2533 904 σπυρίδες
2574 833 2641 885 ὲκ
2684 833 2943 901 φοινίκων
2982 834 3081 904 τὴν
3113 833 3247 904 ὓλην
3276 833 3509 902 ἔχουσαι
3571 832 3711 899 (νί-

2080 940 2186 992 κης
2211 924 2269 977 δὲ
2314 925 2585 993 σύμϐολον
2620 926 2715 979 καὶ
2747 925 3029 995 βασιλείας
3069 928 3098 979 ὁ
3128 927 3378 995 φοῖνιξ),
3440 926 3599 996 πρὸς
3647 923 3712 976 δὲ

2080 1016 2178 1069 καὶ
2214 1016 2312 1085 τῆς
2341 1016 2642 1087 ἀκλονήτου
2678 1017 2813 1087 πρὸς
2844 1018 2945 1079 τὰς
2977 1017 3086 1069 τῶν
3120 1017 3312 1088 βιαίων
3344 1018 3709 1088 πνευμάτων

2082 1107 2321 1178 ἐμϐολὰς
2367 1108 2510 1180 ὑπὲρ
2549 1108 2809 1178 saneea;
2850 1110 3155 1173 ἐνστάσεως
3204 1110 3271 1164 δι’
3301 1111 3520 1163 ἑαυτῶν
3562 1111 3710 1172 τοὺς

2080 1201 2391 1270 τραφέντας
2453 1200 2637 1270 πάσης
2694 1201 2894 1263 κακίας
2955 1202 3051 1253 καὶ
3112 1202 3388 1269 ἀγνωσίας
3445 1200 3707 1270 νικητάς

2080 1294 2496 1361 ἀποφαίνουσιν,
2544 1294 2621 1358 ὡς
2656 1294 2753 1364 τὴν
2786 1294 2927 1348 κατά
2959 1295 3152 1349 παθῶν
3178 1312 3238 1348 τε
3273 1280 3369 1349 καλι
3396 1296 3705 1365 δαιμόνων

2081 1385 2235 1456 παρά
2257 1384 2351 1437 τοῦ
2374 1384 2511 1439 Θεοῦ
2530 1385 2707 1454 Λόγου
2734 1387 3004 1458 ἀήττητον
3030 1386 3297 1451 λαϐόντας
3321 1387 3696 1441 δυναστείαν.

2083 1564 2304 1631 Θεωρία
2339 1562 2447 1617 τοῦ
2475 1562 2723 1633 ἀριθμοῦ
2753 1561 2868 1616 τῶν
2894 1566 3389 1633 τετρακισχιλίων
3411 1563 3696 1633 ἀνδρῶν.

2152 1676 2267 1731 Καὶ
2310 1678 2339 1730 ὁ
2382 1676 2565 1729 αὐτῶν
2594 1675 2652 1728 δὲ
2689 1677 2916 1729 ἐκείνων
2973 1676 3078 1731 τῶν
3105 1676 3329 1741 τούτους
3354 1677 3698 1749 τραφέντων

393 1770 640 1825 tualibus
695 1770 1009 1826 rationibus
1063 1779 1193 1825 sunt
1242 1770 1476 1825 enutriti
1529 1785 1677 1825 vera:
1728 1770 1977 1839 ipsorum

2086 1768 2207 1830 τοὺς
2260 1768 2669 1837 πνευματικοὺς
2720 1768 2916 1835 λόγους
2973 1768 3212 1840 ἀριθμὸς
3282 1770 3383 1840 τῆς
3434 1769 3695 1841 ἀληθοῦς

391 1860 755 1930 perfectionis
777 1861 1103 1915 manifestus
1122 1868 1178 1915 et
1204 1860 1451 1930 locuples
1469 1861 1623 1916 testis
1643 1869 1747 1924 est,
1767 1861 1974 1930 quippe

391 1953 486 2023 qui
520 1961 759 2022 quatuor
801 1955 1087 2024 generales
1129 1953 1378 2009 continet
1429 1952 1694 2017 unitates,
1739 1967 1975 2021 quarum

391 2044 570 2113 prima
617 2044 842 2114 quidem
878 2054 963 2100 est
991 2046 1169 2115 prima
1209 2046 1415 2109 unitas,
1445 2044 1686 2099 secunda
1718 2058 1851 2098 vero
1892 2051 1977 2098 est

391 2133 654 2189 denarius
674 2149 963 2199 numerus,
994 2135 1159 2190 tertia
1198 2134 1577 2198 centenarius,
1624 2141 1820 2203 quarta
1859 2147 1979 2187 mo-

392 2240 494 2281 nas
536 2236 622 2281 est
663 2226 1009 2281 millenarius
1054 2241 1344 2282 numerus.
1400 2226 1601 2281 Harum
1655 2227 1803 2280 enim
1840 2241 1978 2280 una-

392 2329 649 2384 quaaque,
688 2317 867 2386 prima
905 2316 1141 2371 monade
1176 2324 1425 2386 excepta,
1466 2322 1523 2370 et
1565 2329 1761 2396 manas
1788 2322 1874 2369 est
1922 2325 1979 2370 et

392 2407 561 2462 decas
585 2424 600 2461 :
627 2422 822 2463 monas
851 2406 1077 2477 quidem
1111 2423 1301 2461 earum
1335 2423 1458 2477 qua:
1487 2418 1614 2476 post
1652 2422 1710 2462 se
1739 2421 1979 2476 sequun-

392 2508 507 2561 tur,
547 2510 609 2555 nt
662 2500 717 2554 in
766 2515 825 2556 se
879 2501 997 2571 ipsa
1044 2500 1373 2570 composita,
1423 2510 1588 2571 atque
1631 2501 1978 2571 decuplando

392 2590 568 2659 ipsius
598 2590 860 2645 decadem
892 2591 1223 2657 conficiens;
1260 2594 1429 2648 decas
1464 2609 1619 2657 vero,
1658 2595 1775 2648 sive
1810 2594 1977 2648 dena-

391 2680 511 2732 l'illS
545 2694 815 2735 numerus
861 2688 921 2733 ut
958 2697 1152 2735 earum
1208 2698 1331 2751 quas
1361 2692 1486 2736 ante
1515 2699 1573 2737 se
1599 2691 1727 2737 ευιιι
1756 2698 1980 2753 compo-

390 2770 650 2825 sitionem
710 2772 767 2825 in
826 2774 1065 2840 seipsam
1109 2774 1587 2839 circumcludens;
1634 2776 1979 2830 millenarius

389 2877 523 2917 vero
547 2878 813 2935 numerus
836 2864 1295 2934 quadruplicatus
1327 2867 1495 2921 eflicit
1521 2876 1761 2935 qualuor
1785 2868 1975 2921 millia.

389 2955 489 3008 Est
512 2953 679 3024 igitur
697 2931 875 3024 prima
912 2971 1106 3010 monas
1127 2957 1372 3026 mystica:
1402 2959 1710 3028 symbolum
1757 2959 1978 3013 theolo-

389 3050 513 3119 giaa,
537 3050 708 3103 altera
729 3050 929 3105 divina:
950 3050 1381 3121 dispensationis
1404 3060 1460 3105 et
1477 3052 1740 3106 bonitatis
1769 3052 1972 3123 imago,

2075 1861 2258 1915 αὐτῶν
2280 1860 2537 1932 ἀρίδηλος
2565 1862 2775 1933 μάρτυς
2798 1863 2915 1915 ἐστί
2939 1862 3305 1932 τελειότητος,
3335 1863 3412 1926 ὡς
3428 1864 3532 1927 τὰς
3547 1863 3693 1916 τέσ-

2078 1967 2251 2023 σαρας
2295 1950 2525 2019 γενικὰς
2570 1950 2844 2022 περιέχων
2894 1944 3171 2022 μονάδας,
3221 1947 3298 2006 ὧν
3338 1951 3532 2023 πρώτη
3570 1954 3687 2022 μέν

2076 2043 2224 2095 ἐστιν
2251 2043 2284 2113 ὴ
2312 2041 2502 2113 πρώτη
2527 2042 2715 2112 μονάς,
2734 2043 2964 2116 δευτέρα
2985 2046 3041 2098 δὲ
3069 2045 3239 2115 μονάς
3259 2047 3409 2098 ἐστιν
3426 2048 3459 2114 ὴ
3482 2045 3681 2109 δεκὰς,

2076 2133 2236 2203 τρίτη
2284 2133 2342 2186 δὲ
2401 2134 2569 2203 μονάς
2614 2136 2763 2187 ἐστιν
2817 2136 2850 2203 ἡ
2903 2135 3235 2201 ἑκατοντὰς,
3289 2135 3386 2189 καὶ
3432 2135 3682 2204 τετάρτη

2081 2223 2251 2294 μονάς
2295 2224 2444 2277 ἐστιν
2490 2224 2522 2295 ἡ
2571 2224 2770 2294 χιλιάς.
2807 2224 3046 2295 Ἐκάστη
3077 2225 3190 2294 γὰρ
3223 2225 3460 2291 τούτων,
3499 2216 3683 2296 χωρὶς

2076 2315 2175 2384 τῆς
2217 2313 2441 2386 πρώτης
2489 2314 2755 2385 μονάδος,
2817 2316 2917 2369 καὶ
2972 2317 3145 2387 μονάς
3184 2317 3303 2370 ἐστι
3350 2318 3447 2369 καὶ
3481 2316 3676 2379 δεκάς

2088 2407 2256 2477 μονὰς
2302 2407 2403 2476 μὲν
2448 2407 2560 2461 τῶν
2609 2406 2725 2477 μετ’
2750 2408 2963 2475 αὐτὴν,
3020 2408 3096 2470 ὡς
3144 2409 3225 2472 εἰς
3255 2407 3456 2478 ἑαυτὴν
3486 2424 3676 2461 συντι-

2079 2498 2305 2567 θεμένη,
2356 2499 2452 2553 καὶ
2480 2498 2559 2565 τῷ
2582 2498 3053 2569 δεκαπλασιασμῷ
3081 2499 3183 2569 τὴν
3213 2499 3400 2570 (259
3420 2498 3470 2570 ὁ)
3498 2499 3673 2568 αὐτῆς

2078 2588 2461 2659 ἀπαρτίζουσα
2506 2589 2706 2644 δεκάδα
2732 2607 2746 2622 ο
2805 2590 2972 2654 δεκὰς
2999 2590 3079 2655 δὲ,
3116 2590 3193 2654 ώς
3222 2589 3333 2642 τῶν
3365 2589 3474 2660 πρὸ
3499 2589 3673 2659 αὐτῆς
3738 2641 3751 2651 ,

2082 2684 2326 2755 μονάδων
2378 2685 2478 2756 τὴν
2527 2682 2781 2737 σύνθεσιν
2834 2685 2916 2748 εἰς
2959 2684 3163 2751 ἑαυτὴν
3211 2683 3669 2753 περιγράφουσα’

2080 2775 2257 2846 χιλιὰς
2285 2774 2341 2828 δὲ
2382 2774 2832 2845 τετραπλουμένη
2862 2773 3329 2844 τετρακισχιλίους
3355 2772 3666 2841 ὑφίστησιν.

2084 2870 2274 2920 Ἔστιν
2300 2864 2393 2921 οὖν
2425 2868 2458 2936 ἠ
2492 2866 2682 2937 πρώτη
2717 2867 2886 2937 μονάς
2921 2866 3197 2937 μυστικῆς
3223 2865 3504 2932 θεολογίας
3529 2864 3669 2933 σύμ-

2081 2958 2269 3023 ϐολον,
2331 2960 2364 3027 ἡ
2407 2958 2464 3010 δὲ
2511 2958 2745 3028 δευτέρα
2790 2958 2958 3028 μονὰς
3010 2956 3162 3021 θείας
3209 2957 3527 3026 οἰκονομίας
3574 2954 3669 3009 καὶ

2085 3050 2422 3118 ἀγαθότητος
2467 3050 2638 3113 τύπος
2663 3089 2678 3113 ,
2743 3050 2865 3119 ἡδὲ
2907 3049 3068 3121 τρίτη
3115 3049 3283 3119 μονὰς
3338 3048 3541 3119 ἀρετῆς
3576 3047 3669 3100 καὶ

391 3140 555 3193 tertia
580 3154 771 3193 monas
796 3138 1021 3194 virtutis
1045 3147 1101 3194 et
1127 3139 1462 3209 cognitionis
1480 3150 1563 3194 est
1593 3141 1974 3207 simulacrum,

2087 3109 2341 3210 γνώσεώς
2370 3109 2517 3195 ἐστιν
2544 3109 2729 3205 εἰκών,
2764 3109 2869 3195 ’καὶ
2904 3109 3202 3212 η’τετάρτη
3229 3109 3398 3211 μονὰς
3424 3109 3673 3210 τῆςκαθο

389 3239 591 3301 quarta
637 3224 879 3300 denique
930 3246 1127 3285 monas
1156 3232 1431 3301 generalis
1459 3248 1649 3286 rerum
1680 3248 1803 3301 quae
1836 3232 1982 3288 exsi-

387 3329 548 3378 stunt
584 3321 1022 3394 regenerationis
1050 3322 1342 3377 divinioris
1373 3324 1767 3378 manifestatio.

494 3508 618 3565 Alia
664 3506 1039 3580 contemplatio
1070 3509 1125 3562 in
1155 3509 1514 3579 septenarium
1566 3525 1867 3566 numerum.

457 3618 820 3691 Septenarius
850 3628 1036 3675 autem
1072 3627 1388 3688 sportarum
1435 3635 1700 3674 numerus
1733 3620 1843 3675 alio
1885 3635 1975 3675 se-

388 3713 636 3771 cundum
676 3712 1016 3783 superiorem
1072 3712 1237 3767 modo
1288 3712 1593 3783 inspectus,
1656 3720 1711 3766 ut
1760 3712 1975 3778 dicunt,

389 3804 665 3872 signiﬁcat
716 3804 1043 3874 sapientiam
1087 3813 1143 3859 et
1170 3804 1545 3877 prudentiam,
1582 3804 1724 3858 hanc
1747 3804 1974 3873 quidem

392 3903 457 3952 ut
501 3897 647 3952 circa
688 3912 909 3951 causam
939 3896 1207 3951 trifariam
1251 3911 1373 3951 sese
1405 3905 1612 3960 mente,
1639 3897 1787 3949 illam
1821 3895 1971 3949 circa

387 4000 457 4044 ea
499 4003 622 4058 qua:
662 3996 791 4059 post
833 4004 1055 4046 causam
1116 3997 1173 4042 et
1228 3987 1380 4042 circa
1432 4002 1654 4042 causam
1703 3997 1832 4041 sunt
1888 4001 1978 4038 ra-

393 4077 545 4139 tione
576 4094 677 4148 per
714 4094 938 4134 causam
968 4078 1320 4148 quadruplici
1357 4077 1523 4132 modo
1552 4093 1610 4133 sc
1640 4084 1975 4131 moventem.

389 4167 663 4224 Neutrum
700 4170 871 4240 igitur
896 4169 1295 4223 irrationaliter
1333 4183 1363 4223 a
1401 4168 1630 4223 Don'ino
1656 4167 1863 4221 factum
1895 4174 1980 4221 est

390 4263 700 4318 secundum
735 4279 994 4335 magnum
1029 4262 1179 4316 hunc
1215 4262 1566 4332 magistrum,
1615 4276 1719 4316 nec
1763 4260 1978 4331 Spiritu

333 4352 336 4356 ’
389 4351 638 4425 indigne.

2081 3233 2203 3287 όλου
2238 3232 2349 3288 τῶν
2378 3233 2548 3287 ὄντων
2577 3231 2860 3301 θειοτέρας
2894 3232 3313 3303 μεταποιήσεως
3339 3231 3602 3303 δήλωσις..

2361 3512 2547 3577 Ἄλλη
2580 3509 2792 3577 θεωρία
2822 3510 2909 3573 εἰς
2929 3507 3036 3561 τὸν
3064 3505 3109 3567 Il
3127 3507 3402 3576 ἀριθμόν.

2163 3623 2223 3675 '0
2266 3623 2323 3676 δὲ
2378 3621 2519 3676 ἑπτὰ
2565 3620 2797 3691 ἀριθμὸς
2860 3619 2969 3672 τῶν
3015 3618 3294 3689 σπυρίδων
3350 3619 3473 3672 κατ’
3511 3618 3667 3672 ἄλλον

2084 3716 2223 3785 πρὸς
2271 3713 2348 3783 τῷ
2391 3714 2646 3784 προτέρῳ
2682 3710 3061 3780 θεωρούμενος
3093 3709 3283 3780 τρόπῳ
3309 3750 3324 3774 ,
3374 3710 3452 3773 ὣς
3481 3729 3670 3781 φασιν,

2082 3805 2336 3875 ἐμφαίνει
2368 3805 2560 3873 σοφίαν
2591 3805 2688 3856 καὶ
2716 3802 3008 3872 φρόνησιν,
3047 3801 3151 3872 τὴν
3180 3801 3278 3870 μὲν
3309 3802 3386 3865 ὠς
3418 3803 3548 3872 περὶ
3574 3802 3665 3871 τήν

2078 3897 2259 3951 αἰτίαν
2293 3895 2531 3966 τρισσῶς
2566 3893 2708 3949 κατά
2738 3892 2860 3946 νοῦν
2894 3892 3228 3962 κινουμένην
3249 3934 3263 3958 ,
3315 3893 3416 3962 τὴν
3448 3892 3508 3946 δὲ
3542 3893 3666 3962 περὶ

2074 3990 2141 4043 τὰ
2170 3989 2308 4059 μετά
2330 3990 2430 4059 τὴν
2455 3986 2635 4042 αἰτίαν
2666 3971 2918 4056 καὶπερὶ
2944 3982 3040 4054 τὴν
3064 3982 3247 4037 αἰτίαν
3272 3983 3401 4038 ὄντα
3427 3984 3571 4038 κατά
3590 3983 3667 4036 λό-

2076 4096 2171 4147 γον
2202 4077 2291 4131 διά
2319 4079 2416 4148 τὴν
2443 4077 2623 4130 αἰτίαν
2662 4075 2945 4146 τετραχῶς
2972 4075 3327 4143 κινουμένην.
3363 4076 3665 4143 υὺθέτερον

2075 4167 2168 4220 οὖν
2195 4167 2407 4233 ἀλόγως
2438 4164 2590 4234 παρά
2615 4164 2711 4217 τοῦ
2738 4163 2948 4235 Κυρίου
2976 4161 3269 4232 γεγένηται
3296 4164 3442 4217 κατά
3462 4165 3555 4218 τὸν
3578 4165 3668 4234 μέ-

2076 4275 2179 4327 γαν
2210 4255 2400 4311 τοῦτον
2424 4255 2765 4321 διδάσκαλον,
2799 4254 2920 4308 οὐδὲ
2944 4254 3178 4320 ἀναξίως
3203 4254 3298 4308 τοῦ
3317 4255 3660 4326 Πνεύματος.

389 4532 478 4593 Ea:
519 4537 697 4591 eodem
734 4552 997 4601 sermone,
1050 4538 1106 4591 in
1152 4537 1288 4591 illud
1336 4552 1355 4592 :
1410 4557 1427 4588 ι
1457 4536 1626 4608 Atque
1672 4539 1974 4609 gratiarum

2088 4537 2191 4590 Ἕκ
2222 4531 2329 4586 τοῦ
2357 4530 2546 4586 αὐτοῦ
2571 4532 2780 4601 λόγου,
2813 4534 2901 4596 εις
2924 4533 3025 4585 τόο
3066 4550 3085 4583 ι
3120 4532 3226 4586 Καὶ
3256 4533 3387 4586 ἔστι
3415 4531 3666 4602 διαίρορὰ

459 4626 738 4690 diuersitas
791 4636 888 4692 est,
942 4627 1051 4682 alia
1084 4629 1261 4699 grqtia
1294 4644 1422 4698 opus
1450 4628 1645 4682 habens
1684 4628 1755 4684 ad
1784 4630 1977 4684 discer-

459 4717 693 4774 nendum
746 4734 994 4789 quamam
1022 4718 1089 4772 sit
1140 4720 1484 4788 prastantior
1513 4728 1556 4776 θ.
1595 4736 1613 4769 ι

461 4828 770 4889 Diversitas
797 4831 1097 4902 gratiarum
1128 4847 1250 4901 quae
1280 4831 1385 4886 alia
1418 4831 1592 4901 gratia
1635 4831 1804 4887 habet
1835 4848 1976 4903 opus

390 4919 464 4978 ad
486 4921 936 4991 discernendum,
969 4923 1274 4979 secundum
1309 4940 1565 4994 magnum
1599 4924 1748 4980 hunc
1777 4925 1973 4980 docto-

392 5028 511 5067 rem
564 5015 855 5083 prophetia
912 5023 1020 5078 est,
1070 5015 1537 5085 quemadmodum
1591 5017 1859 5080 arbitror,
1916 5023 1973 5071 et

395 5102 588 5173 linguis
642 5104 785 5174 loqui
833 5106 878 5159 τ.
912 5106 1209 5176 Prophetia
1254 5107 1403 5162 enim
1438 5121 1577 5176 opus
1606 5107 1772 5161 habet
1794 5108 1971 5178 gratia

395 5193 693 5261 spirituum
716 5196 1238 5261 discernendorum,
1258 5197 1325 5251 ad
1357 5198 1803 5268 cognoscendum
1825 5214 1974 5267 qua:-

394 5296 524 5345 nam
574 5295 630 5340 et
677 5288 824 5344 unde
857 5297 913 5343 et
951 5305 1063 5360 quo
1092 5290 1275 5346 ferens
1309 5299 1366 5345 et
1400 5289 1712 5361 cujusmodi
1744 5289 1975 5359 spiritus

463 5428 491 5457 ο
517 5419 535 5471 1
562 5419 686 5474 Cor.
719 5439 818 5485 xu,
848 5425 914 5489 4,
956 5427 1008 5480 9.
1085 5423 1106 5464 ί
1135 5426 1256 5481 Act.
1312 5444 1371 5493 ιι,
1403 5427 1456 5480 4.

2148 4622 2561 4695 χαρισμάτων,
2614 4623 2809 4676 ἄλλου
2833 4622 3084 4693 δεομένη
3115 4624 3489 4693 χαρίσματος
3520 4626 3662 4692 πρὸς

2146 4719 2449 4787 διάκρισιν
2478 4716 2587 4771 τοῦ
2602 4718 2927 4783 ,βελτίονος
2949 4716 3083 4787 (66).
3109 4736 3129 4769 ι

2155 4833 2222 4885 Ἥ
2271 4831 2507 4903 διαφορὰ
2557 4830 2666 4884 τῶν
2714 4830 3073 4901 χαρισμάτων
3135 4832 3168 4901 ή
3222 4829 3387 4884 ἄλλου
3436 4828 3663 4900 δεομένη

2073 4924 2411 4995 χαρίσματος
2463 4922 2599 4993 πρὸς
2645 4922 2920 4993 διάκρισιν
2969 4922 3114 4975 κατά
3144 4922 3236 4974 τὸν
3273 4924 3448 4993 μέγαν
3477 4922 3663 4976 τοῦτον

2077 5014 2398 5069 διδάσκαλόν
2444 5014 2624 5076 ἐστιν,
2663 5015 2697 5084 ἡ
2740 5014 3071 5084 προφητεία,
3107 5012 3291 5076 καθὼς
3322 5008 3478 5081 οἶμαι
3502 5055 3517 5075 .
3574 5012 3664 5067 καὶ

2075 5106 2137 5159 τὸ
2165 5104 2378 5160 λαλεῖν
2407 5104 2735 5174 γλώσσαις.
2777 5105 2842 5158 Ἡ
2880 5106 2978 5175 μὲν
3009 5105 3120 5177 γὰρ
3151 5108 3464 5177 προφητεία
3497 5106 3663 5160 δεῖται

2074 5198 2166 5251 τοῦ
2214 5197 2550 5268 χαρίσματος
2620 5198 2718 5269 τῆς
2770 5198 3098 5268 διακρίσεως
3152 5199 3262 5252 τῶν
3312 5201 3662 5267 πνευμάτων,

2079 5292 2215 5359 πρὸς
2260 5291 2319 5344 τὸ
2357 5289 2671 5359 γνωσθῆναι
2702 5290 2785 5354 τίς
2827 5289 2924 5343 καὶ
2952 5289 3115 5345 πόθεν
3165 5290 3261 5344 καὶ
3290 5289 3393 5344 ποῦ
3420 5290 3680 5365 φέρουσα.

467 5525 578 5590 (66)
608 5529 767 5592 Grec.
818 5534 947 5589 Naz.
986 5535 1137 5591 Orat.
1169 5539 1223 5593 in
1257 5537 1547 5593 Petttccost.
1582 5556 1700 5605 cap.
1750 5540 1832 5605 16,
1867 5556 1918 5607 p.
1963 5540 2084 5607 745,
2118 5548 2251 5596 tom.
2287 5540 2307 5595 Ι
2343 5540 2482 5610 Opp.
2511 5540 2627 5597 edit
2651 5538 2862 5597 Bcned.
