3938 6148
387 215 524 282 1405

1588 227 2108 289 AMBIGUORUM
2142 227 2397 290 LIBER.

3491 233 3627 299 “06

375 333 472 385 καὶ
504 331 658 384 ποίου
689 330 1000 402 πνεύματός
1025 332 1159 399 ἐστι,
1192 334 1286 388 καὶ
1311 335 1380 389 δι’
1400 335 1467 408 ἥν
1491 335 1688 402 αἰτίαν,
1724 341 1798 410 μή
1825 358 1936 404 πως

2046 341 2137 406 sit,
2178 349 2237 397 et
2279 357 2446 412 quam
2481 340 2690 398 habent
2733 359 2978 430 causam,
3019 363 3090 402 ne
3126 346 3270 404 forte
3317 365 3498 419 nugax
3529 351 3622 412 sit.

378 423 658 494 φλήναφός
691 425 804 476 ἐστι
829 466 844 488 ,
905 424 1065 494 μόνον
1095 426 1216 497 εικῆ
1251 431 1634 501 προφερομένη
1653 433 1700 465 η
1749 436 1812 508 ἐκ
1850 437 1950 507 τῆς

379 514 516 568 κατὰ
541 514 602 566 τὸ
625 515 952 584 ἡγεμονικὸν
983 516 1190 588 βλάϐης
1222 518 1318 570 τοῦ
1349 519 1624 588 λέγοντος,
1660 524 1692 594 ἦ
1725 527 1948 582 αὐτοκί-

373 605 534 675 me;
575 621 659 668 τις
703 605 848 677 ὁρμὴ
891 607 986 660 τοῦ
1029 607 1192 678 δῆθεν
1227 612 1698 682 προφητεύοντος,
1755 619 1812 684 ἐξ
1846 621 1950 689 ἀγ..

373 697 580 767 χινοίας
631 697 759 766 περί
804 712 968 751 τινων
1016 701 1262 766 φυσικῶς
1307 703 1450 756 κατὰ
1477 703 1634 771 λόγον
1664 706 1752 760 διὰ
1782 711 1950 764 πολυ-

375 787 595 856 πειρίαν
622 789 1064 858 τεκμαιρομένου
1093 793 1468 862 πραγμάτων,
1521 795 1553 866 ἢ
1587 796 1679 850 τοῦ
1711 800 1947 871 πονηροῦ

371 880 466 932 καὶ
530 873 916 949 δαιμονιώδους
975 881 1284 951 πνεύματος
1312 925 1328 949 ,
1395 885 1597 957 (260
1631 890 1700 958 a)
1761 890 1948 961 ὥσπερ

370 971 431 1023 ὲν
459 969 726 1039 Μοντανῷ
775 971 868 1022 καὶ
900 973 1010 1034 τοῖς
1049 973 1242 1040 ἐκείνῳ
1277 977 1678 1046 παραπλησίοις
1715 981 1828 1033 ἐστὶ
1856 997 1948 1034 τει-

372 1062 660 1131 ρατολογία
690 1063 749 1114 ἂν
778 1064 1121 1134 προφητείας
1149 1065 1282 1120 εῖδει
1310 1067 1370 1119 τὺ
1397 1067 1710 1136 λεγόμενον,
1735 1071 1766 1141 ἢ
1790 1073 1948 1141 δόξης

369 1153 556 1208 ἕνεκεν
585 1155 750 1222 κενῆς
781 1157 895 1216 τοῖς
920 1155 1096 1208 ἄλλων
1126 1155 1284 1220 ἄλλος
1316 1157 1476 1227 τυχὸν
1507 1160 1826 1230 ἁϐρύνεται,
1860 1162 1948 1215 λέ-

369 1255 484 1313 γων
529 1258 590 1296 τε
644 1245 738 1298 καὶ
780 1246 1084 1314 πομπεύων
1131 1246 1276 1319 ειπερ
1309 1249 1471 1313 αὐτὸς
1507 1251 1604 1304 οὑκ
1631 1253 1944 1322 ἐγέννησεν,

369 1336 512 1407 ὑπὲρ
537 1335 629 1390 τοῦ
656 1335 1041 1407 θαυμασθῆναι
1064 1337 1417 1410 ψευδόμενος,
1446 1342 1541 1396 καὶ
1566 1343 1775 1412 πατέρα
1797 1344 1948 1397 νόθον

367 1429 620 1496 ὀρφανῶν
651 1427 826 1496 λόγων
873 1430 969 1482 καὶ
1012 1431 1300 1502 νοημάτων
1333 1434 1528 1488 ἑαυτὸν
1571 1435 1713 1506 ὑπὲρ
1739 1435 1832 1488 τοῦ
1862 1436 1949 1490 δύο

367 1519 454 1587 ξαι
478 1513 639 1588 σοφός
661 1537 744 1585 τις
775 1517 914 1574 εἶναι
955 1523 1358 1592 προϐάλλεσθαι
1399 1526 1500 1579 οὐκ
1527 1527 1942 1597 αἰσχυνόμενος.

365 1609 669 1680 Προφῆται
695 1615 804 1682 γὰρ
819 1613 882 1676 ,β’
893 1654 906 1672 .
931 1613 1097 1683 φησὶν
1126 1617 1153 1666 ό
1177 1614 1320 1677 θεῖος
1351 1617 1694 1681 ’Λπὸστολος,
1723 1619 1763 1686 ἢ
1789 1618 1946 1686 τρεῖς

2050 440 2262 488 temere
2297 435 2478 500 solum
2528 437 2742 506 prolata
2789 453 2857 492 ex
2895 439 3034 494 vitio
3081 441 3426 510 principatus
3457 440 3626 495 animi

2049 525 2170 594 ejus
2228 527 2320 596 qui
2381 527 2650 596 loquitur,
2689 538 2783 583 aut
2861 540 3042 586 motus
3113 543 3450 601 spontaneus
3506 533 3627 602 ejus

2048 617 2308 674 videlicet
2371 621 2464 690 qui
2527 620 2856 690 prophetat,
2928 638 2996 676 ex
3064 622 3268 692 ingenii
3327 622 3627 692 sagacitate

2049 707 2118 762 de
2165 709 2460 764 multarum
2507 725 2692 764 rerum
2723 709 3064 780 experientia
3108 709 3257 764 docti
3295 711 3624 764 naturaliter

2048 797 2116 852 de
2167 797 2493 867 quibusdam
2542 799 2710 854 rebus
2749 798 3056 853 secundum
3112 799 3384 853 rationem
3441 799 3628 868 conje-

2048 888 2272 950 ctantis,
2316 897 2412 942 aut
2454 903 2690 958 nequam
2735 895 2794 944 et
2823 888 3146 943 daemoniaci
3194 887 3444 958 spiritus,
3481 887 3628 942 sicut

2049 981 2104 1036 in
2138 981 2397 1037 Montano
2426 991 2483 1036 et
2507 983 2627 1053 ejus
2653 983 2930 1037 similibus
2952 981 3100 1052 quod
3131 981 3467 1052 praedicatur
3491 995 3624 1050 pro-

2033 1073 2259 1143 digiosa
2295 1076 2474 1130 oratio
2508 1080 2591 1128 est
2626 1074 2929 1143 prophetiae
2968 1074 3145 1128 forma
3167 1073 3391 1136 vestita,
3417 1080 3513 1126 aut
3553 1086 3624 1126 ne

2048 1166 2292 1236 gloriolae
2329 1181 2484 1220 vanae
2529 1165 2728 1220 alienis
2772 1167 2934 1230 alius,
2977 1175 3145 1236 prout
3186 1179 3346 1220 casus
3388 1164 3515 1226 fert,
3565 1177 3627 1217 se

2048 1263 2298 1320 exornet,
2322 1255 2558 1325 loquens
2586 1257 2874 1326 magnifice
2913 1265 3079 1326 atque
3117 1258 3334 1328 jactans
3357 1271 3480 1325 quae
3505 1254 3626 1324 ipse

2047 1363 2159 1401 non
2183 1345 2418 1416 peperit,
2441 1346 2820 1401 admirationis
2842 1347 3250 1402 commovenda:
3271 1347 3442 1418 gratia
3471 1361 3628 1400 men-

2049 1439 2174 1500 dax,
2211 1452 2377 1507 quem
2429 1452 2541 1492 non
2585 1437 2792 1506 pudeat
2841 1447 3056 1508 patrem
3107 1453 3230 1492 sese
3279 1439 3511 1491 nothum
3568 1444 3627 1490 et

2047 1525 2420 1601 adulterinum
2455 1525 2716 1579 orbarum
2747 1525 3058 1580 orationum
3095 1542 3160 1581 ac
3204 1525 3622 1596 c0gitationum,

2047 1629 2109 1675 ut
2153 1621 2373 1690 sapiens
2416 1617 2616 1688 aliquis
2666 1633 2790 1673 esse
2839 1618 3118 1684 videatur,
3161 1625 3616 1689 repraesentasse.

363 1679 895 1768 Iade/ruantqnal
921 1679 976 1757 δι
994 1679 1178 1758 ἄλλοι
1199 1679 1688 1774 διακρινέτωσακξ
1711 1679 1867 1768 Ἰίίνες
1882 1679 1936 1761 δέ

2045 1679 2319 1780 Propheta:
2352 1679 2661 1774 enim-duo,
2694 1711 2772 1764 ait
2799 1709 3021 1766 divinus
3049 1679 3366 1782 Apostolus,
3399 1710 3482 1764 vel
3507 1719 3614 1764 tres

363 1795 724 1864 τυγχάνουσιν
774 1795 824 1848 οἱ
871 1795 1062 1860 ἄλλοις
1115 1795 1354 1868 δηλονότι
1397 1798 1446 1850 οί
1475 1799 1536 1851 τὸ
1563 1799 1809 1868 χάρισμα
1840 1798 1938 1866 τῆς

361 1884 688 1956 διακρίσεως
730 1885 946 1956 ἔχοντες
991 1886 1104 1940 τῶν
1146 1889 1496 1958 πνευμάτων.
1551 1891 1732 1942 Δεῖται
1761 1888 1941 1942 τοίνυν

361 1973 398 2046 ἡ
425 1976 526 2047 μὲν
551 1976 878 2047 προφητεία,
914 1976 1098 2040 καθὼς
1121 1976 1280 2049 ἔφην,
1331 1979 1430 2048 τῆς
1469 1979 1794 2048 διακρίσεως
1834 1977 1942 2030 τῶν

361 2067 720 2135 πνευμάτων,
764 2067 850 2122 ἵνα
883 2067 1102 2137 γνωσθῇ
1140 2067 1236 2121 καὶ
1267 2067 1533 2140 πιστευθῇ
1565 2069 1660 2122 καὶ
1687 2068 1938 2140 ἐγκριθῇ,

359 2158 425 2214 τὸ
450 2156 508 2212 δὲ
547 2160 794 2230 χάρισμα
829 2158 938 2212 τῶν
963 2159 1226 2226 γλωσσῶν
1275 2160 1449 2214 δεῖται
1479 2159 1572 2213 τοῦ
1599 2161 1942 2232 χαρίσματος

357 2253 458 2322 τῆς
489 2251 819 2322 ἑρμηνείας,
873 2251 960 2304 ἵνα
999 2251 1073 2322 μὴ
1103 2249 1228 2322 δόξῃ
1262 2254 1372 2316 τοῖς
1409 2251 1676 2323 παροῦσιν
1709 2251 1738 2304 ὁ
1764 2249 1942 2304 τοιοῦ-

358 2360 453 2408 τος
489 2343 775 2415 μαίνεσθαι
799 2384 814 2407 ,
871 2342 946 2414 μὴ
975 2343 1278 2414 δυναμένου
1312 2343 1458 2406 τινος
1490 2343 1601 2396 τῶν
1633 2342 1942 2396 ἀκουόντων

359 2433 848 2514 παρακολουθῆσαι
875 2437 988 2499 τοῖς
1017 2437 1179 2489 λαλου
1191 2437 1392 2506 μένοις.
1433 2433 1571 2514 Ἐὰν
1603 2432 1738 2504 γὰρ,
1776 2433 1942 2504 φησὶν

361 2529 392 2584 ὁ
412 2504 585 2600 μέγας
615 2504 962 2591 Ἀπόστολος,
987 2504 1229 2582 λαλεῖτε
1253 2504 1581 2597 γλώσσαις,
1605 2525 1850 2593 εἰσέλθῃ
1873 2525 1942 2579 δέ

361 2635 449 2684 τις
475 2619 733 2684 ἄπιστος
759 2617 796 2686 ἢ
823 2617 1078 2685 ἰδιώτης,
1111 2619 1220 2670 οὐκ
1246 2615 1494 2684 ἐροῦσιν
1520 2615 1607 2668 ὅτι
1622 2615 1910 2683 μαίνεσθε
1920 2629 1940 2678 ;

360 2709 473 2762 Καὶ
509 2707 722 2762 κελεύει
753 2709 956 2779 μᾶλλον
990 2709 1202 2778 σιωπᾷν
1230 2707 1322 2760 τὸν
1350 2705 1615 2760 λαλοῦντα
1640 2704 1938 2772 γλώσσαις,

359 2799 457 2854 ἐὰν
506 2799 582 2871 μὴ
703 2801 732 2853 ὀ
764 2800 1160 2870 διερμηνεύων.
1200 2799 1273 2852 Τὸ
1301 2797 1356 2852 δὲ
1395 2818 1413 2850 ι
1447 2797 1588 2868 Πρὸς
1617 2797 1888 2865 διάκρισιν
1917 2817 1934 2848 ι

359 2890 527 2960 φάναι
577 2891 672 2944 τὸν
713 2891 1035 2944 διδάσκαλον
1093 2907 1111 2941 ι
1145 2889 1240 2942 τοῦ
1289 2887 1588 2959 βελτίονος,
1619 2906 1638 2939 ι
1693 2887 1857 2954 φασὶν
1889 2887 1939 2940 οί

2043 1803 2347 1874 loquantur,
2387 1811 2435 1856 et
2467 1803 2642 1856 δαεῖεν-ί
2673 1802 2962 1872 dijudicent
2985 1803 3032 1856 ε.
3057 1801 3292 1868 Quinam
3323 1817 3458 1856 vero
3487 1810 3620 1858 sunt

2041 1886 2261 1947 ueteri?
2296 1891 2555 1944 nimirum
2588 1891 2663 1944 illi
2688 1891 2781 1961 qui
2807 1890 3288 1962 dijudicandorum
3324 1891 3619 1961 spirituum

2037 1985 2268 2056 gratiam
2319 1983 2548 2037 habent.
2604 1982 2792 2052 Itaque
2843 1983 3156 2053 prophetia,
3211 1983 3295 2038 uti
3343 1983 3617 2048 dicebam,

2039 2090 2178 2145 opus
2203 2074 2370 2128 habet
2387 2081 2447 2128 ut
2469 2073 2698 2143 spiritus
2723 2073 2974 2145 judicare
2995 2075 3191 2144 possit,
3228 2083 3291 2130 ut
3316 2088 3620 2146 cognosca-

2039 2173 2133 2221 tur
2172 2174 2230 2220 ct
2268 2165 2530 2220 credatur
2575 2172 2634 2220 et
2691 2165 3053 2234 approbetur,
3093 2165 3406 2234 linguarum
3435 2173 3620 2220 autem

2041 2257 2212 2328 gratia
2253 2271 2394 2326 opus
2435 2256 2607 2312 habet
2653 2256 3134 2327 interpretationis
3165 2257 3365 2326 gratia,
3421 2271 3490 2311 ne
3537 2256 3622 2312 eis

2041 2349 2136 2418 qui
2175 2348 2380 2402 adsunt
2417 2348 2690 2418 eiusmodi
2733 2349 2980 2404 insanire
3019 2349 3295 2415 videatur,
3346 2366 3473 2406 cum
3516 2367 3618 2414 au.-

2039 2437 2309 2492 dientium
2375 2453 2540 2492 nemo
2612 2437 2831 2507 assequi
2895 2439 3043 2495 dicta
3096 2441 3295 2510 possit.
3346 2440 3487 2496 Nam
3547 2442 3615 2506 si,

2039 2543 2272 2600 magnus
2303 2529 2487 2598 inquit
2512 2529 2830 2598 Apostolus,
2866 2530 3062 2602 linguis
3105 2533 3417 2603 loquamini,
3457 2534 3619 2587 intret

2037 2629 2215 2677 autem
2255 2623 2372 2691 quis
2415 2621 2666 2690 inﬁdelis,
2695 2623 2777 2676 vel
2813 2623 3000 2688 idiota,
3047 2640 3221 2679 nonne
3263 2625 3434 2679 dicent
3477 2623 3620 2696 quod

2039 2712 2283 2766 insanitis
2312 2714 2338 2752 ιι
2361 2712 2384 2765 ?
2407 2713 2588 2782 Atque
2635 2713 2872 2782 imperat
2903 2715 3088 2783 potius
3115 2723 3177 2769 ut
3209 2723 3387 2770 taceat
3413 2715 3619 2786 linguis

2038 2804 2290 2872 loquens,
2326 2803 2431 2857 nisi
2455 2803 2627 2858 fuerit
2649 2805 2744 2874 qui
2775 2805 3196 2874 interpretetur.
3236 2805 3392 2872 Quod
3429 2812 3608 2862 autem

2047 2913 2064 2946 ι
2089 2895 2154 2949 ad
2201 2894 2683 2957 discernendum,»
2735 2895 2874 2949 dixit
2910 2897 3189 2966 magister,
3229 2912 3503 2967 «quaenam
3545 2896 3616 2952 sit

354 2985 472 3046 τοῖς
516 2981 684 3047 θείοις
735 2983 826 3036 τὸν
870 2981 996 3036 νοῦν
1047 2981 1530 3048 καταφωτίσαντες
1564 2980 1743 3047 λόγοις
1771 2979 1936 3046 ὑπερ-

2045 2987 2442 3055 prtestantior,¢
2475 3001 2711 3055 quorum
2737 3002 2892 3042 mens
2914 2987 3100 3040 divina
3125 2987 3375 3042 doctrina
3405 2987 3616 3041 illumi-

355 3073 502 3145 ἐχειν
553 3073 614 3127 τὺ
656 3073 758 3142 τῆς
786 3075 1122 3144 προφητείας
1173 3073 1268 3125 καὶ
1305 3072 1366 3124 τὸ
1395 3071 1504 3124 τῶν
1533 3071 1795 3139 γλωσσῶν
1825 3070 1936 3139 χάε-

2045 3085 2165 3131 nata
2187 3086 2292 3141 est,
2322 3079 2357 3132 ii
2387 3087 2650 3148 praestare
2667 3080 2858 3134 dicunt
2886 3081 3193 3150 prOphetiae
3216 3091 3379 3152 atque
3401 3083 3616 3154 lingua-

359 3184 531 3241 ρισμα
558 3169 666 3223 τῶν
691 3165 764 3223 ὧν
791 3170 932 3241 πρὸς
952 3169 1226 3238 διάκρισίν
1249 3186 1308 3222 τε
1337 3171 1434 3222 καὶ
1459 3167 1789 3237 διασάφησιν
1808 3165 1938 3236 χρῄ-

355 3260 510 3326 ζουσι
560 3262 958 3332 χαρισμάτων,
1024 3259 1271 3314 τουτέστι
1317 3261 1420 3328 τῆς
1459 3259 1781 3328 διακρίσεως
1825 3257 1934 3308 τῶν

351 3355 682 3424 πνευμάτων
724 3354 818 3408 καὶ
848 3353 950 3421 τῆς
979 3352 1300 3423 ἑρμηνείας.
1329 3351 1508 3422 Ὅπερ
1539 3350 1698 3412 εἰδὼς
1729 3351 1756 3402 ὁ
1786 3348 1933 3402 διδά-

355 3447 552 3512 σκαλος
583 3446 711 3518 ἔφη,
753 3466 770 3498 ι
796 3445 941 3518 Πρὸς
970 3445 1243 3518 διάκρισιν
1276 3443 1370 3497 τοῦ
1401 3443 1723 3514 βελτίονος.»

358 3627 474 3688 Τοῦ
498 3630 706 3696 αὐτοῦ,
759 3629 830 3685 ἐκ
875 3631 981 3685 τοῦ
1025 3631 1112 3696 είς
1148 3631 1376 3699 Ἥρωνα
1417 3629 1524 3683 τὸν
1585 3629 1931 3698 φιλόσοφον

420 3721 633 3790 λόγου,
663 3725 750 3788 εις
787 3722 874 3776 τό’
909 3740 928 3774 ι
968 3721 1330 3793 Συμϐάματα
1387 3721 1486 3776 καὶ
1539 3718 1932 3788 παρασυμὸἁ-

415 3831 576 3884 ματα
611 3814 742 3886 (67).
779 3833 798 3867 ο

423 3903 698 3974 Σύμϐαμά
735 3905 852 3956 ἐστι
894 3901 1039 3956 κατᾶ
1079 3901 1504 3972 γραμματικοὺς
1561 3902 1828 3973 πρότασις
1871 3899 1932 3965 ἐξ

349 3997 612 4067 ὀνόματος
662 3997 756 4050 καὶ
797 3998 1039 4066 ῥήματος
1090 3992 1356 4064 αὐτοτελῆ
1405 3996 1646 4049 διάνοιαν
1693 3995 1932 4065 ἀπαρτί-

347 4089 539 4154 ζουσα,
567 4090 752 4162 (260
785 4089 834 4156 ὸ)
870 4084 1001 4153 οἷον,
1034 4107 1052 4138 ‹
1088 4087 1341 4151 Ἰωάννης
1369 4091 1714 4156 περιπατεῖ.»
1747 4087 1930 4156 Παρα-

355 4177 625 4250 σύμϐαμσι
653 4178 708 4230 δέ
740 4180 857 4230 ἐστι
886 4177 1151 4246 πρότασις
1179 4175 1236 4242 ἐξ
1267 4175 1530 4245 ὀνόματος
1561 4177 1657 4228 καὶ
1683 4177 1928 4248 ῥήματος

349 4269 452 4322 οὐκ
496 4266 757 4336 αὐτοτελῆ
810 4265 1050 4320 διάνοιαν
1097 4264 1496 4334 ἀπαρτίζουσα,
1543 4259 1655 4316 οἷον
1705 4263 1928 4336 Ἰωάννῃ

355 4357 524 4429 μέλει.
565 4376 586 4409 δ
621 4357 805 4426 Φήσας
829 4351 923 4408 οὖν
951 4372 1056 4418 τις,
1093 4373 1112 4406 ι
1156 4355 1410 4424 Ἰωάννης
1440 4356 1749 4423 περιπατεῖ,
1787 4373 1806 4406 ι
1837 4355 1929 4406 οὺ-

349 4448 500 4514 δενδς
545 4449 736 4521 ἑτέρου
787 4445 1011 4518 χρῄζειν
1051 4445 1253 4510 ἔδειξεν
1283 4465 1296 4480 ·
1337 4445 1508 4500 εἰπὼν
1536 4447 1615 4508 δὲ,
1640 4465 1659 4498 ι
1707 4446 1928 4519 Ἰωάννῃ

354 4539 564 4612 pellat,»
599 4539 730 4610 περὶ
754 4539 901 4600 τίνος
933 4537 1081 4608 αὐτῷ
1123 4538 1276 4610 μέλ-ι
1309 4538 1639 4610 παρέλειψεν
1661 4539 1856 4594 εἰπεῖν.

355 4805 469 4864 Τοῦ
497 4806 686 4864 αὑτοῦ
725 4807 797 4860 ἐκ
825 4807 935 4860 τοῦ
979 4809 1067 4872 εις
1111 4806 1221 4860 τὸν
1253 4806 1426 4875 ἅγιον
1453 4807 1776 4864 Βασίλειον
1799 4809 1926 4864 sm.

341 4966 346 4971 ,
417 4899 656 4968 ταφίου,
694 4901 782 4964 εις
811 4899 898 4952 τό’
935 4917 954 4948 ι
1003 4899 1124 4950 Ἐπ’
1159 4897 1410 4964 οὐδενὸς
1443 4894 1558 4953 οὖν
1582 4898 1704 4952 τῶν
1735 4899 1927 4954 ἁπάντη

417 5006 538 5044 των
555 4991 667 5044 οὐκ
691 4991 863 5044 ἔστιν
887 4989 980 5060 ἐφ’
1009 4989 1122 5056 ὅτῳ
1145 4990 1281 5058 οὐχὶ
1314 4989 1432 5044 τῶν
1450 4989 1733 5044 ἁπάντων
1753 4991 1886 5064 (68).
1901 5009 1921 5044 ι

423 5167 547 5222 Ὀτι
581 5166 711 5220 ποτέ
735 5184 820 5231 τις
853 5165 1176 5237 ἀποδέχεται
1205 5167 1316 5222 τῶν
1349 5167 1549 5235 καλῶν,
1601 5171 1723 5226 κατ’
1751 5173 1928 5226 ἐκεῖνο

419 5278 498 5335 ⁸1
541 5279 670 5336 Cor.
712 5298 822 5350 xlv,
853 5283 944 5340 29.
1013 5281 1040 5322 ιι
1067 5284 1204 5339 ibid.
1232 5285 1322 5340 24.

2035 3183 2160 3223 rum
2197 3169 2426 3238 gratiam
2453 3169 2521 3224 iis
2545 3171 2740 3240 gratiis
2779 3172 2984 3240 quibus
3008 3172 3074 3226 ad
3099 3173 3524 3227 discernendum
3560 3181 3618 3228 et

2032 3262 2420 3330 explicandum
2448 3276 2590 3332 opus
2621 3263 2978 3326 habent,~hoc
3009 3273 3092 3318 est
3129 3265 3480 3320 discernendi
3506 3263 3618 3335 spi-

2031 3351 2175 3404 ritus
2208 3361 2264 3405 et
2296 3353 2716 3421 interpretandi.
2744 3353 2901 3420 Quod
2935 3355 3243 3426 intelligens
3271 3356 3466 3410 doctor
3493 3357 3569 3411 ait
3597 3375 3610 3411 :

2037 3457 2057 3490 ι
2105 3439 2189 3494 Ad
2251 3439 2678 3496 discernendum
2743 3459 2994 3514 quaenam
3049 3446 3402 3515 praestantior
3449 3448 3539 3504 sit.
3586 3467 3606 3500 ι

2030 3624 2310 3697 Ejusdem,
2359 3643 2424 3681 ea:
2465 3645 2708 3682 sermone
2739 3631 2796 3684 in
2844 3631 3106 3686 Heronem
3136 3633 3520 3706 philosOphum,
3553 3637 3612 3694 in

2171 3715 2308 3770 illud
2335 3733 2354 3772 :
2395 3736 2413 3769 ι
2453 3716 2800 3790 Symbamata
2841 3729 2892 3774 et
2919 3725 3414 3794 parasymbamata.
3444 3746 3462 3778 ι

2102 3889 2394 3961 Symbama
2426 3891 2732 3948 secundum
2779 3899 3170 3966 grammaticos
3199 3911 3286 3958 est
3308 3907 3611 3974 propositio

2032 3997 2101 4038 ex
2145 3983 2370 4038 nomine
2415 3992 2473 4038 et
2523 3985 2695 4040 verbo
2737 3987 3048 4043 absolutam
3099 3975 3429 4050 sententiam
3474 4012 3610 4054 con-

2035 4076 2248 4144 ﬁciens,
2299 4086 2360 4133 ut
2411 4079 2726 4149 exemplum
2773 4079 3020 4146 all‘eram,
3077 4101 3096 4133 ι
3129 4084 3368 4141 Joannes
3419 4087 3611 4144 deam-

2029 4170 2206 4226 bulat.
2241 4189 2260 4223 ι
2309 4171 2736 4240 Parasymbama
2783 4181 2968 4227 autem
3035 4181 3123 4229 est
3173 4180 3484 4248 propositio
3542 4199 3610 4239 ex

2030 4254 2256 4320 nomine
2301 4273 2357 4320 et
2407 4265 2578 4321 verbo
2627 4281 2736 4320 non
2783 4266 3090 4322 absolutam
3141 4272 3440 4330 conﬁciens
3486 4292 3610 4336 sen-

2033 4355 2286 4421 tentiam,
2321 4365 2402 4419 ut,
2445 4376 2464 4409 ‹
2497 4357 2692 4413 Joanni
2725 4373 2873 4413 curae
2905 4367 3010 4414 est.
3057 4379 3076 4412 ι
3110 4360 3298 4431 Itaque
3323 4379 3448 4420 cum
3484 4369 3611 4438 quis

2033 4445 2208 4502 dicit:
2247 4465 2265 4499 ι
2293 4447 2534 4504 Joannes
2561 4447 2896 4515 deambulat,
2933 4469 2952 4502 ι
2985 4450 3142 4506 nullo
3171 4453 3280 4506 alio
3310 4470 3436 4508 eum
3469 4472 3612 4527 Opus

2042 4536 2250 4591 habere
2274 4545 2566 4603 monstrat,
2602 4554 2728 4594 cum
2757 4549 2964 4606 autem,
2997 4561 3014 4594 ι
3045 4543 3242 4599 Joanni
3285 4561 3433 4603 cura:
3472 4559 3558 4606 est
3583 4571 3603 4604 ι

2031 4629 2167 4699 quid
2216 4629 2268 4684 ei
2313 4645 2458 4687 cura:
2504 4631 2578 4686 sit
2631 4631 2815 4688 dicere
2855 4633 3060 4689 omisit.

1953 4747 2023 4761 —

2026 4807 2284 4880 Ejusdem
2329 4825 2392 4863 ea:
2431 4809 2638 4880 funebri
2670 4813 2726 4865 in
2773 4821 3017 4867 sanctum
3048 4813 3306 4870 Basiliam
3347 4822 3606 4888 oratione,

2097 4901 2154 4954 in
2196 4900 2332 4954 illud
2365 4919 2384 4957 :
2411 4921 2428 4954 ι
2467 4903 2528 4957 1η
2561 4903 2716 4958 nulla
2755 4906 2918 4974 igitur
2961 4922 3017 4958 re
3051 4923 3115 4960 ea:
3163 4911 3402 4966 omnibus
3448 4915 3610 4970 aliter

2100 4992 2294 5048 accidit
2341 4995 2470 5064 quin
2520 4995 2902 5050 incrementum
2951 5013 3017 5051 ea:
3073 5014 3132 5052 eo
3179 5003 3316 5071 quod
3364 5003 3610 5062 laudetur

2100 5084 2343 5152 accipiat.
2385 5101 2404 5134 ι
3427 5104 3433 5108 -

2097 5171 2254 5238 Quod
2295 5172 2420 5243 quis
2452 5173 2754 5228 honestum
2791 5176 3011 5247 recipit,
3059 5196 3160 5251 pro
3188 5197 3256 5238 eo
3285 5183 3511 5242 omnino
3549 5197 3607 5244 et

1669 5355 1906 5414 unus
1941 5355 2344 5442 LECTIONES.

427 5422 472 5456 ⁵⁸
493 5418 879 5492 Apographum
914 5423 1080 5478 habet
1105 5425 1528 5496 προφερόμενος.

425 5535 536 5620 (6η
550 5537 716 5620 “Gnreg.
741 5539 994 5620 Naaia‘nz.
1018 5538 1169 5620 Orat.
1187 5543 1248 5620 in
1283 5543 1543 5620 Horatian}
1570 5544 1765 5620 ζ’]ιίίοδ.
1793 5563 1910 5620 cap.

357 5615 485 5678 0,1).
512 5608 636 5665 458.
666 5618 797 5664 ιοιιι.
833 5609 852 5663 l
898 5608 1034 5684 Opp.
1065 5610 1152 5666 cd.
1186 5611 1388 5670 Bcncd.
1423 5612 1546 5686 (260
1575 5613 1661 5686 Β.)

2089 5542 2189 5618 68)-
2237 5544 2440 5618 Idem;
2475 5543 2566 5600 0r.
2623 5545 2844 5618 funebr,
2903 5547 2956 5618 in
3005 5549 3275 5618 ﬂagtium
3339 5553 3600 5616 Basiliam

2017 5631 2136 5688 cap.
2170 5615 2245 5682 1.,
2265 5631 2317 5688 p.
2347 5613 2466 5670 770.
2501 5621 2636 5671 tom.
2666 5613 2683 5670 l
2710 5613 2849 5685 Opp.
2885 5617 2978 5672 cd.
3005 5613 3212 5676 Betied.

3659 3069 3680 3102 Ι
