  <div class='ocr_page' id='page_1' title='image "/cluster/home/n/w/nwhite01/storage/ocr_20150623/91/mdp.39015022223195/703.png"; bbox 0 0 3938 6148; ppageno 0'>
   <div class='ocr_carea' id='block_1_1' title="bbox 405 165 541 231">
    <p class='ocr_par' dir='ltr' id='par_1_1' title="bbox 405 165 541 231">
     <span class='ocr_line' id='line_1_1' title="bbox 405 165 541 231; baseline 0.022 -3"><span class='ocrx_word' id='word_1_1' title='bbox 405 165 426 228; x_wconf 83' lang='lat' dir='ltr'><strong>i</strong></span> <span class='ocrx_word' id='word_1_2' title='bbox 440 166 541 231; x_wconf 60' lang='lat'><strong>£07</strong></span> 
     </span>
    </p>
   </div>
   <div class='ocr_carea' id='block_1_2' title="bbox 1575 167 2527 229">
    <p class='ocr_par' dir='ltr' id='par_1_2' title="bbox 1575 167 2527 229">
     <span class='ocr_line' id='line_1_2' title="bbox 1575 167 2527 229; baseline -0.002 0"><span class='ocrx_word' id='word_1_3' title='bbox 1575 170 1636 229; x_wconf 86' lang='lat' dir='ltr'><strong>S.</strong></span> <span class='ocrx_word' id='word_1_4' title='bbox 1682 169 1968 229; x_wconf 74' lang='lat' dir='ltr'><strong>MAXIMI</strong></span> <span class='ocrx_word' id='word_1_5' title='bbox 2009 167 2527 228; x_wconf 78' lang='lat' dir='ltr'><strong>CONFESSORIS</strong></span> 
     </span>
    </p>
   </div>
   <div class='ocr_carea' id='block_1_3' title="bbox 3586 148 3712 211">
    <p class='ocr_par' dir='ltr' id='par_1_3' title="bbox 3586 148 3712 211">
     <span class='ocr_line' id='line_1_3' title="bbox 3586 148 3712 211; baseline -0.016 0"><span class='ocrx_word' id='word_1_6' title='bbox 3586 148 3712 211; x_wconf 64' lang='lat'><strong>1103</strong></span> 
     </span>
    </p>
   </div>
   <div class='ocr_carea' id='block_1_4' title="bbox 395 275 1988 353">
    <p class='ocr_par' dir='ltr' id='par_1_4' title="bbox 395 281 1984 353">
     <span class='ocr_line' id='line_1_4' title="bbox 395 281 1984 353; baseline 0.003 -19"><span class='ocrx_word' id='word_1_7' title='bbox 395 281 802 335; x_wconf 67' lang='lat' dir='ltr'><strong>incrementum</strong></span> <span class='ocrx_word' id='word_1_8' title='bbox 856 281 984 337; x_wconf 81' lang='lat' dir='ltr'><strong>facit</strong></span> <span class='ocrx_word' id='word_1_9' title='bbox 1013 290 1068 337; x_wconf 86' lang='lat' dir='ltr'><strong>et</strong></span> <span class='ocrx_word' id='word_1_10' title='bbox 1094 283 1177 338; x_wconf 89' lang='lat' dir='ltr'><strong>eis</strong></span> <span class='ocrx_word' id='word_1_11' title='bbox 1215 298 1337 352; x_wconf 70' lang='lat' dir='ltr'><strong>qure</strong></span> <span class='ocrx_word' id='word_1_12' title='bbox 1368 283 1436 337; x_wconf 89' lang='lat' dir='ltr'><strong>de</strong></span> <span class='ocrx_word' id='word_1_13' title='bbox 1464 282 1571 337; x_wconf 85' lang='lat' dir='ltr'><strong>isto</strong></span> <span class='ocrx_word' id='word_1_14' title='bbox 1613 284 1984 353; x_wconf 68' lang='lat' dir='ltr'><strong>prmdicantur</strong></span> 
     </span>
    </p>
   </div>
   <div class='ocr_carea' id='block_1_5' title="bbox 2100 275 3714 353">
    <p class='ocr_par' dir='ltr' id='par_1_5' title="bbox 2100 275 3714 345">
     <span class='ocr_line' id='line_1_5' title="bbox 2100 275 3714 345; baseline -0.004 -10"><span class='ocrx_word' id='word_1_15' title='bbox 2100 282 2307 345; x_wconf 79' lang='grc' dir='ltr'><strong>πάντως</strong></span> <span class='ocrx_word' id='word_1_16' title='bbox 2337 282 2429 335; x_wconf 74' lang='grc' dir='ltr'><strong>καὶ</strong></span> <span class='ocrx_word' id='word_1_17' title='bbox 2452 283 2690 335; x_wconf 76' lang='grc' dir='ltr'><strong>ποιεῖται</strong></span> <span class='ocrx_word' id='word_1_18' title='bbox 2721 277 2818 341; x_wconf 77' lang='grc' dir='ltr'><strong>τὴν</strong></span> <span class='ocrx_word' id='word_1_19' title='bbox 2855 278 3095 332; x_wconf 75' lang='grc' dir='ltr'><strong>ἐπίδοσιν</strong></span> <span class='ocrx_word' id='word_1_20' title='bbox 3135 277 3241 331; x_wconf 72' lang='grc' dir='ltr'><strong>καὶ</strong></span> <span class='ocrx_word' id='word_1_21' title='bbox 3282 275 3417 335; x_wconf 83' lang='grc' dir='ltr'><strong>τοῖς</strong></span> <span class='ocrx_word' id='word_1_22' title='bbox 3456 275 3595 339; x_wconf 72' lang='grc' dir='ltr'><strong>περὶ</strong></span> <span class='ocrx_word' id='word_1_23' title='bbox 3628 275 3714 320; x_wconf 52' lang='lat' dir='ltr'><strong>al-</strong></span> 
     </span>
    </p>
   </div>
   <div class='ocr_carea' id='block_1_6' title="bbox 396 371 1984 441">
    <p class='ocr_par' dir='ltr' id='par_1_6' title="bbox 396 371 1984 441">
     <span class='ocr_line' id='line_1_6' title="bbox 396 371 1984 441; baseline 0.003 -18"><span class='ocrx_word' id='word_1_24' title='bbox 396 379 589 439; x_wconf 88' lang='lat' dir='ltr'><strong>aperte</strong></span> <span class='ocrx_word' id='word_1_25' title='bbox 614 371 831 425; x_wconf 60' lang='lat' dir='ltr'><strong>laetatur</strong></span> <span class='ocrx_word' id='word_1_26' title='bbox 858 381 912 425; x_wconf 91' lang='lat' dir='ltr'><strong>et</strong></span> <span class='ocrx_word' id='word_1_27' title='bbox 945 372 1232 426; x_wconf 74' lang='lat' dir='ltr'><strong>imitatur.</strong></span> <span class='ocrx_word' id='word_1_28' title='bbox 1258 373 1502 427; x_wconf 67' lang='lat' dir='ltr'><strong>Laetatur</strong></span> <span class='ocrx_word' id='word_1_29' title='bbox 1524 372 1750 441; x_wconf 90' lang='lat' dir='ltr'><strong>quidem</strong></span> <span class='ocrx_word' id='word_1_30' title='bbox 1785 383 1984 429; x_wconf 86' lang='lat' dir='ltr'><strong>auctus</strong></span> 
     </span>
    </p>
   </div>
   <div class='ocr_carea' id='block_1_7' title="bbox 394 458 1986 533">
    <p class='ocr_par' dir='ltr' id='par_1_7' title="bbox 394 458 1986 533">
     <span class='ocr_line' id='line_1_7' title="bbox 394 458 1986 533; baseline 0.004 -22"><span class='ocrx_word' id='word_1_31' title='bbox 394 458 585 519; x_wconf 83' lang='lat' dir='ltr'><strong>animo</strong></span> <span class='ocrx_word' id='word_1_32' title='bbox 641 460 700 514; x_wconf 79' lang='lat' dir='ltr'><strong>lit</strong></span> <span class='ocrx_word' id='word_1_33' title='bbox 747 459 817 514; x_wconf 89' lang='lat' dir='ltr'><strong>de</strong></span> <span class='ocrx_word' id='word_1_34' title='bbox 871 476 929 515; x_wconf 91' lang='lat' dir='ltr'><strong>rc</strong></span> <span class='ocrx_word' id='word_1_35' title='bbox 983 470 1172 531; x_wconf 68' lang='lat' dir='ltr'><strong>grata,</strong></span> <span class='ocrx_word' id='word_1_36' title='bbox 1210 458 1477 517; x_wconf 73' lang='lat' dir='ltr'><strong>invitatur</strong></span> <span class='ocrx_word' id='word_1_37' title='bbox 1517 476 1651 515; x_wconf 84' lang='lat' dir='ltr'><strong>vero</strong></span> <span class='ocrx_word' id='word_1_38' title='bbox 1694 463 1761 516; x_wconf 89' lang='lat' dir='ltr'><strong>ad</strong></span> <span class='ocrx_word' id='word_1_39' title='bbox 1808 464 1986 533; x_wconf 80' lang='lat' dir='ltr'><strong>majus</strong></span> 
     </span>
    </p>
   </div>
   <div class='ocr_carea' id='block_1_8' title="bbox 397 550 1984 621">
    <p class='ocr_par' dir='ltr' id='par_1_8' title="bbox 397 550 1984 621">
     <span class='ocr_line' id='line_1_8' title="bbox 397 550 1984 621; baseline 0.006 -21"><span class='ocrx_word' id='word_1_40' title='bbox 397 550 804 605; x_wconf 89' lang='lat' dir='ltr'><strong>incrementum</strong></span> <span class='ocrx_word' id='word_1_41' title='bbox 856 551 985 606; x_wconf 89' lang='lat' dir='ltr'><strong>inde</strong></span> <span class='ocrx_word' id='word_1_42' title='bbox 1044 552 1399 621; x_wconf 84' lang='lat' dir='ltr'><strong>capiendum,</strong></span> <span class='ocrx_word' id='word_1_43' title='bbox 1450 568 1518 607; x_wconf 80' lang='lat' dir='ltr'><strong>ex</strong></span> <span class='ocrx_word' id='word_1_44' title='bbox 1554 553 1719 608; x_wconf 85' lang='lat' dir='ltr'><strong>laude</strong></span> <span class='ocrx_word' id='word_1_45' title='bbox 1766 568 1831 608; x_wconf 87' lang='lat' dir='ltr'><strong>ea</strong></span> <span class='ocrx_word' id='word_1_46' title='bbox 1866 570 1984 609; x_wconf 89' lang='lat' dir='ltr'><strong>ma-</strong></span> 
     </span>
    </p>
   </div>
   <div class='ocr_carea' id='block_1_9' title="bbox 391 641 1983 713">
    <p class='ocr_par' dir='ltr' id='par_1_9' title="bbox 391 641 1983 713">
     <span class='ocr_line' id='line_1_9' title="bbox 391 641 1983 713; baseline 0.004 -21"><span class='ocrx_word' id='word_1_47' title='bbox 391 641 569 710; x_wconf 87' lang='lat' dir='ltr'><strong>jorem</strong></span> <span class='ocrx_word' id='word_1_48' title='bbox 600 641 897 710; x_wconf 86' lang='lat' dir='ltr'><strong>impulsum</strong></span> <span class='ocrx_word' id='word_1_49' title='bbox 931 644 1233 713; x_wconf 89' lang='lat' dir='ltr'><strong>accipiens.</strong></span> <span class='ocrx_word' id='word_1_50' title='bbox 1272 663 1288 694; x_wconf 86' lang='grc' dir='ltr'><strong>ι</strong></span> <span class='ocrx_word' id='word_1_51' title='bbox 1314 643 1558 710; x_wconf 85' lang='lat' dir='ltr'><strong>Quarum</strong></span> <span class='ocrx_word' id='word_1_52' title='bbox 1590 645 1737 699; x_wconf 90' lang='lat' dir='ltr'><strong>enim</strong></span> <span class='ocrx_word' id='word_1_53' title='bbox 1773 660 1983 709; x_wconf 90' lang='lat' dir='ltr'><strong>rerum,</strong></span> 
     </span>
    </p>
   </div>
   <div class='ocr_carea' id='block_1_10' title="bbox 398 732 1985 807">
    <p class='ocr_par' dir='ltr' id='par_1_10' title="bbox 398 732 1985 807">
     <span class='ocr_line' id='line_1_10' title="bbox 398 732 1985 807; baseline 0.005 -23"><span class='ocrx_word' id='word_1_54' title='bbox 398 732 580 801; x_wconf 86' lang='lat' dir='ltr'><strong>inquit</strong></span> <span class='ocrx_word' id='word_1_55' title='bbox 618 733 903 804; x_wconf 81' lang='lat' dir='ltr'><strong>magister.</strong></span> <span class='ocrx_word' id='word_1_56' title='bbox 937 735 1131 791; x_wconf 89' lang='lat' dir='ltr'><strong>laudes</strong></span> <span class='ocrx_word' id='word_1_57' title='bbox 1175 736 1327 800; x_wconf 87' lang='lat' dir='ltr'><strong>novi,</strong></span> <span class='ocrx_word' id='word_1_58' title='bbox 1357 751 1547 791; x_wconf 89' lang='lat' dir='ltr'><strong>earum</strong></span> <span class='ocrx_word' id='word_1_59' title='bbox 1579 752 1801 807; x_wconf 85' lang='lat' dir='ltr'><strong>quoque</strong></span> <span class='ocrx_word' id='word_1_60' title='bbox 1836 737 1985 792; x_wconf 83' lang='lat' dir='ltr'><strong>haud</strong></span> 
     </span>
    </p>
   </div>
   <div class='ocr_carea' id='block_1_11' title="bbox 397 820 1986 894">
    <p class='ocr_par' dir='ltr' id='par_1_11' title="bbox 397 820 1986 894">
     <span class='ocr_line' id='line_1_11' title="bbox 397 820 1986 894; baseline 0.004 -19"><span class='ocrx_word' id='word_1_61' title='bbox 397 820 567 877; x_wconf 82' lang='lat' dir='ltr'><strong>dubie</strong></span> <span class='ocrx_word' id='word_1_62' title='bbox 600 822 940 879; x_wconf 85' lang='lat' dir='ltr'><strong>incrementa</strong></span> <span class='ocrx_word' id='word_1_63' title='bbox 961 826 1244 894; x_wconf 82' lang='lat' dir='ltr'><strong>explorata</strong></span> <span class='ocrx_word' id='word_1_64' title='bbox 1278 825 1481 890; x_wconf 87' lang='lat' dir='ltr'><strong>habeo,</strong></span> <span class='ocrx_word' id='word_1_65' title='bbox 1507 844 1526 877; x_wconf 73' lang='grc' dir='ltr'><strong>ι</strong></span> <span class='ocrx_word' id='word_1_66' title='bbox 1557 821 1673 880; x_wconf 78' lang='grc' dir='ltr'><strong>ιιοό</strong></span> <span class='ocrx_word' id='word_1_67' title='bbox 1699 835 1807 890; x_wconf 88' lang='lat' dir='ltr'><strong>est,</strong></span> <span class='ocrx_word' id='word_1_68' title='bbox 1836 825 1986 892; x_wconf 87' lang='lat' dir='ltr'><strong>Qua-</strong></span> 
     </span>
    </p>
   </div>
   <div class='ocr_carea' id='block_1_12' title="bbox 397 915 1987 987">
    <p class='ocr_par' dir='ltr' id='par_1_12' title="bbox 397 915 1987 987">
     <span class='ocr_line' id='line_1_12' title="bbox 397 915 1987 987; baseline 0.006 -21"><span class='ocrx_word' id='word_1_69' title='bbox 397 928 525 967; x_wconf 88' lang='lat' dir='ltr'><strong>rum</strong></span> <span class='ocrx_word' id='word_1_70' title='bbox 562 930 751 968; x_wconf 87' lang='lat' dir='ltr'><strong>rerum</strong></span> <span class='ocrx_word' id='word_1_71' title='bbox 802 915 996 971; x_wconf 87' lang='lat' dir='ltr'><strong>laudes</strong></span> <span class='ocrx_word' id='word_1_72' title='bbox 1043 918 1194 982; x_wconf 90' lang='lat' dir='ltr'><strong>novi,</strong></span> <span class='ocrx_word' id='word_1_73' title='bbox 1240 917 1407 972; x_wconf 89' lang='lat' dir='ltr'><strong>etiam</strong></span> <span class='ocrx_word' id='word_1_74' title='bbox 1446 917 1735 972; x_wconf 86' lang='lat' dir='ltr'><strong>hominum</strong></span> <span class='ocrx_word' id='word_1_75' title='bbox 1767 918 1862 987; x_wconf 90' lang='lat' dir='ltr'><strong>qui</strong></span> <span class='ocrx_word' id='word_1_76' title='bbox 1892 934 1987 975; x_wconf 88' lang='lat' dir='ltr'><strong>eas</strong></span> 
     </span>
    </p>
   </div>
   <div class='ocr_carea' id='block_1_13' title="bbox 396 1005 1982 1075">
    <p class='ocr_par' dir='ltr' id='par_1_13' title="bbox 396 1005 1982 1075">
     <span class='ocr_line' id='line_1_13' title="bbox 396 1005 1982 1075; baseline 0.005 -18"><span class='ocrx_word' id='word_1_77' title='bbox 396 1005 682 1075; x_wconf 89' lang='lat' dir='ltr'><strong>accipiunt</strong></span> <span class='ocrx_word' id='word_1_78' title='bbox 729 1007 1026 1063; x_wconf 78' lang='lat' dir='ltr'><strong>manifesto</strong></span> <span class='ocrx_word' id='word_1_79' title='bbox 1054 1009 1121 1064; x_wconf 87' lang='lat' dir='ltr'><strong>ad</strong></span> <span class='ocrx_word' id='word_1_80' title='bbox 1153 1011 1414 1064; x_wconf 76' lang='lat' dir='ltr'><strong>virtutem</strong></span> <span class='ocrx_word' id='word_1_81' title='bbox 1460 1010 1801 1066; x_wconf 89' lang='lat' dir='ltr'><strong>incrementa</strong></span> <span class='ocrx_word' id='word_1_82' title='bbox 1832 1012 1982 1065; x_wconf 91' lang='lat' dir='ltr'><strong>novi.</strong></span> 
     </span>
    </p>
   </div>
   <div class='ocr_carea' id='block_1_14' title="bbox 396 1095 1984 1169">
    <p class='ocr_par' dir='ltr' id='par_1_14' title="bbox 396 1095 1984 1169">
     <span class='ocr_line' id='line_1_14' title="bbox 396 1095 1984 1169; baseline 0.004 -18"><span class='ocrx_word' id='word_1_83' title='bbox 396 1095 655 1152; x_wconf 86' lang='lat' dir='ltr'><strong>Omnium</strong></span> <span class='ocrx_word' id='word_1_84' title='bbox 678 1098 847 1169; x_wconf 83' lang='lat' dir='ltr'><strong>igitur</strong></span> <span class='ocrx_word' id='word_1_85' title='bbox 881 1117 1069 1155; x_wconf 89' lang='lat' dir='ltr'><strong>rerum</strong></span> <span class='ocrx_word' id='word_1_86' title='bbox 1094 1101 1634 1157; x_wconf 85' lang='lat' dir='ltr'><strong>videlicetlaudibus</strong></span> <span class='ocrx_word' id='word_1_87' title='bbox 1665 1113 1984 1158; x_wconf 86' lang='lat' dir='ltr'><strong>ornatarum</strong></span> 
     </span>
    </p>
   </div>
   <div class='ocr_carea' id='block_1_15' title="bbox 396 1189 1987 1263">
    <p class='ocr_par' dir='ltr' id='par_1_15' title="bbox 396 1189 1987 1263">
     <span class='ocr_line' id='line_1_15' title="bbox 396 1189 1987 1263; baseline 0.005 -22"><span class='ocrx_word' id='word_1_88' title='bbox 396 1189 548 1242; x_wconf 89' lang='lat' dir='ltr'><strong>nulla</strong></span> <span class='ocrx_word' id='word_1_89' title='bbox 596 1198 682 1245; x_wconf 83' lang='lat' dir='ltr'><strong>est</strong></span> <span class='ocrx_word' id='word_1_90' title='bbox 728 1191 957 1247; x_wconf 90' lang='lat' dir='ltr'><strong>omnino</strong></span> <span class='ocrx_word' id='word_1_91' title='bbox 993 1192 1060 1246; x_wconf 94' lang='lat' dir='ltr'><strong>de</strong></span> <span class='ocrx_word' id='word_1_92' title='bbox 1094 1209 1201 1263; x_wconf 86' lang='lat' dir='ltr'><strong>qua</strong></span> <span class='ocrx_word' id='word_1_93' title='bbox 1248 1208 1358 1247; x_wconf 90' lang='lat' dir='ltr'><strong>non</strong></span> <span class='ocrx_word' id='word_1_94' title='bbox 1401 1209 1598 1248; x_wconf 87' lang='lat' dir='ltr'><strong>eorum</strong></span> <span class='ocrx_word' id='word_1_95' title='bbox 1645 1194 1740 1263; x_wconf 91' lang='lat' dir='ltr'><strong>qui</strong></span> <span class='ocrx_word' id='word_1_96' title='bbox 1789 1195 1856 1250; x_wconf 91' lang='lat' dir='ltr'><strong>iis</strong></span> <span class='ocrx_word' id='word_1_97' title='bbox 1895 1194 1987 1249; x_wconf 70' lang='lat' dir='ltr'><strong>lae-</strong></span> 
     </span>
    </p>
   </div>
   <div class='ocr_carea' id='block_1_16' title="bbox 400 1283 1984 1355">
    <p class='ocr_par' dir='ltr' id='par_1_16' title="bbox 400 1283 1984 1355">
     <span class='ocr_line' id='line_1_16' title="bbox 400 1283 1984 1355; baseline 0.003 -20"><span class='ocrx_word' id='word_1_98' title='bbox 400 1288 586 1335; x_wconf 88' lang='lat' dir='ltr'><strong>tantur</strong></span> <span class='ocrx_word' id='word_1_99' title='bbox 629 1283 1034 1339; x_wconf 86' lang='lat' dir='ltr'><strong>incrementum</strong></span> <span class='ocrx_word' id='word_1_100' title='bbox 1073 1287 1358 1351; x_wconf 80' lang='lat' dir='ltr'><strong>invenias;</strong></span> <span class='ocrx_word' id='word_1_101' title='bbox 1406 1286 1494 1341; x_wconf 89' lang='lat' dir='ltr'><strong>vel</strong></span> <span class='ocrx_word' id='word_1_102' title='bbox 1542 1301 1668 1340; x_wconf 90' lang='lat' dir='ltr'><strong>cum</strong></span> <span class='ocrx_word' id='word_1_103' title='bbox 1713 1287 1767 1340; x_wconf 90' lang='lat' dir='ltr'><strong>in</strong></span> <span class='ocrx_word' id='word_1_104' title='bbox 1816 1301 1984 1355; x_wconf 85' lang='lat' dir='ltr'><strong>supe-</strong></span> 
     </span>
    </p>
   </div>
   <div class='ocr_carea' id='block_1_17' title="bbox 398 1371 1981 1447">
    <p class='ocr_par' dir='ltr' id='par_1_17' title="bbox 398 1371 1981 1447">
     <span class='ocr_line' id='line_1_17' title="bbox 398 1371 1981 1447; baseline 0.004 -22"><span class='ocrx_word' id='word_1_105' title='bbox 398 1371 646 1429; x_wconf 85' lang='lat' dir='ltr'><strong>rioribus</strong></span> <span class='ocrx_word' id='word_1_106' title='bbox 681 1376 946 1445; x_wconf 77' lang='lat' dir='ltr'><strong>magister</strong></span> <span class='ocrx_word' id='word_1_107' title='bbox 998 1377 1099 1431; x_wconf 87' lang='lat' dir='ltr'><strong>tria</strong></span> <span class='ocrx_word' id='word_1_108' title='bbox 1153 1378 1558 1446; x_wconf 86' lang='lat' dir='ltr'><strong>proposuisset,</strong></span> <span class='ocrx_word' id='word_1_109' title='bbox 1602 1378 1981 1447; x_wconf 83' lang='lat' dir='ltr'><strong>semetipsum,</strong></span> 
     </span>
    </p>
   </div>
   <div class='ocr_carea' id='block_1_18' title="bbox 401 1464 1984 1536">
    <p class='ocr_par' dir='ltr' id='par_1_18' title="bbox 401 1464 1984 1536">
     <span class='ocr_line' id='line_1_18' title="bbox 401 1464 1984 1536; baseline 0.004 -21"><span class='ocrx_word' id='word_1_110' title='bbox 401 1476 710 1527; x_wconf 77' lang='lat' dir='ltr'><strong>sermones,</strong></span> <span class='ocrx_word' id='word_1_111' title='bbox 757 1464 985 1519; x_wconf 89' lang='lat' dir='ltr'><strong>virtutis</strong></span> <span class='ocrx_word' id='word_1_112' title='bbox 1035 1466 1379 1529; x_wconf 88' lang='lat' dir='ltr'><strong>laudatores,</strong></span> <span class='ocrx_word' id='word_1_113' title='bbox 1423 1464 1478 1519; x_wconf 91' lang='lat' dir='ltr'><strong>in</strong></span> <span class='ocrx_word' id='word_1_114' title='bbox 1529 1466 1619 1520; x_wconf 89' lang='lat' dir='ltr'><strong>his</strong></span> <span class='ocrx_word' id='word_1_115' title='bbox 1662 1468 1984 1536; x_wconf 78' lang='lat' dir='ltr'><strong>complexus</strong></span> 
     </span>
    </p>
   </div>
   <div class='ocr_carea' id='block_1_19' title="bbox 284 1556 1982 1625">
    <p class='ocr_par' dir='ltr' id='par_1_19' title="bbox 284 1556 1982 1625">
     <span class='ocr_line' id='line_1_19' title="bbox 284 1556 1982 1625; baseline 0.005 -21"><span class='ocrx_word' id='word_1_116' title='bbox 284 1564 299 1575; x_wconf 79' lang='lat'><strong>‘</strong></span> <span class='ocrx_word' id='word_1_117' title='bbox 399 1562 690 1607; x_wconf 88' lang='lat' dir='ltr'><strong>oratorum</strong></span> <span class='ocrx_word' id='word_1_118' title='bbox 737 1571 889 1610; x_wconf 91' lang='lat' dir='ltr'><strong>more</strong></span> <span class='ocrx_word' id='word_1_119' title='bbox 943 1556 1234 1625; x_wconf 82' lang='lat' dir='ltr'><strong>explicuit,</strong></span> <span class='ocrx_word' id='word_1_120' title='bbox 1284 1557 1703 1612; x_wconf 86' lang='lat' dir='ltr'><strong>inductionibus</strong></span> <span class='ocrx_word' id='word_1_121' title='bbox 1753 1559 1821 1613; x_wconf 88' lang='lat' dir='ltr'><strong>ad</strong></span> <span class='ocrx_word' id='word_1_122' title='bbox 1881 1559 1982 1613; x_wconf 81' lang='lat' dir='ltr'><strong>ista</strong></span> 
     </span>
    </p>
   </div>
   <div class='ocr_carea' id='block_1_20' title="bbox 403 1644 1986 1720">
    <p class='ocr_par' dir='ltr' id='par_1_20' title="bbox 403 1644 1986 1720">
     <span class='ocr_line' id='line_1_20' title="bbox 403 1644 1986 1720; baseline 0.004 -21"><span class='ocrx_word' id='word_1_123' title='bbox 403 1644 510 1699; x_wconf 85' lang='lat' dir='ltr'><strong>tria</strong></span> <span class='ocrx_word' id='word_1_124' title='bbox 553 1646 1008 1712; x_wconf 90' lang='lat' dir='ltr'><strong>accommodatis,</strong></span> <span class='ocrx_word' id='word_1_125' title='bbox 1054 1649 1123 1703; x_wconf 90' lang='lat' dir='ltr'><strong>de</strong></span> <span class='ocrx_word' id='word_1_126' title='bbox 1177 1651 1475 1720; x_wconf 90' lang='lat' dir='ltr'><strong>semetipso</strong></span> <span class='ocrx_word' id='word_1_127' title='bbox 1522 1650 1679 1720; x_wconf 87' lang='lat' dir='ltr'><strong>prius</strong></span> <span class='ocrx_word' id='word_1_128' title='bbox 1724 1665 1986 1706; x_wconf 90' lang='lat' dir='ltr'><strong>enarrare</strong></span> 
     </span>
    </p>
   </div>
   <div class='ocr_carea' id='block_1_21' title="bbox 400 1734 1988 1807">
    <p class='ocr_par' dir='ltr' id='par_1_21' title="bbox 400 1734 1988 1807">
     <span class='ocr_line' id='line_1_21' title="bbox 400 1734 1988 1807; baseline 0.008 -20"><span class='ocrx_word' id='word_1_129' title='bbox 400 1734 697 1804; x_wconf 85' lang='lat' dir='ltr'><strong>incipiens,</strong></span> <span class='ocrx_word' id='word_1_130' title='bbox 755 1736 955 1791; x_wconf 84' lang='lat' dir='ltr'><strong>deinde</strong></span> <span class='ocrx_word' id='word_1_131' title='bbox 1002 1754 1102 1807; x_wconf 90' lang='lat' dir='ltr'><strong>per</strong></span> <span class='ocrx_word' id='word_1_132' title='bbox 1149 1740 1361 1795; x_wconf 87' lang='lat' dir='ltr'><strong>medios</strong></span> <span class='ocrx_word' id='word_1_133' title='bbox 1407 1742 1632 1798; x_wconf 84' lang='lat' dir='ltr'><strong>virtutis</strong></span> <span class='ocrx_word' id='word_1_134' title='bbox 1668 1742 1988 1799; x_wconf 82' lang='lat' dir='ltr'><strong>laudatores</strong></span> 
     </span>
    </p>
   </div>
   <div class='ocr_carea' id='block_1_22' title="bbox 401 1826 1987 1899">
    <p class='ocr_par' dir='ltr' id='par_1_22' title="bbox 401 1826 1987 1899">
     <span class='ocr_line' id='line_1_22' title="bbox 401 1826 1987 1899; baseline 0.008 -22"><span class='ocrx_word' id='word_1_135' title='bbox 401 1840 759 1895; x_wconf 88' lang='lat' dir='ltr'><strong>percurrens,</strong></span> <span class='ocrx_word' id='word_1_136' title='bbox 808 1826 861 1882; x_wconf 93' lang='lat' dir='ltr'><strong>in</strong></span> <span class='ocrx_word' id='word_1_137' title='bbox 895 1844 1183 1886; x_wconf 88' lang='lat' dir='ltr'><strong>sermones</strong></span> <span class='ocrx_word' id='word_1_138' title='bbox 1228 1832 1348 1886; x_wconf 91' lang='lat' dir='ltr'><strong>illas</strong></span> <span class='ocrx_word' id='word_1_139' title='bbox 1380 1834 1817 1899; x_wconf 86' lang='lat' dir='ltr'><strong>consummavit;</strong></span> <span class='ocrx_word' id='word_1_140' title='bbox 1860 1850 1987 1889; x_wconf 90' lang='lat' dir='ltr'><strong>cum</strong></span> 
     </span>
    </p>
   </div>
   <div class='ocr_carea' id='block_1_23' title="bbox 400 1920 1988 1987">
    <p class='ocr_par' dir='ltr' id='par_1_23' title="bbox 400 1920 1988 1987">
     <span class='ocr_line' id='line_1_23' title="bbox 400 1920 1988 1987; baseline 0.006 -17"><span class='ocrx_word' id='word_1_141' title='bbox 400 1928 789 1987; x_wconf 78' lang='lat' dir='ltr'><strong>argumentum</strong></span> <span class='ocrx_word' id='word_1_142' title='bbox 818 1920 886 1973; x_wconf 91' lang='lat' dir='ltr'><strong>ad</strong></span> <span class='ocrx_word' id='word_1_143' title='bbox 935 1929 1187 1976; x_wconf 89' lang='lat' dir='ltr'><strong>sanctum</strong></span> <span class='ocrx_word' id='word_1_144' title='bbox 1219 1923 1482 1977; x_wconf 85' lang='lat' dir='ltr'><strong>Basilium</strong></span> <span class='ocrx_word' id='word_1_145' title='bbox 1513 1925 1988 1980; x_wconf 87' lang='lat' dir='ltr'><strong>accommodatum</strong></span> 
     </span>
    </p>
   </div>
   <div class='ocr_carea' id='block_1_24' title="bbox 399 2007 1989 2086">
    <p class='ocr_par' dir='ltr' id='par_1_24' title="bbox 399 2007 1989 2086">
     <span class='ocr_line' id='line_1_24' title="bbox 399 2007 1989 2086; baseline 0.008 -28"><span class='ocrx_word' id='word_1_146' title='bbox 399 2014 456 2059; x_wconf 91' lang='lat' dir='ltr'><strong>et</strong></span> <span class='ocrx_word' id='word_1_147' title='bbox 496 2007 599 2076; x_wconf 88' lang='lat' dir='ltr'><strong>ipsi</strong></span> <span class='ocrx_word' id='word_1_148' title='bbox 630 2010 976 2071; x_wconf 87' lang='lat' dir='ltr'><strong>conveniret,</strong></span> <span class='ocrx_word' id='word_1_149' title='bbox 1012 2020 1074 2066; x_wconf 92' lang='lat' dir='ltr'><strong>ut</strong></span> <span class='ocrx_word' id='word_1_150' title='bbox 1120 2013 1404 2082; x_wconf 87' lang='lat' dir='ltr'><strong>magistro,</strong></span> <span class='ocrx_word' id='word_1_151' title='bbox 1447 2024 1506 2069; x_wconf 91' lang='lat' dir='ltr'><strong>et</strong></span> <span class='ocrx_word' id='word_1_152' title='bbox 1534 2016 1810 2070; x_wconf 82' lang='lat' dir='ltr'><strong>sermonis</strong></span> <span class='ocrx_word' id='word_1_153' title='bbox 1860 2032 1989 2086; x_wconf 90' lang='lat' dir='ltr'><strong>pro-</strong></span> 
     </span>
    </p>
   </div>
   <div class='ocr_carea' id='block_1_25' title="bbox 399 2098 1990 2167">
    <p class='ocr_par' dir='ltr' id='par_1_25' title="bbox 399 2098 1990 2167">
     <span class='ocr_line' id='line_1_25' title="bbox 399 2098 1990 2167; baseline 0.008 -16"><span class='ocrx_word' id='word_1_154' title='bbox 399 2098 604 2167; x_wconf 85' lang='lat' dir='ltr'><strong>posito,</strong></span> <span class='ocrx_word' id='word_1_155' title='bbox 657 2110 714 2155; x_wconf 89' lang='lat' dir='ltr'><strong>et</strong></span> <span class='ocrx_word' id='word_1_156' title='bbox 774 2103 1117 2158; x_wconf 86' lang='lat' dir='ltr'><strong>amatoribus</strong></span> <span class='ocrx_word' id='word_1_157' title='bbox 1166 2103 1415 2167; x_wconf 88' lang='lat' dir='ltr'><strong>virtutis,</strong></span> <span class='ocrx_word' id='word_1_158' title='bbox 1466 2107 1553 2162; x_wconf 85' lang='lat' dir='ltr'><strong>vel</strong></span> <span class='ocrx_word' id='word_1_159' title='bbox 1606 2108 1990 2164; x_wconf 86' lang='lat' dir='ltr'><strong>laudatoribus</strong></span> 
     </span>
    </p>
   </div>
   <div class='ocr_carea' id='block_1_26' title="bbox 399 2189 1988 2269">
    <p class='ocr_par' dir='ltr' id='par_1_26' title="bbox 399 2189 1988 2269">
     <span class='ocr_line' id='line_1_26' title="bbox 399 2189 1988 2269; baseline 0.008 -26"><span class='ocrx_word' id='word_1_160' title='bbox 399 2191 542 2259; x_wconf 82' lang='lat' dir='ltr'><strong>ejus,</strong></span> <span class='ocrx_word' id='word_1_161' title='bbox 568 2189 965 2259; x_wconf 89' lang='lat' dir='ltr'><strong>desideratum,</strong></span> <span class='ocrx_word' id='word_1_162' title='bbox 989 2210 1113 2264; x_wconf 71' lang='lat' dir='ltr'><strong>quae</strong></span> <span class='ocrx_word' id='word_1_163' title='bbox 1138 2210 1299 2251; x_wconf 89' lang='lat' dir='ltr'><strong>nosse</strong></span> <span class='ocrx_word' id='word_1_164' title='bbox 1319 2196 1638 2269; x_wconf 86' lang='lat' dir='ltr'><strong>desiderant</strong></span> <span class='ocrx_word' id='word_1_165' title='bbox 1659 2198 1988 2255; x_wconf 88' lang='lat' dir='ltr'><strong>incrementi</strong></span> 
     </span>
    </p>
   </div>
   <div class='ocr_carea' id='block_1_27' title="bbox 402 2280 1989 2362">
    <p class='ocr_par' dir='ltr' id='par_1_27' title="bbox 402 2280 1989 2362">
     <span class='ocr_line' id='line_1_27' title="bbox 402 2280 1989 2362; baseline 0.009 -28"><span class='ocrx_word' id='word_1_166' title='bbox 402 2280 456 2335; x_wconf 95' lang='lat' dir='ltr'><strong>in</strong></span> <span class='ocrx_word' id='word_1_167' title='bbox 494 2282 757 2338; x_wconf 87' lang='lat' dir='ltr'><strong>virtutem</strong></span> <span class='ocrx_word' id='word_1_168' title='bbox 795 2286 1289 2355; x_wconf 88' lang='lat' dir='ltr'><strong>per-imitationem</strong></span> <span class='ocrx_word' id='word_1_169' title='bbox 1316 2289 1461 2358; x_wconf 88' lang='lat' dir='ltr'><strong>capti</strong></span> <span class='ocrx_word' id='word_1_170' title='bbox 1493 2290 1707 2354; x_wconf 91' lang='lat' dir='ltr'><strong>modos,</strong></span> <span class='ocrx_word' id='word_1_171' title='bbox 1744 2292 1989 2362; x_wconf 87' lang='lat' dir='ltr'><strong>ipsisque</strong></span> 
     </span>
    </p>
   </div>
   <div class='ocr_carea' id='block_1_28' title="bbox 399 2363 1989 2453">
    <p class='ocr_par' dir='ltr' id='par_1_28' title="bbox 399 2363 1989 2453">
     <span class='ocr_line' id='line_1_28' title="bbox 399 2363 1989 2453; baseline 0.008 -26"><span class='ocrx_word' id='word_1_172' title='bbox 399 2363 754 2431; x_wconf 70' lang='lat' dir='ltr'><strong>sermonibus</strong></span> <span class='ocrx_word' id='word_1_173' title='bbox 798 2387 1257 2443; x_wconf 90' lang='lat' dir='ltr'><strong>consentaneum,</strong></span> <span class='ocrx_word' id='word_1_174' title='bbox 1311 2389 1503 2450; x_wconf 90' lang='lat' dir='ltr'><strong>utpote</strong></span> <span class='ocrx_word' id='word_1_175' title='bbox 1544 2384 1989 2453; x_wconf 64' lang='lat' dir='ltr'><strong>praestantiarum</strong></span> 
     </span>
    </p>
   </div>
   <div class='ocr_carea' id='block_1_29' title="bbox 400 2465 1991 2546">
    <p class='ocr_par' dir='ltr' id='par_1_29' title="bbox 400 2465 1991 2546">
     <span class='ocr_line' id='line_1_29' title="bbox 400 2465 1991 2546; baseline 0.009 -29"><span class='ocrx_word' id='word_1_176' title='bbox 400 2465 630 2521; x_wconf 80' lang='lat' dir='ltr'><strong>virtutis</strong></span> <span class='ocrx_word' id='word_1_177' title='bbox 698 2469 1270 2525; x_wconf 89' lang='lat' dir='ltr'><strong>commendatoribus.</strong></span> <span class='ocrx_word' id='word_1_178' title='bbox 1328 2472 1627 2528; x_wconf 83' lang='lat' dir='ltr'><strong>Enimvero</strong></span> <span class='ocrx_word' id='word_1_179' title='bbox 1692 2475 1991 2546; x_wconf 83' lang='lat' dir='ltr'><strong>cujuslibet</strong></span> 
     </span>
    </p>
   </div>
   <div class='ocr_carea' id='block_1_30' title="bbox 400 2554 1987 2632">
    <p class='ocr_par' dir='ltr' id='par_1_30' title="bbox 400 2554 1987 2632">
     <span class='ocr_line' id='line_1_30' title="bbox 400 2554 1987 2632; baseline 0.006 -21"><span class='ocrx_word' id='word_1_180' title='bbox 400 2554 644 2612; x_wconf 85' lang='lat' dir='ltr'><strong>hominis</strong></span> <span class='ocrx_word' id='word_1_181' title='bbox 696 2560 807 2613; x_wconf 89' lang='lat' dir='ltr'><strong>vita</strong></span> <span class='ocrx_word' id='word_1_182' title='bbox 872 2562 1179 2617; x_wconf 90' lang='lat' dir='ltr'><strong>secundum</strong></span> <span class='ocrx_word' id='word_1_183' title='bbox 1246 2563 1417 2618; x_wconf 90' lang='lat' dir='ltr'><strong>Deum</strong></span> <span class='ocrx_word' id='word_1_184' title='bbox 1470 2564 1737 2619; x_wconf 83' lang='lat' dir='ltr'><strong>laudabili</strong></span> <span class='ocrx_word' id='word_1_185' title='bbox 1786 2567 1987 2632; x_wconf 91' lang='lat' dir='ltr'><strong>ornati,</strong></span> 
     </span>
    </p>
   </div>
   <div class='ocr_carea' id='block_1_31' title="bbox 401 2642 1989 2722">
    <p class='ocr_par' dir='ltr' id='par_1_31' title="bbox 401 2642 1989 2722">
     <span class='ocr_line' id='line_1_31' title="bbox 401 2642 1989 2722; baseline 0.009 -25"><span class='ocrx_word' id='word_1_186' title='bbox 401 2642 461 2698; x_wconf 90' lang='lat' dir='ltr'><strong>in</strong></span> <span class='ocrx_word' id='word_1_187' title='bbox 518 2646 715 2715; x_wconf 89' lang='lat' dir='ltr'><strong>primis</strong></span> <span class='ocrx_word' id='word_1_188' title='bbox 756 2663 889 2703; x_wconf 89' lang='lat' dir='ltr'><strong>vero</strong></span> <span class='ocrx_word' id='word_1_189' title='bbox 921 2649 1109 2705; x_wconf 90' lang='lat' dir='ltr'><strong>Basilii</strong></span> <span class='ocrx_word' id='word_1_190' title='bbox 1140 2651 1344 2722; x_wconf 80' lang='lat' dir='ltr'><strong>egregii</strong></span> <span class='ocrx_word' id='word_1_191' title='bbox 1399 2652 1571 2720; x_wconf 90' lang='lat' dir='ltr'><strong>illius,</strong></span> <span class='ocrx_word' id='word_1_192' title='bbox 1618 2654 1735 2710; x_wconf 85' lang='lat' dir='ltr'><strong>sive</strong></span> <span class='ocrx_word' id='word_1_193' title='bbox 1770 2672 1989 2711; x_wconf 89' lang='lat' dir='ltr'><strong>omnem</strong></span> 
     </span>
    </p>
   </div>
   <div class='ocr_carea' id='block_1_32' title="bbox 404 2741 1991 2816">
    <p class='ocr_par' dir='ltr' id='par_1_32' title="bbox 404 2741 1991 2816">
     <span class='ocr_line' id='line_1_32' title="bbox 404 2741 1991 2816; baseline 0.009 -24"><span class='ocrx_word' id='word_1_194' title='bbox 404 2741 701 2809; x_wconf 89' lang='lat' dir='ltr'><strong>complecti</strong></span> <span class='ocrx_word' id='word_1_195' title='bbox 744 2744 1048 2812; x_wconf 90' lang='lat' dir='ltr'><strong>potuerint,</strong></span> <span class='ocrx_word' id='word_1_196' title='bbox 1092 2756 1149 2801; x_wconf 89' lang='lat' dir='ltr'><strong>et</strong></span> <span class='ocrx_word' id='word_1_197' title='bbox 1173 2758 1435 2816; x_wconf 89' lang='lat' dir='ltr'><strong>tanquam</strong></span> <span class='ocrx_word' id='word_1_198' title='bbox 1458 2749 1639 2803; x_wconf 88' lang='lat' dir='ltr'><strong>vivam</strong></span> <span class='ocrx_word' id='word_1_199' title='bbox 1674 2759 1730 2805; x_wconf 93' lang='lat' dir='ltr'><strong>et</strong></span> <span class='ocrx_word' id='word_1_200' title='bbox 1778 2751 1991 2807; x_wconf 87' lang='lat' dir='ltr'><strong>anima-</strong></span> 
     </span>
    </p>
   </div>
   <div class='ocr_carea' id='block_1_33' title="bbox 404 2832 1992 2911">
    <p class='ocr_par' dir='ltr' id='par_1_33' title="bbox 404 2832 1992 2911">
     <span class='ocr_line' id='line_1_33' title="bbox 404 2832 1992 2911; baseline 0.008 -27"><span class='ocrx_word' id='word_1_201' title='bbox 404 2837 514 2885; x_wconf 90' lang='lat' dir='ltr'><strong>tam</strong></span> <span class='ocrx_word' id='word_1_202' title='bbox 552 2832 780 2888; x_wconf 83' lang='lat' dir='ltr'><strong>virtutis</strong></span> <span class='ocrx_word' id='word_1_203' title='bbox 812 2838 1153 2892; x_wconf 88' lang='lat' dir='ltr'><strong>amatoribus</strong></span> <span class='ocrx_word' id='word_1_204' title='bbox 1205 2839 1483 2911; x_wconf 88' lang='lat' dir='ltr'><strong>subjicere</strong></span> <span class='ocrx_word' id='word_1_205' title='bbox 1530 2841 1849 2911; x_wconf 82' lang='lat' dir='ltr'><strong>imaginem,</strong></span> <span class='ocrx_word' id='word_1_206' title='bbox 1874 2843 1992 2899; x_wconf 83' lang='lat' dir='ltr'><strong>sive</strong></span> 
     </span>
    </p>
   </div>
   <div class='ocr_carea' id='block_1_34' title="bbox 406 2927 2061 3009">
    <p class='ocr_par' dir='ltr' id='par_1_34' title="bbox 406 2927 2061 3009">
     <span class='ocr_line' id='line_1_34' title="bbox 406 2927 2061 3009; baseline 0.01 -34"><span class='ocrx_word' id='word_1_207' title='bbox 406 2938 516 2976; x_wconf 86' lang='lat' dir='ltr'><strong>non</strong></span> <span class='ocrx_word' id='word_1_208' title='bbox 571 2927 855 2993; x_wconf 90' lang='lat' dir='ltr'><strong>potuerint</strong></span> <span class='ocrx_word' id='word_1_209' title='bbox 903 2929 970 2982; x_wconf 89' lang='lat' dir='ltr'><strong>ad</strong></span> <span class='ocrx_word' id='word_1_210' title='bbox 1004 2930 1172 3000; x_wconf 89' lang='lat' dir='ltr'><strong>hujus</strong></span> <span class='ocrx_word' id='word_1_211' title='bbox 1202 2933 1640 3002; x_wconf 87' lang='lat' dir='ltr'><strong>magnitudinem</strong></span> <span class='ocrx_word' id='word_1_212' title='bbox 1673 2944 1988 3003; x_wconf 86' lang='lat' dir='ltr'><strong>penetrare,</strong></span> <span class='ocrx_word' id='word_1_213' title='bbox 2019 2952 2061 3009; x_wconf 73' lang='grc' dir='ltr'><strong>α</strong></span> 
     </span>
    </p>
   </div>
   <div class='ocr_carea' id='block_1_35' title="bbox 406 3016 1995 3088">
    <p class='ocr_par' dir='ltr' id='par_1_35' title="bbox 406 3016 1995 3088">
     <span class='ocr_line' id='line_1_35' title="bbox 406 3016 1995 3088; baseline 0.007 -19"><span class='ocrx_word' id='word_1_214' title='bbox 406 3016 462 3069; x_wconf 88' lang='lat' dir='ltr'><strong>in</strong></span> <span class='ocrx_word' id='word_1_215' title='bbox 507 3016 660 3069; x_wconf 88' lang='lat' dir='ltr'><strong>nulla</strong></span> <span class='ocrx_word' id='word_1_216' title='bbox 704 3017 874 3087; x_wconf 83' lang='lat' dir='ltr'><strong>igitur</strong></span> <span class='ocrx_word' id='word_1_217' title='bbox 908 3035 967 3074; x_wconf 91' lang='lat' dir='ltr'><strong>re</strong></span> <span class='ocrx_word' id='word_1_218' title='bbox 998 3037 1066 3075; x_wconf 85' lang='lat' dir='ltr'><strong>ex</strong></span> <span class='ocrx_word' id='word_1_219' title='bbox 1092 3023 1376 3088; x_wconf 91' lang='lat' dir='ltr'><strong>omnibus,</strong></span> <span class='ocrx_word' id='word_1_220' title='bbox 1415 3033 1472 3077; x_wconf 91' lang='lat' dir='ltr'><strong>et</strong></span> <span class='ocrx_word' id='word_1_221' title='bbox 1517 3039 1773 3079; x_wconf 90' lang='lat' dir='ltr'><strong>sermone</strong></span> <span class='ocrx_word' id='word_1_222' title='bbox 1819 3034 1874 3079; x_wconf 90' lang='lat' dir='ltr'><strong>et</strong></span> <span class='ocrx_word' id='word_1_223' title='bbox 1911 3027 1995 3080; x_wconf 92' lang='lat' dir='ltr'><strong>lo-</strong></span> 
     </span>
    </p>
   </div>
   <div class='ocr_carea' id='block_1_36' title="bbox 406 3109 1993 3188">
    <p class='ocr_par' dir='ltr' id='par_1_36' title="bbox 406 3109 1993 3188">
     <span class='ocr_line' id='line_1_36' title="bbox 406 3109 1993 3188; baseline 0.009 -30"><span class='ocrx_word' id='word_1_224' title='bbox 406 3117 613 3174; x_wconf 89' lang='lat' dir='ltr'><strong>quente</strong></span> <span class='ocrx_word' id='word_1_225' title='bbox 647 3116 706 3162; x_wconf 91' lang='lat' dir='ltr'><strong>et</strong></span> <span class='ocrx_word' id='word_1_226' title='bbox 750 3109 1034 3175; x_wconf 85' lang='lat' dir='ltr'><strong>audiente,</strong></span> <span class='ocrx_word' id='word_1_227' title='bbox 1082 3113 1244 3168; x_wconf 87' lang='lat' dir='ltr'><strong>aliter</strong></span> <span class='ocrx_word' id='word_1_228' title='bbox 1271 3115 1477 3169; x_wconf 86' lang='lat' dir='ltr'><strong>accidit</strong></span> <span class='ocrx_word' id='word_1_229' title='bbox 1513 3117 1647 3186; x_wconf 88' lang='lat' dir='ltr'><strong>quin</strong></span> <span class='ocrx_word' id='word_1_230' title='bbox 1678 3118 1993 3188; x_wconf 87' lang='lat' dir='ltr'><strong>argumenti</strong></span> 
     </span>
    </p>
   </div>
   <div class='ocr_carea' id='block_1_37' title="bbox 403 3205 1993 3280">
    <p class='ocr_par' dir='ltr' id='par_1_37' title="bbox 403 3205 1993 3280">
     <span class='ocr_line' id='line_1_37' title="bbox 403 3205 1993 3280; baseline 0.009 -30"><span class='ocrx_word' id='word_1_231' title='bbox 403 3208 798 3255; x_wconf 88' lang='lat' dir='ltr'><strong>ornamentum</strong></span> <span class='ocrx_word' id='word_1_232' title='bbox 839 3205 1238 3260; x_wconf 89' lang='lat' dir='ltr'><strong>convenienter</strong></span> <span class='ocrx_word' id='word_1_233' title='bbox 1264 3207 1581 3279; x_wconf 91' lang='lat' dir='ltr'><strong>participet,</strong></span> <span class='ocrx_word' id='word_1_234' title='bbox 1614 3210 1700 3265; x_wconf 86' lang='lat' dir='ltr'><strong>vel</strong></span> <span class='ocrx_word' id='word_1_235' title='bbox 1735 3218 1795 3264; x_wconf 91' lang='lat' dir='ltr'><strong>ut</strong></span> <span class='ocrx_word' id='word_1_236' title='bbox 1827 3210 1993 3280; x_wconf 89' lang='lat' dir='ltr'><strong>paulo</strong></span> 
     </span>
    </p>
   </div>
   <div class='ocr_carea' id='block_1_38' title="bbox 403 3297 1420 3368">
    <p class='ocr_par' dir='ltr' id='par_1_38' title="bbox 403 3297 1420 3368">
     <span class='ocr_line' id='line_1_38' title="bbox 403 3297 1420 3368; baseline 0.009 -22"><span class='ocrx_word' id='word_1_237' title='bbox 403 3306 571 3364; x_wconf 87' lang='lat' dir='ltr'><strong>supra</strong></span> <span class='ocrx_word' id='word_1_238' title='bbox 615 3297 936 3353; x_wconf 86' lang='lat' dir='ltr'><strong>accuratius</strong></span> <span class='ocrx_word' id='word_1_239' title='bbox 980 3299 1277 3368; x_wconf 79' lang='lat' dir='ltr'><strong>quaesitum</strong></span> <span class='ocrx_word' id='word_1_240' title='bbox 1314 3310 1420 3357; x_wconf 90' lang='lat' dir='ltr'><strong>est.</strong></span> 
     </span>
    </p>
   </div>
   <div class='ocr_carea' id='block_1_39' title="bbox 401 3641 1986 3719">
    <p class='ocr_par' dir='ltr' id='par_1_39' title="bbox 401 3641 1986 3719">
     <span class='ocr_line' id='line_1_39' title="bbox 401 3641 1986 3719; baseline 0.007 -20"><span class='ocrx_word' id='word_1_241' title='bbox 401 3641 661 3719; x_wconf 54' lang='lat' dir='ltr'><strong>Ejusdem</strong></span> <span class='ocrx_word' id='word_1_242' title='bbox 719 3664 783 3701; x_wconf 71' lang='lat' dir='ltr'><strong>ex</strong></span> <span class='ocrx_word' id='word_1_243' title='bbox 831 3651 1177 3714; x_wconf 78' lang='lat' dir='ltr'><strong>carminibus,</strong></span> <span class='ocrx_word' id='word_1_244' title='bbox 1232 3652 1289 3705; x_wconf 84' lang='lat' dir='ltr'><strong>in</strong></span> <span class='ocrx_word' id='word_1_245' title='bbox 1342 3651 1526 3707; x_wconf 82' lang='lat' dir='ltr'><strong>illud:</strong></span> <span class='ocrx_word' id='word_1_246' title='bbox 1570 3670 1589 3704; x_wconf 76' lang='grc' dir='ltr'><strong>ι</strong></span> <span class='ocrx_word' id='word_1_247' title='bbox 1634 3653 1791 3708; x_wconf 83' lang='lat' dir='ltr'><strong>Ludit</strong></span> <span class='ocrx_word' id='word_1_248' title='bbox 1845 3657 1986 3710; x_wconf 86' lang='lat' dir='ltr'><strong>enim</strong></span> 
     </span>
    </p>
   </div>
   <div class='ocr_carea' id='block_1_40' title="bbox 473 3741 1987 3818">
    <p class='ocr_par' dir='ltr' id='par_1_40' title="bbox 473 3741 1987 3818">
     <span class='ocr_line' id='line_1_40' title="bbox 473 3741 1987 3818; baseline 0.007 -27"><span class='ocrx_word' id='word_1_249' title='bbox 473 3753 679 3791; x_wconf 74' lang='lat' dir='ltr'><strong>summa</strong></span> <span class='ocrx_word' id='word_1_250' title='bbox 699 3741 837 3791; x_wconf 84' lang='lat' dir='ltr'><strong>ratio</strong></span> <span class='ocrx_word' id='word_1_251' title='bbox 865 3742 1178 3795; x_wconf 84' lang='lat' dir='ltr'><strong>omnimodis</strong></span> <span class='ocrx_word' id='word_1_252' title='bbox 1199 3742 1411 3813; x_wconf 81' lang='lat' dir='ltr'><strong>ﬁguris,</strong></span> <span class='ocrx_word' id='word_1_253' title='bbox 1434 3745 1738 3801; x_wconf 82' lang='lat' dir='ltr'><strong>discernens</strong></span> <span class='ocrx_word' id='word_1_254' title='bbox 1752 3748 1987 3818; x_wconf 85' lang='lat' dir='ltr'><strong>qualibet</strong></span> 
     </span>
    </p>
   </div>
   <div class='ocr_carea' id='block_1_41' title="bbox 476 3825 1401 3889">
    <p class='ocr_par' dir='ltr' id='par_1_41' title="bbox 476 3825 1401 3889">
     <span class='ocr_line' id='line_1_41' title="bbox 476 3825 1401 3889; baseline 0.008 -11"><span class='ocrx_word' id='word_1_255' title='bbox 476 3825 735 3879; x_wconf 85' lang='lat' dir='ltr'><strong>mundum</strong></span> <span class='ocrx_word' id='word_1_256' title='bbox 757 3843 913 3881; x_wconf 76' lang='lat' dir='ltr'><strong>suum</strong></span> <span class='ocrx_word' id='word_1_257' title='bbox 951 3830 1072 3883; x_wconf 85' lang='lat' dir='ltr'><strong>hinc</strong></span> <span class='ocrx_word' id='word_1_258' title='bbox 1105 3838 1153 3885; x_wconf 86' lang='lat' dir='ltr'><strong>et</strong></span> <span class='ocrx_word' id='word_1_259' title='bbox 1173 3830 1341 3889; x_wconf 83' lang='lat' dir='ltr'><strong>illinc.</strong></span> <span class='ocrx_word' id='word_1_260' title='bbox 1383 3852 1401 3885; x_wconf 75' lang='grc' dir='ltr'><strong>ι</strong></span> 
     </span>
    </p>
   </div>
   <div class='ocr_carea' id='block_1_42' title="bbox 473 3934 1987 4014">
    <p class='ocr_par' dir='ltr' id='par_1_42' title="bbox 473 3934 1987 4014">
     <span class='ocr_line' id='line_1_42' title="bbox 473 3934 1987 4014; baseline 0.009 -24"><span class='ocrx_word' id='word_1_261' title='bbox 473 3934 708 4002; x_wconf 85' lang='lat' dir='ltr'><strong>Quando</strong></span> <span class='ocrx_word' id='word_1_262' title='bbox 734 3946 919 3993; x_wconf 89' lang='lat' dir='ltr'><strong>mente</strong></span> <span class='ocrx_word' id='word_1_263' title='bbox 945 3941 1118 3994; x_wconf 89' lang='lat' dir='ltr'><strong>veluti</strong></span> <span class='ocrx_word' id='word_1_264' title='bbox 1153 3957 1253 4011; x_wconf 88' lang='lat' dir='ltr'><strong>per</strong></span> <span class='ocrx_word' id='word_1_265' title='bbox 1276 3942 1475 4013; x_wconf 88' lang='lat' dir='ltr'><strong>januas</strong></span> <span class='ocrx_word' id='word_1_266' title='bbox 1503 3943 1768 4014; x_wconf 86' lang='lat' dir='ltr'><strong>quasdam</strong></span> <span class='ocrx_word' id='word_1_267' title='bbox 1792 3958 1987 4003; x_wconf 87' lang='lat' dir='ltr'><strong>eorum</strong></span> 
     </span>
    </p>
   </div>
   <div class='ocr_carea' id='block_1_43' title="bbox 403 4029 1989 4106">
    <p class='ocr_par' dir='ltr' id='par_1_43' title="bbox 403 4029 1989 4106">
     <span class='ocr_line' id='line_1_43' title="bbox 403 4029 1989 4106; baseline 0.005 -25"><span class='ocrx_word' id='word_1_268' title='bbox 403 4043 528 4098; x_wconf 83' lang='lat' dir='ltr'><strong>quae</strong></span> <span class='ocrx_word' id='word_1_269' title='bbox 550 4029 814 4085; x_wconf 90' lang='lat' dir='ltr'><strong>videntur</strong></span> <span class='ocrx_word' id='word_1_270' title='bbox 840 4030 906 4085; x_wconf 89' lang='lat' dir='ltr'><strong>ad</strong></span> <span class='ocrx_word' id='word_1_271' title='bbox 941 4032 1340 4090; x_wconf 77' lang='lat' dir='ltr'><strong>intellectualia</strong></span> <span class='ocrx_word' id='word_1_272' title='bbox 1362 4036 1591 4106; x_wconf 88' lang='lat' dir='ltr'><strong>trajecta</strong></span> <span class='ocrx_word' id='word_1_273' title='bbox 1637 4036 1753 4090; x_wconf 90' lang='lat' dir='ltr'><strong>sola</strong></span> <span class='ocrx_word' id='word_1_274' title='bbox 1790 4036 1897 4091; x_wconf 83' lang='lat' dir='ltr'><strong>ﬁde</strong></span> <span class='ocrx_word' id='word_1_275' title='bbox 1930 4036 1989 4090; x_wconf 91' lang='lat' dir='ltr'><strong>in</strong></span> 
     </span>
    </p>
   </div>
   <div class='ocr_carea' id='block_1_44' title="bbox 405 4118 1990 4196">
    <p class='ocr_par' dir='ltr' id='par_1_44' title="bbox 405 4118 1990 4196">
     <span class='ocr_line' id='line_1_44' title="bbox 405 4118 1990 4196; baseline 0.006 -26"><span class='ocrx_word' id='word_1_276' title='bbox 405 4118 604 4187; x_wconf 82' lang='lat' dir='ltr'><strong>spiritu</strong></span> <span class='ocrx_word' id='word_1_277' title='bbox 631 4134 861 4190; x_wconf 84' lang='lat' dir='ltr'><strong>magnus</strong></span> <span class='ocrx_word' id='word_1_278' title='bbox 892 4121 1060 4176; x_wconf 81' lang='lat' dir='ltr'><strong>David</strong></span> <span class='ocrx_word' id='word_1_279' title='bbox 1092 4140 1120 4178; x_wconf 91' lang='lat' dir='ltr'><strong>a</strong></span> <span class='ocrx_word' id='word_1_280' title='bbox 1165 4124 1352 4179; x_wconf 89' lang='lat' dir='ltr'><strong>divina</strong></span> <span class='ocrx_word' id='word_1_281' title='bbox 1384 4126 1662 4194; x_wconf 86' lang='lat' dir='ltr'><strong>sapientia</strong></span> <span class='ocrx_word' id='word_1_282' title='bbox 1694 4127 1990 4196; x_wconf 86' lang='lat' dir='ltr'><strong>quamdam</strong></span> 
     </span>
    </p>
   </div>
   <div class='ocr_carea' id='block_1_45' title="bbox 404 4208 1992 4286">
    <p class='ocr_par' dir='ltr' id='par_1_45' title="bbox 404 4208 1992 4286">
     <span class='ocr_line' id='line_1_45' title="bbox 404 4208 1992 4286; baseline 0.004 -24"><span class='ocrx_word' id='word_1_283' title='bbox 404 4208 791 4278; x_wconf 77' lang='lat' dir='ltr'><strong>mysteriorum</strong></span> <span class='ocrx_word' id='word_1_284' title='bbox 814 4226 937 4281; x_wconf 85' lang='lat' dir='ltr'><strong>quae</strong></span> <span class='ocrx_word' id='word_1_285' title='bbox 960 4213 1183 4282; x_wconf 86' lang='lat' dir='ltr'><strong>quidem</strong></span> <span class='ocrx_word' id='word_1_286' title='bbox 1209 4214 1534 4269; x_wconf 91' lang='lat' dir='ltr'><strong>hominibus</strong></span> <span class='ocrx_word' id='word_1_287' title='bbox 1558 4214 1833 4286; x_wconf 88' lang='lat' dir='ltr'><strong>attingere</strong></span> <span class='ocrx_word' id='word_1_288' title='bbox 1863 4216 1992 4270; x_wconf 89' lang='lat' dir='ltr'><strong>licet</strong></span> 
     </span>
    </p>
   </div>
   <div class='ocr_carea' id='block_1_46' title="bbox 408 4298 1991 4378">
    <p class='ocr_par' dir='ltr' id='par_1_46' title="bbox 408 4298 1991 4378">
     <span class='ocr_line' id='line_1_46' title="bbox 408 4298 1991 4378; baseline 0.008 -27"><span class='ocrx_word' id='word_1_289' title='bbox 408 4298 921 4368; x_wconf 89' lang='lat' dir='ltr'><strong>interpretationem</strong></span> <span class='ocrx_word' id='word_1_290' title='bbox 951 4304 1190 4373; x_wconf 86' lang='lat' dir='ltr'><strong>accepit,</strong></span> <span class='ocrx_word' id='word_1_291' title='bbox 1216 4314 1353 4370; x_wconf 92' lang='lat' dir='ltr'><strong>tum,</strong></span> <span class='ocrx_word' id='word_1_292' title='bbox 1388 4313 1546 4375; x_wconf 85' lang='lat' dir='ltr'><strong>puto,</strong></span> <span class='ocrx_word' id='word_1_293' title='bbox 1578 4306 1657 4361; x_wconf 89' lang='lat' dir='ltr'><strong>ait</strong></span> <span class='ocrx_word' id='word_1_294' title='bbox 1706 4324 1719 4359; x_wconf 90' lang='lat'><strong>:</strong></span> <span class='ocrx_word' id='word_1_295' title='bbox 1759 4307 1991 4378; x_wconf 79' lang='lat' dir='ltr'><strong>Abyssus</strong></span> 
     </span>
    </p>
   </div>
   <div class='ocr_carea' id='block_1_47' title="bbox 408 4388 1991 4460">
    <p class='ocr_par' dir='ltr' id='par_1_47' title="bbox 408 4388 1991 4460">
     <span class='ocr_line' id='line_1_47' title="bbox 408 4388 1991 4460; baseline 0.008 -18"><span class='ocrx_word' id='word_1_296' title='bbox 408 4388 649 4460; x_wconf 77' lang='lat' dir='ltr'><strong>abyssum</strong></span> <span class='ocrx_word' id='word_1_297' title='bbox 681 4394 889 4448; x_wconf 85' lang='lat' dir='ltr'><strong>invocat</strong></span> <span class='ocrx_word' id='word_1_298' title='bbox 920 4396 976 4449; x_wconf 83' lang='lat' dir='ltr'><strong>in</strong></span> <span class='ocrx_word' id='word_1_299' title='bbox 1017 4412 1194 4450; x_wconf 80' lang='lat' dir='ltr'><strong>vocem</strong></span> <span class='ocrx_word' id='word_1_300' title='bbox 1226 4406 1633 4453; x_wconf 81' lang='lat' dir='ltr'><strong>cataractarum</strong></span> <span class='ocrx_word' id='word_1_301' title='bbox 1679 4402 1897 4454; x_wconf 73' lang='lat' dir='ltr'><strong>tuarum</strong></span> <span class='ocrx_word' id='word_1_302' title='bbox 1929 4399 1946 4439; x_wconf 79' lang='grc' dir='ltr'>ί</span> <span class='ocrx_word' id='word_1_303' title='bbox 1978 4420 1991 4455; x_wconf 89' lang='lat'><strong>:</strong></span> 
     </span>
    </p>
   </div>
   <div class='ocr_carea' id='block_1_48' title="bbox 410 4481 1999 4555">
    <p class='ocr_par' dir='ltr' id='par_1_48' title="bbox 410 4481 1999 4555">
     <span class='ocr_line' id='line_1_48' title="bbox 410 4481 1999 4555; baseline 0.009 -23"><span class='ocrx_word' id='word_1_304' title='bbox 410 4481 493 4535; x_wconf 85' lang='lat' dir='ltr'><strong>his</strong></span> <span class='ocrx_word' id='word_1_305' title='bbox 547 4481 783 4538; x_wconf 79' lang='lat' dir='ltr'><strong>forta&#39;sse</strong></span> <span class='ocrx_word' id='word_1_306' title='bbox 835 4485 1154 4555; x_wconf 81' lang='lat' dir='ltr'><strong>signiﬁcans</strong></span> <span class='ocrx_word' id='word_1_307' title='bbox 1205 4502 1426 4542; x_wconf 92' lang='lat' dir='ltr'><strong>omnem</strong></span> <span class='ocrx_word' id='word_1_308' title='bbox 1465 4498 1708 4545; x_wconf 88' lang='lat' dir='ltr'><strong>mentem</strong></span> <span class='ocrx_word' id='word_1_309' title='bbox 1745 4501 1999 4547; x_wconf 89' lang='lat' dir='ltr'><strong>eontem-</strong></span> 
     </span>
    </p>
   </div>
   <div class='ocr_carea' id='block_1_49' title="bbox 408 4573 1997 4647">
    <p class='ocr_par' dir='ltr' id='par_1_49' title="bbox 408 4573 1997 4647">
     <span class='ocr_line' id='line_1_49' title="bbox 408 4573 1997 4647; baseline 0.011 -23"><span class='ocrx_word' id='word_1_310' title='bbox 408 4573 666 4640; x_wconf 82' lang='lat' dir='ltr'><strong>plativam</strong></span> <span class='ocrx_word' id='word_1_311' title='bbox 692 4616 706 4638; x_wconf 88' lang='lat'><strong>,</strong></span> <span class='ocrx_word' id='word_1_312' title='bbox 738 4591 807 4631; x_wconf 90' lang='lat' dir='ltr'><strong>eo</strong></span> <span class='ocrx_word' id='word_1_313' title='bbox 842 4579 991 4647; x_wconf 93' lang='lat' dir='ltr'><strong>quod</strong></span> <span class='ocrx_word' id='word_1_314' title='bbox 1026 4581 1357 4637; x_wconf 80' lang='lat' dir='ltr'><strong>naturaliter</strong></span> <span class='ocrx_word' id='word_1_315' title='bbox 1393 4582 1690 4638; x_wconf 84' lang='lat' dir='ltr'><strong>invisibilis</strong></span> <span class='ocrx_word' id='word_1_316' title='bbox 1725 4585 1797 4639; x_wconf 92' lang='lat' dir='ltr'><strong>sit</strong></span> <span class='ocrx_word' id='word_1_317' title='bbox 1830 4593 1887 4640; x_wconf 88' lang='lat' dir='ltr'><strong>et</strong></span> <span class='ocrx_word' id='word_1_318' title='bbox 1924 4586 1997 4641; x_wconf 91' lang='lat' dir='ltr'><strong>ob</strong></span> 
     </span>
    </p>
   </div>
   <div class='ocr_carea' id='block_1_50' title="bbox 407 4662 1996 4748">
    <p class='ocr_par' dir='ltr' id='par_1_50' title="bbox 407 4662 1996 4748">
     <span class='ocr_line' id='line_1_50' title="bbox 407 4662 1996 4748; baseline 0.012 -35"><span class='ocrx_word' id='word_1_319' title='bbox 407 4662 839 4729; x_wconf 82' lang='lat' dir='ltr'><strong>profunditatem</strong></span> <span class='ocrx_word' id='word_1_320' title='bbox 863 4678 919 4721; x_wconf 92' lang='lat' dir='ltr'><strong>et</strong></span> <span class='ocrx_word' id='word_1_321' title='bbox 936 4669 1354 4727; x_wconf 70' lang='lat' dir='ltr'><strong>multitudinem</strong></span> <span class='ocrx_word' id='word_1_322' title='bbox 1374 4673 1774 4741; x_wconf 89' lang='lat' dir='ltr'><strong>cogitationum</strong></span> <span class='ocrx_word' id='word_1_323' title='bbox 1796 4676 1996 4748; x_wconf 80' lang='lat' dir='ltr'><strong>abysso</strong></span> 
     </span>
    </p>
   </div>
   <div class='ocr_carea' id='block_1_51' title="bbox 406 4751 1996 4835">
    <p class='ocr_par' dir='ltr' id='par_1_51' title="bbox 406 4751 1996 4835">
     <span class='ocr_line' id='line_1_51' title="bbox 406 4751 1996 4835; baseline 0.013 -31"><span class='ocrx_word' id='word_1_324' title='bbox 406 4751 667 4820; x_wconf 86' lang='lat' dir='ltr'><strong>similem,</strong></span> <span class='ocrx_word' id='word_1_325' title='bbox 694 4766 988 4828; x_wconf 87' lang='lat' dir='ltr'><strong>postquam</strong></span> <span class='ocrx_word' id='word_1_326' title='bbox 1015 4763 1332 4819; x_wconf 87' lang='lat' dir='ltr'><strong>universam</strong></span> <span class='ocrx_word' id='word_1_327' title='bbox 1359 4779 1554 4820; x_wconf 90' lang='lat' dir='ltr'><strong>earum</strong></span> <span class='ocrx_word' id='word_1_328' title='bbox 1579 4783 1703 4835; x_wconf 70' lang='lat' dir='ltr'><strong>qua:</strong></span> <span class='ocrx_word' id='word_1_329' title='bbox 1729 4768 1996 4824; x_wconf 90' lang='lat' dir='ltr'><strong>videntur</strong></span> 
     </span>
    </p>
   </div>
   <div class='ocr_carea' id='block_1_52' title="bbox 409 4851 1993 4930">
    <p class='ocr_par' dir='ltr' id='par_1_52' title="bbox 409 4851 1993 4930">
     <span class='ocr_line' id='line_1_52' title="bbox 409 4851 1993 4930; baseline 0.014 -35"><span class='ocrx_word' id='word_1_330' title='bbox 409 4857 596 4898; x_wconf 88' lang='lat' dir='ltr'><strong>rerum</strong></span> <span class='ocrx_word' id='word_1_331' title='bbox 630 4851 1087 4907; x_wconf 87' lang='lat' dir='ltr'><strong>constitutionem</strong></span> <span class='ocrx_word' id='word_1_332' title='bbox 1122 4865 1179 4909; x_wconf 89' lang='lat' dir='ltr'><strong>et</strong></span> <span class='ocrx_word' id='word_1_333' title='bbox 1215 4856 1470 4913; x_wconf 88' lang='lat' dir='ltr'><strong>ordinem</strong></span> <span class='ocrx_word' id='word_1_334' title='bbox 1516 4860 1800 4930; x_wconf 89' lang='lat' dir='ltr'><strong>trajecerit</strong></span> <span class='ocrx_word' id='word_1_335' title='bbox 1835 4871 1891 4917; x_wconf 93' lang='lat' dir='ltr'><strong>et</strong></span> <span class='ocrx_word' id='word_1_336' title='bbox 1938 4863 1993 4917; x_wconf 93' lang='lat' dir='ltr'><strong>in</strong></span> 
     </span>
    </p>
   </div>
   <div class='ocr_carea' id='block_1_53' title="bbox 408 4932 2057 5023">
    <p class='ocr_par' dir='ltr' id='par_1_53' title="bbox 408 4932 2057 5023">
     <span class='ocr_line' id='line_1_53' title="bbox 408 4932 2057 5023; baseline 0.015 -37"><span class='ocrx_word' id='word_1_337' title='bbox 408 4932 866 4997; x_wconf 81' lang='lat' dir='ltr'><strong>intellectualium</strong></span> <span class='ocrx_word' id='word_1_338' title='bbox 928 4946 1211 5014; x_wconf 80' lang='lat' dir='ltr'><strong>regionem</strong></span> <span class='ocrx_word' id='word_1_339' title='bbox 1264 4952 1623 5018; x_wconf 88' lang='lat' dir='ltr'><strong>pervenerit,</strong></span> <span class='ocrx_word' id='word_1_340' title='bbox 1679 4944 2057 5023; x_wconf 52' lang='lat' dir='ltr'><strong>horumque&quot;</strong></span> 
     </span>
    </p>
   </div>
   <div class='ocr_carea' id='block_1_54' title="bbox 409 5023 1994 5100">
    <p class='ocr_par' dir='ltr' id='par_1_54' title="bbox 409 5023 1994 5100">
     <span class='ocr_line' id='line_1_54' title="bbox 409 5023 1994 5100; baseline 0.014 -22"><span class='ocrx_word' id='word_1_341' title='bbox 409 5023 667 5082; x_wconf 87' lang='lat' dir='ltr'><strong>decorem</strong></span> <span class='ocrx_word' id='word_1_342' title='bbox 692 5034 1003 5088; x_wconf 90' lang='lat' dir='ltr'><strong>secundum</strong></span> <span class='ocrx_word' id='word_1_343' title='bbox 1030 5035 1191 5092; x_wconf 82' lang='lat' dir='ltr'><strong>ﬁdem</strong></span> <span class='ocrx_word' id='word_1_344' title='bbox 1218 5055 1414 5096; x_wconf 88' lang='lat' dir='ltr'><strong>rursus</strong></span> <span class='ocrx_word' id='word_1_345' title='bbox 1432 5052 1614 5098; x_wconf 89' lang='lat' dir='ltr'><strong>motus</strong></span> <span class='ocrx_word' id='word_1_346' title='bbox 1639 5044 1994 5100; x_wconf 87' lang='lat' dir='ltr'><strong>vehementia</strong></span> 
     </span>
    </p>
   </div>
   <div class='ocr_carea' id='block_1_55' title="bbox 489 5143 897 5211">
    <p class='ocr_par' dir='ltr' id='par_1_55' title="bbox 489 5143 897 5211">
     <span class='ocr_line' id='line_1_55' title="bbox 489 5143 897 5211; baseline 0.012 -15"><span class='ocrx_word' id='word_1_347' title='bbox 489 5143 505 5181; x_wconf 74' lang='grc' dir='ltr'><strong>ί</strong></span> <span class='ocrx_word' id='word_1_348' title='bbox 544 5143 660 5199; x_wconf 90' lang='lat' dir='ltr'><strong>Pal.</strong></span> <span class='ocrx_word' id='word_1_349' title='bbox 694 5162 801 5211; x_wconf 82' lang='lat' dir='ltr'><strong>xu,</strong></span> <span class='ocrx_word' id='word_1_350' title='bbox 833 5150 897 5206; x_wconf 89' lang='lat'><strong>8.</strong></span> 
     </span>
    </p>
   </div>
   <div class='ocr_carea' id='block_1_56' title="bbox 2085 358 3713 443">
    <p class='ocr_par' dir='ltr' id='par_1_56' title="bbox 2085 358 3713 443">
     <span class='ocr_line' id='line_1_56' title="bbox 2085 358 3713 443; baseline -0.011 -16"><span class='ocrx_word' id='word_1_351' title='bbox 2085 373 2178 427; x_wconf 81' lang='grc' dir='ltr'><strong>τοῦ</strong></span> <span class='ocrx_word' id='word_1_352' title='bbox 2206 372 2520 443; x_wconf 81' lang='grc' dir='ltr'><strong>λεγομένοις</strong></span> <span class='ocrx_word' id='word_1_353' title='bbox 2541 371 2698 440; x_wconf 81' lang='grc' dir='ltr'><strong>δῆλον</strong></span> <span class='ocrx_word' id='word_1_354' title='bbox 2726 370 2910 440; x_wconf 74' lang='grc' dir='ltr'><strong>ἥδεται</strong></span> <span class='ocrx_word' id='word_1_355' title='bbox 2938 370 3033 422; x_wconf 71' lang='grc' dir='ltr'><strong>καὶ</strong></span> <span class='ocrx_word' id='word_1_356' title='bbox 3061 363 3537 439; x_wconf 72' lang='grc' dir='ltr'><strong>παρακαλεῖται.</strong></span> <span class='ocrx_word' id='word_1_357' title='bbox 3566 358 3713 411; x_wconf 82' lang='grc' dir='ltr'><strong>Ἥδε-</strong></span> 
     </span>
    </p>
   </div>
   <div class='ocr_carea' id='block_1_57' title="bbox 2086 450 3719 534">
    <p class='ocr_par' dir='ltr' id='par_1_57' title="bbox 2086 450 3719 534">
     <span class='ocr_line' id='line_1_57' title="bbox 2086 450 3719 534; baseline -0.01 -16"><span class='ocrx_word' id='word_1_358' title='bbox 2086 483 2176 519; x_wconf 89' lang='grc' dir='ltr'><strong>ται</strong></span> <span class='ocrx_word' id='word_1_359' title='bbox 2216 467 2314 534; x_wconf 79' lang='grc' dir='ltr'><strong>μὲν</strong></span> <span class='ocrx_word' id='word_1_360' title='bbox 2350 462 2779 534; x_wconf 72' lang='grc' dir='ltr'><strong>προστιθέμενος</strong></span> <span class='ocrx_word' id='word_1_361' title='bbox 2813 460 2963 530; x_wconf 77' lang='grc' dir='ltr'><strong>αύτῷ</strong></span> <span class='ocrx_word' id='word_1_362' title='bbox 3012 460 3172 513; x_wconf 81' lang='grc' dir='ltr'><strong>πλέον</strong></span> <span class='ocrx_word' id='word_1_363' title='bbox 3200 454 3378 511; x_wconf 73' lang='grc' dir='ltr'><strong>κατὰ</strong></span> <span class='ocrx_word' id='word_1_364' title='bbox 3429 450 3623 523; x_wconf 78' lang='grc' dir='ltr'><strong>ψυχὴν</strong></span> <span class='ocrx_word' id='word_1_365' title='bbox 3652 450 3719 511; x_wconf 76' lang='grc' dir='ltr'><strong>ὡς</strong></span> 
     </span>
    </p>
   </div>
   <div class='ocr_carea' id='block_1_58' title="bbox 2086 542 3715 626">
    <p class='ocr_par' dir='ltr' id='par_1_58' title="bbox 2086 542 3715 626">
     <span class='ocr_line' id='line_1_58' title="bbox 2086 542 3715 626; baseline -0.01 -16"><span class='ocrx_word' id='word_1_366' title='bbox 2086 555 2415 626; x_wconf 84' lang='grc' dir='ltr'><strong>καταθυμίῳ</strong></span> <span class='ocrx_word' id='word_1_367' title='bbox 2463 555 2774 624; x_wconf 79' lang='grc' dir='ltr'><strong>πράγματι,</strong></span> <span class='ocrx_word' id='word_1_368' title='bbox 2823 552 3220 624; x_wconf 77' lang='grc' dir='ltr'><strong>παρακαλεῖται</strong></span> <span class='ocrx_word' id='word_1_369' title='bbox 3286 548 3359 603; x_wconf 82' lang='grc' dir='ltr'><strong>δὲ</strong></span> <span class='ocrx_word' id='word_1_370' title='bbox 3430 545 3544 614; x_wconf 77' lang='grc' dir='ltr'><strong>τῆς</strong></span> <span class='ocrx_word' id='word_1_371' title='bbox 3599 542 3715 595; x_wconf 71' lang='grc' dir='ltr'><strong>κατ’</strong></span> 
     </span>
    </p>
   </div>
   <div class='ocr_carea' id='block_1_59' title="bbox 2087 635 3721 713">
    <p class='ocr_par' dir='ltr' id='par_1_59' title="bbox 2087 635 3721 713">
     <span class='ocr_line' id='line_1_59' title="bbox 2087 635 3721 713; baseline -0.008 -14"><span class='ocrx_word' id='word_1_372' title='bbox 2087 646 2216 700; x_wconf 79' lang='grc' dir='ltr'><strong>αὐτὸ</strong></span> <span class='ocrx_word' id='word_1_373' title='bbox 2246 646 2488 708; x_wconf 81' lang='grc' dir='ltr'><strong>πλείονος</strong></span> <span class='ocrx_word' id='word_1_374' title='bbox 2518 645 2841 708; x_wconf 74' lang='grc' dir='ltr'><strong>ἐπιδόσεως,</strong></span> <span class='ocrx_word' id='word_1_375' title='bbox 2865 647 2930 699; x_wconf 90' lang='grc' dir='ltr'><strong>ἐκ</strong></span> <span class='ocrx_word' id='word_1_376' title='bbox 2962 645 3061 698; x_wconf 78' lang='grc' dir='ltr'><strong>τοῦ</strong></span> <span class='ocrx_word' id='word_1_377' title='bbox 3090 642 3215 713; x_wconf 78' lang='grc' dir='ltr'><strong>περὶ</strong></span> <span class='ocrx_word' id='word_1_378' title='bbox 3248 638 3453 695; x_wconf 80' lang='grc' dir='ltr'><strong>αὐτοῦ</strong></span> <span class='ocrx_word' id='word_1_379' title='bbox 3491 635 3721 706; x_wconf 80' lang='grc' dir='ltr'><strong>δεχόμε-</strong></span> 
     </span>
    </p>
   </div>
   <div class='ocr_carea' id='block_1_60' title="bbox 2086 727 3721 806">
    <p class='ocr_par' dir='ltr' id='par_1_60' title="bbox 2086 727 3721 806">
     <span class='ocr_line' id='line_1_60' title="bbox 2086 727 3721 806; baseline -0.007 -16"><span class='ocrx_word' id='word_1_380' title='bbox 2086 755 2174 799; x_wconf 83' lang='grc' dir='ltr'><strong>νος</strong></span> <span class='ocrx_word' id='word_1_381' title='bbox 2205 736 2431 789; x_wconf 74' lang='grc' dir='ltr'><strong>ἐπαίνου</strong></span> <span class='ocrx_word' id='word_1_382' title='bbox 2464 732 2685 804; x_wconf 75' lang='grc' dir='ltr'><strong>μείζονα</strong></span> <span class='ocrx_word' id='word_1_383' title='bbox 2736 739 3077 806; x_wconf 80' lang='grc' dir='ltr'><strong>προτροπὴν.</strong></span> <span class='ocrx_word' id='word_1_384' title='bbox 3107 752 3125 785; x_wconf 80' lang='grc' dir='ltr'><strong>ι</strong></span> <span class='ocrx_word' id='word_1_385' title='bbox 3155 727 3269 787; x_wconf 79' lang='grc' dir='ltr'><strong>Ὧν</strong></span> <span class='ocrx_word' id='word_1_386' title='bbox 3302 732 3463 800; x_wconf 76' lang='grc' dir='ltr'><strong>γὰρ,</strong></span> <span class='ocrx_word' id='word_1_387' title='bbox 3498 727 3671 797; x_wconf 65' lang='grc' dir='ltr'><strong>φησιν</strong></span> <span class='ocrx_word' id='word_1_388' title='bbox 3695 728 3721 779; x_wconf 85' lang='grc' dir='ltr'><strong><em>ὁ</em></strong></span> 
     </span>
    </p>
   </div>
   <div class='ocr_carea' id='block_1_61' title="bbox 2085 816 3723 889">
    <p class='ocr_par' dir='ltr' id='par_1_61' title="bbox 2085 816 3723 889">
     <span class='ocr_line' id='line_1_61' title="bbox 2085 816 3723 889; baseline -0.006 -11"><span class='ocrx_word' id='word_1_389' title='bbox 2085 824 2429 889; x_wconf 84' lang='grc' dir='ltr'><strong>διδάσκαλος,</strong></span> <span class='ocrx_word' id='word_1_390' title='bbox 2455 825 2583 887; x_wconf 68' lang='grc' dir='ltr'><strong>τοὺς</strong></span> <span class='ocrx_word' id='word_1_391' title='bbox 2626 825 2885 885; x_wconf 79' lang='grc' dir='ltr'><strong>ἐπαίνους</strong></span> <span class='ocrx_word' id='word_1_392' title='bbox 2932 819 3073 888; x_wconf 77' lang='grc' dir='ltr'><strong>οἶδα,</strong></span> <span class='ocrx_word' id='word_1_393' title='bbox 3119 822 3352 877; x_wconf 86' lang='grc' dir='ltr'><strong>τούτων</strong></span> <span class='ocrx_word' id='word_1_394' title='bbox 3384 817 3599 886; x_wconf 78' lang='grc' dir='ltr'><strong>σαφῶς</strong></span> <span class='ocrx_word' id='word_1_395' title='bbox 3632 816 3723 870; x_wconf 79' lang='grc' dir='ltr'><strong>καὶ</strong></span> 
     </span>
    </p>
   </div>
   <div class='ocr_carea' id='block_1_62' title="bbox 2087 906 3723 984">
    <p class='ocr_par' dir='ltr' id='par_1_62' title="bbox 2087 906 3723 984">
     <span class='ocr_line' id='line_1_62' title="bbox 2087 906 3723 984; baseline 0.002 -18"><span class='ocrx_word' id='word_1_396' title='bbox 2087 914 2380 980; x_wconf 72' lang='grc' dir='ltr'><strong>ἐπιδόσεις,</strong></span> <span class='ocrx_word' id='word_1_397' title='bbox 2435 933 2455 966; x_wconf 73' lang='grc' dir='ltr'><strong>ι</strong></span> <span class='ocrx_word' id='word_1_398' title='bbox 2508 914 2807 979; x_wconf 81' lang='grc' dir='ltr'><strong>τουτέστιν,</strong></span> <span class='ocrx_word' id='word_1_399' title='bbox 2856 906 2932 969; x_wconf 83' lang='grc' dir='ltr'><strong>ὧν</strong></span> <span class='ocrx_word' id='word_1_400' title='bbox 2983 910 3103 968; x_wconf 78' lang='grc' dir='ltr'><strong>οἶδα</strong></span> <span class='ocrx_word' id='word_1_401' title='bbox 3151 913 3547 984; x_wconf 70' lang='grc' dir='ltr'><strong>πραγμάτων</strong></span> <span class='ocrx_word' id='word_1_402' title='bbox 3600 908 3723 969; x_wconf 69' lang='grc' dir='ltr'><strong>τοὺς</strong></span> 
     </span>
    </p>
   </div>
   <div class='ocr_carea' id='block_1_63' title="bbox 2087 1001 3723 1076">
    <p class='ocr_par' dir='ltr' id='par_1_63' title="bbox 2087 1001 3723 1076">
     <span class='ocr_line' id='line_1_63' title="bbox 2087 1001 3723 1076; baseline -0.002 -20"><span class='ocrx_word' id='word_1_403' title='bbox 2087 1005 2367 1071; x_wconf 85' lang='grc' dir='ltr'><strong>ἐπαίνους,</strong></span> <span class='ocrx_word' id='word_1_404' title='bbox 2418 1007 2514 1061; x_wconf 79' lang='grc' dir='ltr'><strong>καὶ</strong></span> <span class='ocrx_word' id='word_1_405' title='bbox 2569 1005 2679 1058; x_wconf 88' lang='grc' dir='ltr'><strong>τῶν</strong></span> <span class='ocrx_word' id='word_1_406' title='bbox 2713 1006 3134 1076; x_wconf 78' lang='grc' dir='ltr'><strong>ἀποδεχομένων</strong></span> <span class='ocrx_word' id='word_1_407' title='bbox 3176 1005 3333 1059; x_wconf 77' lang='grc' dir='ltr'><strong>αὐτὰ</strong></span> <span class='ocrx_word' id='word_1_408' title='bbox 3370 1002 3589 1070; x_wconf 80' lang='grc' dir='ltr'>σαφῶς</span> <span class='ocrx_word' id='word_1_409' title='bbox 3628 1001 3723 1054; x_wconf 76' lang='grc' dir='ltr'><strong>άνο</strong></span> 
     </span>
    </p>
   </div>
   <div class='ocr_carea' id='block_1_64' title="bbox 2088 1094 3719 1168">
    <p class='ocr_par' dir='ltr' id='par_1_64' title="bbox 2088 1094 3719 1168">
     <span class='ocr_line' id='line_1_64' title="bbox 2088 1094 3719 1168; baseline -0.008 -18"><span class='ocrx_word' id='word_1_410' title='bbox 2088 1095 2323 1167; x_wconf 85' lang='grc' dir='ltr'><strong>θρὼπων</strong></span> <span class='ocrx_word' id='word_1_411' title='bbox 2343 1098 2444 1161; x_wconf 81' lang='grc' dir='ltr'><strong>τὰς</strong></span> <span class='ocrx_word' id='word_1_412' title='bbox 2466 1099 2548 1161; x_wconf 82' lang='grc' dir='ltr'><strong>είς</strong></span> <span class='ocrx_word' id='word_1_413' title='bbox 2572 1097 2775 1168; x_wconf 80' lang='grc' dir='ltr'><strong>ἀρετὴν</strong></span> <span class='ocrx_word' id='word_1_414' title='bbox 2800 1098 3093 1160; x_wconf 85' lang='grc' dir='ltr'><strong>ἐπιδόσεις,</strong></span> <span class='ocrx_word' id='word_1_415' title='bbox 3117 1098 3288 1168; x_wconf 67' lang='grc' dir='ltr'><strong>ἤγουν</strong></span> <span class='ocrx_word' id='word_1_416' title='bbox 3329 1094 3719 1163; x_wconf 69' lang='grc' dir='ltr'><strong>ἐπαυξὴσεις,</strong></span> 
     </span>
    </p>
   </div>
   <div class='ocr_carea' id='block_1_65' title="bbox 2087 1183 3723 1257">
    <p class='ocr_par' dir='ltr' id='par_1_65' title="bbox 2087 1183 3723 1257">
     <span class='ocr_line' id='line_1_65' title="bbox 2087 1183 3723 1257; baseline -0.004 -16"><span class='ocrx_word' id='word_1_417' title='bbox 2087 1189 2409 1257; x_wconf 85' lang='grc' dir='ltr'><strong>ἐπίσταμαι.</strong></span> <span class='ocrx_word' id='word_1_418' title='bbox 2452 1189 2569 1243; x_wconf 82' lang='grc' dir='ltr'><strong>Ἐπ’</strong></span> <span class='ocrx_word' id='word_1_419' title='bbox 2613 1188 2827 1250; x_wconf 72' lang='grc' dir='ltr'><strong>οὐδενὸς</strong></span> <span class='ocrx_word' id='word_1_420' title='bbox 2863 1183 2958 1241; x_wconf 78' lang='grc' dir='ltr'><strong>οὖν</strong></span> <span class='ocrx_word' id='word_1_421' title='bbox 2991 1187 3101 1241; x_wconf 88' lang='grc' dir='ltr'><strong>τῶν</strong></span> <span class='ocrx_word' id='word_1_422' title='bbox 3141 1186 3537 1257; x_wconf 75' lang='grc' dir='ltr'><strong>πραγμάτων</strong></span> <span class='ocrx_word' id='word_1_423' title='bbox 3584 1184 3723 1236; x_wconf 82' lang='grc' dir='ltr'><strong>πάν-</strong></span> 
     </span>
    </p>
   </div>
   <div class='ocr_carea' id='block_1_66' title="bbox 2085 1270 3721 1351">
    <p class='ocr_par' dir='ltr' id='par_1_66' title="bbox 2085 1270 3721 1351">
     <span class='ocr_line' id='line_1_66' title="bbox 2085 1270 3721 1351; baseline -0.004 -17"><span class='ocrx_word' id='word_1_424' title='bbox 2085 1298 2192 1334; x_wconf 81' lang='grc' dir='ltr'><strong>των</strong></span> <span class='ocrx_word' id='word_1_425' title='bbox 2224 1280 2466 1351; x_wconf 86' lang='grc' dir='ltr'><strong>δηλονότι</strong></span> <span class='ocrx_word' id='word_1_426' title='bbox 2496 1280 2605 1334; x_wconf 86' lang='grc' dir='ltr'><strong>τῶν</strong></span> <span class='ocrx_word' id='word_1_427' title='bbox 2641 1280 3050 1349; x_wconf 78' lang='grc' dir='ltr'><strong>ἐπαινουμένων</strong></span> <span class='ocrx_word' id='word_1_428' title='bbox 3072 1279 3175 1333; x_wconf 85' lang='grc' dir='ltr'><strong>οὐκ</strong></span> <span class='ocrx_word' id='word_1_429' title='bbox 3200 1281 3367 1333; x_wconf 82' lang='grc' dir='ltr'><strong>ἐστιν</strong></span> <span class='ocrx_word' id='word_1_430' title='bbox 3418 1279 3521 1347; x_wconf 80' lang='grc' dir='ltr'><strong>ἐφ’</strong></span> <span class='ocrx_word' id='word_1_431' title='bbox 3569 1270 3721 1344; x_wconf 82' lang='grc' dir='ltr'>ᾧτινι</span> 
     </span>
    </p>
   </div>
   <div class='ocr_carea' id='block_1_67' title="bbox 2085 1369 3721 1444">
    <p class='ocr_par' dir='ltr' id='par_1_67' title="bbox 2085 1369 3721 1444">
     <span class='ocr_line' id='line_1_67' title="bbox 2085 1369 3721 1444; baseline -0.004 -17"><span class='ocrx_word' id='word_1_432' title='bbox 2085 1374 2207 1444; x_wconf 73' lang='grc' dir='ltr'><strong>οὐχὶ</strong></span> <span class='ocrx_word' id='word_1_433' title='bbox 2262 1374 2483 1437; x_wconf 85' lang='grc' dir='ltr'><strong>πάντως</strong></span> <span class='ocrx_word' id='word_1_434' title='bbox 2527 1374 2636 1426; x_wconf 87' lang='grc' dir='ltr'><strong>τῶν</strong></span> <span class='ocrx_word' id='word_1_435' title='bbox 2687 1374 2774 1425; x_wconf 85' lang='grc' dir='ltr'><strong>ἐπ’</strong></span> <span class='ocrx_word' id='word_1_436' title='bbox 2800 1372 2987 1434; x_wconf 84' lang='grc' dir='ltr'><strong>αὐτοῖς</strong></span> <span class='ocrx_word' id='word_1_437' title='bbox 3025 1372 3311 1442; x_wconf 74' lang='grc' dir='ltr'><strong>ἡδομένων</strong></span> <span class='ocrx_word' id='word_1_438' title='bbox 3366 1370 3588 1441; x_wconf 80' lang='grc' dir='ltr'><strong>εὕροις</strong></span> <span class='ocrx_word' id='word_1_439' title='bbox 3625 1369 3721 1439; x_wconf 79' lang='grc' dir='ltr'><strong>τὴν</strong></span> 
     </span>
    </p>
   </div>
   <div class='ocr_carea' id='block_1_68' title="bbox 2086 1459 3723 1535">
    <p class='ocr_par' dir='ltr' id='par_1_68' title="bbox 2086 1459 3723 1535">
     <span class='ocr_line' id='line_1_68' title="bbox 2086 1459 3723 1535; baseline -0.004 -17"><span class='ocrx_word' id='word_1_440' title='bbox 2086 1464 2391 1535; x_wconf 81' lang='grc' dir='ltr'><strong>ἐπαύξησιν</strong></span> <span class='ocrx_word' id='word_1_441' title='bbox 2411 1478 2424 1494; x_wconf 81' lang='grc'><strong><em>⁸</em></strong></span> <span class='ocrx_word' id='word_1_442' title='bbox 2460 1464 2493 1534; x_wconf 79' lang='grc' dir='ltr'><strong>ἦ</strong></span> <span class='ocrx_word' id='word_1_443' title='bbox 2518 1463 2705 1533; x_wconf 83' lang='grc' dir='ltr'><strong>ἐπειδὴ</strong></span> <span class='ocrx_word' id='word_1_444' title='bbox 2734 1462 2862 1534; x_wconf 88' lang='grc' dir='ltr'><strong>τρία</strong></span> <span class='ocrx_word' id='word_1_445' title='bbox 2888 1461 3111 1532; x_wconf 70' lang='grc' dir='ltr'><strong>προθεὶς</strong></span> <span class='ocrx_word' id='word_1_446' title='bbox 3130 1464 3159 1515; x_wconf 89' lang='grc' dir='ltr'><strong>ό</strong></span> <span class='ocrx_word' id='word_1_447' title='bbox 3179 1459 3546 1523; x_wconf 78' lang='grc' dir='ltr'><strong>διδάσκαλος</strong></span> <span class='ocrx_word' id='word_1_448' title='bbox 3576 1460 3723 1512; x_wconf 82' lang='grc' dir='ltr'><strong>άνω-</strong></span> 
     </span>
    </p>
   </div>
   <div class='ocr_carea' id='block_1_69' title="bbox 2088 1551 3725 1628">
    <p class='ocr_par' dir='ltr' id='par_1_69' title="bbox 2088 1551 3725 1628">
     <span class='ocr_line' id='line_1_69' title="bbox 2088 1551 3725 1628; baseline -0.006 -16"><span class='ocrx_word' id='word_1_449' title='bbox 2088 1558 2255 1628; x_wconf 87' lang='grc' dir='ltr'><strong>τέρω,</strong></span> <span class='ocrx_word' id='word_1_450' title='bbox 2291 1556 2503 1621; x_wconf 80' lang='grc' dir='ltr'><strong>ἐαυτὸν,</strong></span> <span class='ocrx_word' id='word_1_451' title='bbox 2539 1557 2666 1619; x_wconf 80' lang='grc' dir='ltr'><strong>τοὺς</strong></span> <span class='ocrx_word' id='word_1_452' title='bbox 2702 1554 2915 1623; x_wconf 85' lang='grc' dir='ltr'><strong>λόγους,</strong></span> <span class='ocrx_word' id='word_1_453' title='bbox 2964 1554 3094 1618; x_wconf 78' lang='grc' dir='ltr'><strong>τοὺς</strong></span> <span class='ocrx_word' id='word_1_454' title='bbox 3138 1554 3240 1623; x_wconf 82' lang='grc' dir='ltr'><strong>τῆς</strong></span> <span class='ocrx_word' id='word_1_455' title='bbox 3277 1552 3520 1624; x_wconf 82' lang='grc' dir='ltr'><strong>ἀρετῆς</strong></span> <span class='ocrx_word' id='word_1_456' title='bbox 3554 1551 3725 1602; x_wconf 79' lang='grc' dir='ltr'><strong>ἐπαι-</strong></span> 
     </span>
    </p>
   </div>
   <div class='ocr_carea' id='block_1_70' title="bbox 2090 1641 3722 1717">
    <p class='ocr_par' dir='ltr' id='par_1_70' title="bbox 2090 1641 3722 1717">
     <span class='ocr_line' id='line_1_70' title="bbox 2090 1641 3722 1717; baseline -0.005 -15"><span class='ocrx_word' id='word_1_457' title='bbox 2090 1651 2269 1713; x_wconf 86' lang='grc' dir='ltr'><strong>νέτας,</strong></span> <span class='ocrx_word' id='word_1_458' title='bbox 2304 1651 2361 1702; x_wconf 91' lang='grc' dir='ltr'><strong>ἐν</strong></span> <span class='ocrx_word' id='word_1_459' title='bbox 2393 1647 2608 1710; x_wconf 79' lang='grc' dir='ltr'><strong>τούτοις</strong></span> <span class='ocrx_word' id='word_1_460' title='bbox 2640 1645 2959 1717; x_wconf 80' lang='grc' dir='ltr'><strong>περιλαϐὼν</strong></span> <span class='ocrx_word' id='word_1_461' title='bbox 2988 1645 3133 1699; x_wconf 84' lang='grc' dir='ltr'><strong>κατὰ</strong></span> <span class='ocrx_word' id='word_1_462' title='bbox 3161 1646 3422 1717; x_wconf 78' lang='grc' dir='ltr'><strong>ῥήτορας</strong></span> <span class='ocrx_word' id='word_1_463' title='bbox 3452 1641 3722 1712; x_wconf 78' lang='grc' dir='ltr'><strong>ἐξήπλω-</strong></span> 
     </span>
    </p>
   </div>
   <div class='ocr_carea' id='block_1_71' title="bbox 2092 1728 3723 1806">
    <p class='ocr_par' dir='ltr' id='par_1_71' title="bbox 2092 1728 3723 1806">
     <span class='ocr_line' id='line_1_71' title="bbox 2092 1728 3723 1806; baseline -0.006 -16"><span class='ocrx_word' id='word_1_464' title='bbox 2092 1754 2172 1798; x_wconf 86' lang='grc' dir='ltr'><strong>σε,</strong></span> <span class='ocrx_word' id='word_1_465' title='bbox 2202 1737 2298 1798; x_wconf 78' lang='grc' dir='ltr'><strong>τὰς</strong></span> <span class='ocrx_word' id='word_1_466' title='bbox 2328 1736 2625 1803; x_wconf 82' lang='grc' dir='ltr'><strong>ἐπαγωγὰς</strong></span> <span class='ocrx_word' id='word_1_467' title='bbox 2677 1734 3026 1806; x_wconf 73' lang='grc' dir='ltr'><strong>τοῖς’τρισὶν</strong></span> <span class='ocrx_word' id='word_1_468' title='bbox 3083 1734 3453 1804; x_wconf 78' lang='grc' dir='ltr'><strong>ἐφαρμόσας,</strong></span> <span class='ocrx_word' id='word_1_469' title='bbox 3520 1730 3624 1784; x_wconf 79' lang='grc' dir='ltr'><strong>καὶ</strong></span> <span class='ocrx_word' id='word_1_470' title='bbox 3662 1728 3723 1793; x_wconf 75' lang='grc' dir='ltr'><strong>ἐξ</strong></span> 
     </span>
    </p>
   </div>
   <div class='ocr_carea' id='block_1_72' title="bbox 2091 1815 3719 1894">
    <p class='ocr_par' dir='ltr' id='par_1_72' title="bbox 2091 1815 3719 1894">
     <span class='ocr_line' id='line_1_72' title="bbox 2091 1815 3719 1894; baseline -0.005 -17"><span class='ocrx_word' id='word_1_471' title='bbox 2091 1823 2285 1877; x_wconf 80' lang='grc' dir='ltr'><strong>ἐαυτοῦ</strong></span> <span class='ocrx_word' id='word_1_472' title='bbox 2316 1824 2580 1894; x_wconf 84' lang='grc' dir='ltr'><strong>πρότερον</strong></span> <span class='ocrx_word' id='word_1_473' title='bbox 2610 1822 2710 1892; x_wconf 76' lang='grc' dir='ltr'><strong>τῆς</strong></span> <span class='ocrx_word' id='word_1_474' title='bbox 2745 1822 3054 1886; x_wconf 80' lang='grc' dir='ltr'><strong>ἀποδόσεως</strong></span> <span class='ocrx_word' id='word_1_475' title='bbox 3086 1821 3433 1893; x_wconf 78' lang='grc' dir='ltr'><strong>ἀρξάμενος,</strong></span> <span class='ocrx_word' id='word_1_476' title='bbox 3467 1815 3602 1874; x_wconf 81' lang='grc' dir='ltr'><strong>εἶτα</strong></span> <span class='ocrx_word' id='word_1_477' title='bbox 3628 1818 3719 1870; x_wconf 71' lang='grc' dir='ltr'><strong>δ;ἀ</strong></span> 
     </span>
    </p>
   </div>
   <div class='ocr_carea' id='block_1_73' title="bbox 2094 1909 3717 1986">
    <p class='ocr_par' dir='ltr' id='par_1_73' title="bbox 2094 1909 3717 1986">
     <span class='ocr_line' id='line_1_73' title="bbox 2094 1909 3717 1986; baseline -0.006 -18"><span class='ocrx_word' id='word_1_478' title='bbox 2094 1916 2275 1986; x_wconf 86' lang='grc' dir='ltr'><strong>μέσων</strong></span> <span class='ocrx_word' id='word_1_479' title='bbox 2300 1915 2409 1967; x_wconf 90' lang='grc' dir='ltr'><strong>τῶν</strong></span> <span class='ocrx_word' id='word_1_480' title='bbox 2440 1916 2638 1985; x_wconf 79' lang='grc' dir='ltr'><strong>ἀρετῆς</strong></span> <span class='ocrx_word' id='word_1_481' title='bbox 2665 1915 2976 1968; x_wconf 83' lang='grc' dir='ltr'><strong>ἐπαινετῶν</strong></span> <span class='ocrx_word' id='word_1_482' title='bbox 3002 1914 3249 1979; x_wconf 79' lang='grc' dir='ltr'><strong>διελθὼν,</strong></span> <span class='ocrx_word' id='word_1_483' title='bbox 3292 1916 3380 1976; x_wconf 84' lang='grc' dir='ltr'><strong>είς</strong></span> <span class='ocrx_word' id='word_1_484' title='bbox 3432 1913 3582 1974; x_wconf 67' lang='grc' dir='ltr'><strong>τοὺς</strong></span> <span class='ocrx_word' id='word_1_485' title='bbox 3630 1909 3717 1961; x_wconf 71' lang='grc' dir='ltr'><strong>λό-</strong></span> 
     </span>
    </p>
   </div>
   <div class='ocr_carea' id='block_1_74' title="bbox 2090 2001 3714 2075">
    <p class='ocr_par' dir='ltr' id='par_1_74' title="bbox 2090 2001 3714 2075">
     <span class='ocr_line' id='line_1_74' title="bbox 2090 2001 3714 2075; baseline -0.002 -18"><span class='ocrx_word' id='word_1_486' title='bbox 2090 2022 2220 2073; x_wconf 87' lang='grc' dir='ltr'>γους</span> <span class='ocrx_word' id='word_1_487' title='bbox 2249 2005 2418 2067; x_wconf 59' lang='lat' dir='ltr'><strong>advig</strong></span> <span class='ocrx_word' id='word_1_488' title='bbox 2440 2005 2780 2075; x_wconf 80' lang='grc' dir='ltr'><strong>ἐπλήρωσεν,</strong></span> <span class='ocrx_word' id='word_1_489' title='bbox 2829 2003 2904 2067; x_wconf 87' lang='grc' dir='ltr'><strong>ὡς</strong></span> <span class='ocrx_word' id='word_1_490' title='bbox 2933 2005 3034 2074; x_wconf 80' lang='grc' dir='ltr'><strong>τῆς</strong></span> <span class='ocrx_word' id='word_1_491' title='bbox 3067 2005 3211 2059; x_wconf 80' lang='grc' dir='ltr'><strong>κατά</strong></span> <span class='ocrx_word' id='word_1_492' title='bbox 3259 2005 3353 2058; x_wconf 69' lang='grc' dir='ltr'><strong>τὸν</strong></span> <span class='ocrx_word' id='word_1_493' title='bbox 3386 2003 3570 2073; x_wconf 77' lang='grc' dir='ltr'><strong>ἅγιον</strong></span> <span class='ocrx_word' id='word_1_494' title='bbox 3609 2001 3714 2053; x_wconf 88' lang='grc' dir='ltr'><strong>Βα-</strong></span> 
     </span>
    </p>
   </div>
   <div class='ocr_carea' id='block_1_75' title="bbox 2094 2094 3713 2168">
    <p class='ocr_par' dir='ltr' id='par_1_75' title="bbox 2094 2094 3713 2168">
     <span class='ocr_line' id='line_1_75' title="bbox 2094 2094 3713 2168; baseline -0.002 -18"><span class='ocrx_word' id='word_1_495' title='bbox 2094 2097 2294 2150; x_wconf 87' lang='grc' dir='ltr'><strong>σίλειον</strong></span> <span class='ocrx_word' id='word_1_496' title='bbox 2327 2097 2638 2161; x_wconf 75' lang='grc' dir='ltr'><strong>ὑποθέσεως</strong></span> <span class='ocrx_word' id='word_1_497' title='bbox 2669 2098 2765 2152; x_wconf 73' lang='grc' dir='ltr'><strong>καὶ</strong></span> <span class='ocrx_word' id='word_1_498' title='bbox 2822 2096 2973 2167; x_wconf 83' lang='grc' dir='ltr'><strong>αὐτῷ</strong></span> <span class='ocrx_word' id='word_1_499' title='bbox 3030 2096 3376 2168; x_wconf 74' lang='grc' dir='ltr'><strong>πρεπούσης,</strong></span> <span class='ocrx_word' id='word_1_500' title='bbox 3418 2097 3508 2159; x_wconf 84' lang='grc' dir='ltr'><strong>ὡς</strong></span> <span class='ocrx_word' id='word_1_501' title='bbox 3562 2094 3713 2148; x_wconf 79' lang='grc' dir='ltr'><strong>διδα-</strong></span> 
     </span>
    </p>
   </div>
   <div class='ocr_carea' id='block_1_76' title="bbox 2095 2186 3711 2258">
    <p class='ocr_par' dir='ltr' id='par_1_76' title="bbox 2095 2186 3711 2258">
     <span class='ocr_line' id='line_1_76' title="bbox 2095 2186 3711 2258; baseline -0.004 -16"><span class='ocrx_word' id='word_1_502' title='bbox 2095 2188 2298 2255; x_wconf 84' lang='grc' dir='ltr'><strong>σκάλῳ,</strong></span> <span class='ocrx_word' id='word_1_503' title='bbox 2350 2188 2446 2240; x_wconf 74' lang='grc' dir='ltr'><strong>καὶ</strong></span> <span class='ocrx_word' id='word_1_504' title='bbox 2504 2186 2599 2241; x_wconf 83' lang='grc' dir='ltr'><strong>τοῦ</strong></span> <span class='ocrx_word' id='word_1_505' title='bbox 2671 2188 2831 2252; x_wconf 84' lang='grc' dir='ltr'>λόγου</span> <span class='ocrx_word' id='word_1_506' title='bbox 2894 2187 3359 2258; x_wconf 76' lang='grc' dir='ltr'><strong>προϐεϐλημένῳ,</strong></span> <span class='ocrx_word' id='word_1_507' title='bbox 3415 2187 3529 2241; x_wconf 74' lang='grc' dir='ltr'><strong>καὶ</strong></span> <span class='ocrx_word' id='word_1_508' title='bbox 3595 2187 3711 2245; x_wconf 80' lang='grc' dir='ltr'><strong>τοῖς</strong></span> 
     </span>
    </p>
   </div>
   <div class='ocr_carea' id='block_1_77' title="bbox 2095 2273 3710 2347">
    <p class='ocr_par' dir='ltr' id='par_1_77' title="bbox 2095 2273 3710 2347">
     <span class='ocr_line' id='line_1_77' title="bbox 2095 2273 3710 2347; baseline -0.006 -12"><span class='ocrx_word' id='word_1_509' title='bbox 2095 2277 2289 2347; x_wconf 79' lang='grc'><strong>(26],</strong></span> <span class='ocrx_word' id='word_1_510' title='bbox 2329 2277 2396 2344; x_wconf 90' lang='lat' dir='ltr'><strong>a)</strong></span> <span class='ocrx_word' id='word_1_511' title='bbox 2432 2275 2687 2343; x_wconf 78' lang='grc' dir='ltr'><strong>ἀγαπῶσι</strong></span> <span class='ocrx_word' id='word_1_512' title='bbox 2736 2277 2833 2343; x_wconf 83' lang='grc' dir='ltr'><strong>τὴν</strong></span> <span class='ocrx_word' id='word_1_513' title='bbox 2890 2277 3116 2347; x_wconf 80' lang='grc' dir='ltr'><strong>ἀρετὴν,</strong></span> <span class='ocrx_word' id='word_1_514' title='bbox 3163 2276 3335 2346; x_wconf 72' lang='grc' dir='ltr'>ἤγουν</span> <span class='ocrx_word' id='word_1_515' title='bbox 3366 2277 3499 2339; x_wconf 79' lang='grc' dir='ltr'><strong>τοῖς</strong></span> <span class='ocrx_word' id='word_1_516' title='bbox 3532 2273 3710 2342; x_wconf 81' lang='grc' dir='ltr'><strong>αὐτῆς</strong></span> 
     </span>
    </p>
   </div>
   <div class='ocr_carea' id='block_1_78' title="bbox 2092 2361 3709 2435">
    <p class='ocr_par' dir='ltr' id='par_1_78' title="bbox 2092 2361 3709 2435">
     <span class='ocr_line' id='line_1_78' title="bbox 2092 2361 3709 2435; baseline -0.002 -17"><span class='ocrx_word' id='word_1_517' title='bbox 2092 2364 2429 2429; x_wconf 84' lang='grc' dir='ltr'><strong>ἐπαινέταις,</strong></span> <span class='ocrx_word' id='word_1_518' title='bbox 2462 2364 2874 2435; x_wconf 86' lang='grc' dir='ltr'><strong>πεποθημένης,</strong></span> <span class='ocrx_word' id='word_1_519' title='bbox 2932 2361 3022 2418; x_wconf 82' lang='grc' dir='ltr'><strong>οἷα</strong></span> <span class='ocrx_word' id='word_1_520' title='bbox 3060 2364 3287 2419; x_wconf 78' lang='grc' dir='ltr'><strong>ποθοῦσι</strong></span> <span class='ocrx_word' id='word_1_521' title='bbox 3315 2365 3546 2433; x_wconf 80' lang='grc' dir='ltr'><strong>γνῶναι</strong></span> <span class='ocrx_word' id='word_1_522' title='bbox 3580 2363 3709 2425; x_wconf 75' lang='grc' dir='ltr'><strong>τοὺς</strong></span> 
     </span>
    </p>
   </div>
   <div class='ocr_carea' id='block_1_79' title="bbox 2090 2455 3703 2528">
    <p class='ocr_par' dir='ltr' id='par_1_79' title="bbox 2090 2455 3703 2528">
     <span class='ocr_line' id='line_1_79' title="bbox 2090 2455 3703 2528; baseline 0.001 -20"><span class='ocrx_word' id='word_1_523' title='bbox 2090 2455 2325 2527; x_wconf 84' lang='grc' dir='ltr'><strong>τρόπους</strong></span> <span class='ocrx_word' id='word_1_524' title='bbox 2368 2456 2464 2527; x_wconf 88' lang='grc' dir='ltr'><strong>τῆς</strong></span> <span class='ocrx_word' id='word_1_525' title='bbox 2508 2456 2597 2510; x_wconf 84' lang='grc' dir='ltr'><strong>διὰ</strong></span> <span class='ocrx_word' id='word_1_526' title='bbox 2635 2458 2921 2527; x_wconf 82' lang='grc' dir='ltr'><strong>μιμήσεως</strong></span> <span class='ocrx_word' id='word_1_527' title='bbox 2962 2458 3042 2520; x_wconf 83' lang='grc' dir='ltr'><strong>είς</strong></span> <span class='ocrx_word' id='word_1_528' title='bbox 3096 2456 3299 2528; x_wconf 81' lang='grc' dir='ltr'><strong>ἀρετὴν</strong></span> <span class='ocrx_word' id='word_1_529' title='bbox 3357 2457 3703 2519; x_wconf 78' lang='grc' dir='ltr'><strong>ἐπιδόσεως,</strong></span> 
     </span>
    </p>
   </div>
   <div class='ocr_carea' id='block_1_80' title="bbox 2094 2547 3704 2620">
    <p class='ocr_par' dir='ltr' id='par_1_80' title="bbox 2094 2547 3704 2620">
     <span class='ocr_line' id='line_1_80' title="bbox 2094 2547 3704 2620; baseline 0 -20"><span class='ocrx_word' id='word_1_530' title='bbox 2094 2548 2327 2611; x_wconf 74' lang='grc' dir='ltr'><strong>καὶτοῖς</strong></span> <span class='ocrx_word' id='word_1_531' title='bbox 2370 2547 2552 2616; x_wconf 84' lang='grc' dir='ltr'><strong>λόγοις</strong></span> <span class='ocrx_word' id='word_1_532' title='bbox 2592 2548 2778 2612; x_wconf 84' lang='grc' dir='ltr'><strong>αὐτοῖς</strong></span> <span class='ocrx_word' id='word_1_533' title='bbox 2808 2548 3180 2620; x_wconf 79' lang='grc' dir='ltr'><strong>ἁρμοζούσης,</strong></span> <span class='ocrx_word' id='word_1_534' title='bbox 3233 2550 3309 2613; x_wconf 87' lang='grc' dir='ltr'><strong>ὡς</strong></span> <span class='ocrx_word' id='word_1_535' title='bbox 3355 2551 3704 2620; x_wconf 79' lang='grc' dir='ltr'><strong>ἐκφαντοριο</strong></span> 
     </span>
    </p>
   </div>
   <div class='ocr_carea' id='block_1_81' title="bbox 2093 2639 3699 2711">
    <p class='ocr_par' dir='ltr' id='par_1_81' title="bbox 2093 2639 3699 2711">
     <span class='ocr_line' id='line_1_81' title="bbox 2093 2639 3699 2711; baseline 0.002 -20"><span class='ocrx_word' id='word_1_536' title='bbox 2093 2643 2208 2702; x_wconf 79' lang='grc' dir='ltr'><strong>κοῖς</strong></span> <span class='ocrx_word' id='word_1_537' title='bbox 2236 2639 2344 2692; x_wconf 83' lang='grc' dir='ltr'><strong>τῶν</strong></span> <span class='ocrx_word' id='word_1_538' title='bbox 2375 2642 2499 2693; x_wconf 86' lang='grc' dir='ltr'><strong>κατ’</strong></span> <span class='ocrx_word' id='word_1_539' title='bbox 2534 2640 2735 2711; x_wconf 82' lang='grc' dir='ltr'><strong>ἀρετὴν</strong></span> <span class='ocrx_word' id='word_1_540' title='bbox 2764 2640 2968 2695; x_wconf 83' lang='grc' dir='ltr'><strong>καλῶν.</strong></span> <span class='ocrx_word' id='word_1_541' title='bbox 3003 2641 3210 2705; x_wconf 70' lang='grc' dir='ltr'><strong>Παντὸς</strong></span> <span class='ocrx_word' id='word_1_542' title='bbox 3240 2641 3339 2711; x_wconf 85' lang='grc' dir='ltr'><strong>μὲν</strong></span> <span class='ocrx_word' id='word_1_543' title='bbox 3361 2642 3465 2695; x_wconf 75' lang='grc' dir='ltr'><strong>οὖν</strong></span> <span class='ocrx_word' id='word_1_544' title='bbox 3501 2641 3699 2710; x_wconf 77' lang='grc' dir='ltr'><strong>ἀνδρὸς</strong></span> 
     </span>
    </p>
   </div>
   <div class='ocr_carea' id='block_1_82' title="bbox 2094 2731 3700 2811">
    <p class='ocr_par' dir='ltr' id='par_1_82' title="bbox 2094 2731 3700 2811">
     <span class='ocr_line' id='line_1_82' title="bbox 2094 2731 3700 2811; baseline 0.001 -28"><span class='ocrx_word' id='word_1_545' title='bbox 2094 2731 2207 2801; x_wconf 83' lang='grc' dir='ltr'><strong>βίον</strong></span> <span class='ocrx_word' id='word_1_546' title='bbox 2237 2731 2453 2801; x_wconf 80' lang='grc' dir='ltr'><strong>ἔχοντος</strong></span> <span class='ocrx_word' id='word_1_547' title='bbox 2488 2732 2632 2785; x_wconf 85' lang='grc' dir='ltr'><strong>κατά</strong></span> <span class='ocrx_word' id='word_1_548' title='bbox 2670 2731 2804 2787; x_wconf 79' lang='grc' dir='ltr'><strong>Θεὸν</strong></span> <span class='ocrx_word' id='word_1_549' title='bbox 2859 2732 3274 2811; x_wconf 71' lang='grc' dir='ltr'><strong>ἐπαινούμενον,</strong></span> <span class='ocrx_word' id='word_1_550' title='bbox 3328 2734 3590 2803; x_wconf 77' lang='grc' dir='ltr'><strong>μάλιστα</strong></span> <span class='ocrx_word' id='word_1_551' title='bbox 3644 2733 3700 2785; x_wconf 83' lang='grc' dir='ltr'><strong>δὲ</strong></span> 
     </span>
    </p>
   </div>
   <div class='ocr_carea' id='block_1_83' title="bbox 2093 2822 3696 2895">
    <p class='ocr_par' dir='ltr' id='par_1_83' title="bbox 2093 2822 3696 2895">
     <span class='ocr_line' id='line_1_83' title="bbox 2093 2822 3696 2895; baseline 0.001 -21"><span class='ocrx_word' id='word_1_552' title='bbox 2093 2823 2380 2875; x_wconf 80' lang='grc' dir='ltr'><strong>Βασιλείου</strong></span> <span class='ocrx_word' id='word_1_553' title='bbox 2414 2822 2511 2877; x_wconf 81' lang='grc' dir='ltr'><strong>τοῦ</strong></span> <span class='ocrx_word' id='word_1_554' title='bbox 2542 2824 2704 2889; x_wconf 87' lang='grc' dir='ltr'><strong>πάνυ,</strong></span> <span class='ocrx_word' id='word_1_555' title='bbox 2739 2824 2841 2878; x_wconf 73' lang='grc' dir='ltr'><strong>κάν</strong></span> <span class='ocrx_word' id='word_1_556' title='bbox 2869 2842 2930 2878; x_wconf 88' lang='grc' dir='ltr'><strong>τε</strong></span> <span class='ocrx_word' id='word_1_557' title='bbox 2981 2824 3252 2895; x_wconf 83' lang='grc' dir='ltr'><strong>δυνηθῶσι</strong></span> <span class='ocrx_word' id='word_1_558' title='bbox 3290 2827 3481 2879; x_wconf 80' lang='grc' dir='ltr'><strong>πᾶσαν</strong></span> <span class='ocrx_word' id='word_1_559' title='bbox 3537 2841 3696 2894; x_wconf 68' lang='grc' dir='ltr'><strong>’περι⁶</strong></span> 
     </span>
    </p>
   </div>
   <div class='ocr_carea' id='block_1_84' title="bbox 2094 2914 3696 2989">
    <p class='ocr_par' dir='ltr' id='par_1_84' title="bbox 2094 2914 3696 2989">
     <span class='ocr_line' id='line_1_84' title="bbox 2094 2914 3696 2989; baseline 0.002 -23"><span class='ocrx_word' id='word_1_560' title='bbox 2094 2914 2300 2979; x_wconf 73' lang='grc' dir='ltr'><strong>λαϐεῖν,</strong></span> <span class='ocrx_word' id='word_1_561' title='bbox 2328 2916 2422 2968; x_wconf 77' lang='lat' dir='ltr'><strong>xal.</strong></span> <span class='ocrx_word' id='word_1_562' title='bbox 2454 2915 2643 2988; x_wconf 85' lang='grc' dir='ltr'><strong>ὥσπερ</strong></span> <span class='ocrx_word' id='word_1_563' title='bbox 2696 2917 2885 2970; x_wconf 75' lang='grc' dir='ltr'><strong>εἰκόνα</strong></span> <span class='ocrx_word' id='word_1_564' title='bbox 2912 2916 3093 2981; x_wconf 77' lang='grc' dir='ltr'><strong>ζῶσαν</strong></span> <span class='ocrx_word' id='word_1_565' title='bbox 3132 2917 3227 2970; x_wconf 71' lang='grc' dir='ltr'><strong>καὶ</strong></span> <span class='ocrx_word' id='word_1_566' title='bbox 3276 2918 3532 2989; x_wconf 72' lang='grc' dir='ltr'><strong>ἔμψυχον</strong></span> <span class='ocrx_word' id='word_1_567' title='bbox 3563 2919 3696 2970; x_wconf 78' lang='grc' dir='ltr'><strong>ὑπο-</strong></span> 
     </span>
    </p>
   </div>
   <div class='ocr_carea' id='block_1_85' title="bbox 2094 3005 3690 3081">
    <p class='ocr_par' dir='ltr' id='par_1_85' title="bbox 2094 3005 3690 3081">
     <span class='ocr_line' id='line_1_85' title="bbox 2094 3005 3690 3081; baseline 0.001 -22"><span class='ocrx_word' id='word_1_568' title='bbox 2094 3005 2264 3072; x_wconf 80' lang='grc' dir='ltr'><strong>δεῖξαι</strong></span> <span class='ocrx_word' id='word_1_569' title='bbox 2290 3010 2404 3071; x_wconf 88' lang='grc' dir='ltr'>τοῖς</span> <span class='ocrx_word' id='word_1_570' title='bbox 2436 3010 2696 3080; x_wconf 87' lang='grc' dir='ltr'><strong>ἐρασταῖς</strong></span> <span class='ocrx_word' id='word_1_571' title='bbox 2727 3008 2826 3079; x_wconf 78' lang='grc' dir='ltr'><strong>τὴν</strong></span> <span class='ocrx_word' id='word_1_572' title='bbox 2870 3007 2964 3062; x_wconf 81' lang='grc' dir='ltr'><strong>τοῦ</strong></span> <span class='ocrx_word' id='word_1_573' title='bbox 3003 3008 3198 3079; x_wconf 74' lang='grc' dir='ltr'><strong>ἀνδρὸς</strong></span> <span class='ocrx_word' id='word_1_574' title='bbox 3226 3009 3451 3081; x_wconf 76' lang='grc' dir='ltr'><strong>ἀρετὴν,</strong></span> <span class='ocrx_word' id='word_1_575' title='bbox 3495 3012 3602 3065; x_wconf 82' lang='grc' dir='ltr'><strong>κᾶν</strong></span> <span class='ocrx_word' id='word_1_576' title='bbox 3632 3025 3690 3061; x_wconf 84' lang='grc' dir='ltr'><strong>τε</strong></span> 
     </span>
    </p>
   </div>
   <div class='ocr_carea' id='block_1_86' title="bbox 2098 3097 3691 3169">
    <p class='ocr_par' dir='ltr' id='par_1_86' title="bbox 2098 3097 3691 3169">
     <span class='ocr_line' id='line_1_86' title="bbox 2098 3097 3691 3169; baseline -0.001 -17"><span class='ocrx_word' id='word_1_577' title='bbox 2098 3097 2172 3169; x_wconf 82' lang='grc' dir='ltr'><strong>μὴ</strong></span> <span class='ocrx_word' id='word_1_578' title='bbox 2195 3098 2466 3168; x_wconf 78' lang='grc' dir='ltr'><strong>δυνηθῶσι</strong></span> <span class='ocrx_word' id='word_1_579' title='bbox 2494 3098 2586 3152; x_wconf 83' lang='grc' dir='ltr'><strong>τοῦ</strong></span> <span class='ocrx_word' id='word_1_580' title='bbox 2610 3098 2816 3169; x_wconf 81' lang='grc' dir='ltr'><strong>ταύτης</strong></span> <span class='ocrx_word' id='word_1_581' title='bbox 2840 3099 3127 3168; x_wconf 77' lang='grc' dir='ltr'><strong>ἐφικέσθαι</strong></span> <span class='ocrx_word' id='word_1_582' title='bbox 3157 3100 3451 3168; x_wconf 86' lang='grc' dir='ltr'><strong>μεγέθους,</strong></span> <span class='ocrx_word' id='word_1_583' title='bbox 3488 3100 3580 3154; x_wconf 84' lang='grc' dir='ltr'><strong>ἐπ’</strong></span> <span class='ocrx_word' id='word_1_584' title='bbox 3604 3098 3691 3151; x_wconf 73' lang='grc' dir='ltr'><strong>ού-</strong></span> 
     </span>
    </p>
   </div>
   <div class='ocr_carea' id='block_1_87' title="bbox 2094 3183 3687 3257">
    <p class='ocr_par' dir='ltr' id='par_1_87' title="bbox 2094 3183 3687 3257">
     <span class='ocr_line' id='line_1_87' title="bbox 2094 3183 3687 3257; baseline -0.001 -16"><span class='ocrx_word' id='word_1_585' title='bbox 2094 3187 2243 3253; x_wconf 77' lang='grc' dir='ltr'><strong>δενὸς</strong></span> <span class='ocrx_word' id='word_1_586' title='bbox 2272 3183 2365 3242; x_wconf 85' lang='grc' dir='ltr'><strong>οὗν</strong></span> <span class='ocrx_word' id='word_1_587' title='bbox 2394 3188 2494 3241; x_wconf 83' lang='grc' dir='ltr'><strong>οὐκ</strong></span> <span class='ocrx_word' id='word_1_588' title='bbox 2527 3188 2645 3242; x_wconf 81' lang='grc' dir='ltr'><strong>ἔστι</strong></span> <span class='ocrx_word' id='word_1_589' title='bbox 2674 3188 2785 3241; x_wconf 91' lang='grc' dir='ltr'><strong>τῶν</strong></span> <span class='ocrx_word' id='word_1_590' title='bbox 2823 3189 3102 3249; x_wconf 84' lang='grc' dir='ltr'><strong>ἁπάντων,</strong></span> <span class='ocrx_word' id='word_1_591' title='bbox 3130 3190 3227 3243; x_wconf 74' lang='grc' dir='ltr'><strong>καὶ</strong></span> <span class='ocrx_word' id='word_1_592' title='bbox 3277 3189 3442 3257; x_wconf 77' lang='grc' dir='ltr'><strong>λόγου</strong></span> <span class='ocrx_word' id='word_1_593' title='bbox 3481 3191 3581 3244; x_wconf 73' lang='grc' dir='ltr'><strong>καὶ</strong></span> <span class='ocrx_word' id='word_1_594' title='bbox 3604 3189 3687 3240; x_wconf 86' lang='grc' dir='ltr'><strong>λέ-</strong></span> 
     </span>
    </p>
   </div>
   <div class='ocr_carea' id='block_1_88' title="bbox 2097 3272 3685 3351">
    <p class='ocr_par' dir='ltr' id='par_1_88' title="bbox 2097 3272 3685 3351">
     <span class='ocr_line' id='line_1_88' title="bbox 2097 3272 3685 3351; baseline 0 -18"><span class='ocrx_word' id='word_1_595' title='bbox 2097 3295 2286 3349; x_wconf 86' lang='grc' dir='ltr'><strong>γοντος</strong></span> <span class='ocrx_word' id='word_1_596' title='bbox 2314 3280 2750 3344; x_wconf 75' lang='grc' dir='ltr'><strong>καὶὰκούοντος,</strong></span> <span class='ocrx_word' id='word_1_597' title='bbox 2784 3281 2870 3349; x_wconf 85' lang='grc' dir='ltr'><strong>ἐφ’</strong></span> <span class='ocrx_word' id='word_1_598' title='bbox 2917 3272 3068 3347; x_wconf 84' lang='grc' dir='ltr'><strong>ᾧτινι</strong></span> <span class='ocrx_word' id='word_1_599' title='bbox 3113 3280 3173 3333; x_wconf 86' lang='grc' dir='ltr'><strong>τὸ</strong></span> <span class='ocrx_word' id='word_1_600' title='bbox 3226 3281 3328 3351; x_wconf 74' lang='grc' dir='ltr'><strong>τῆς</strong></span> <span class='ocrx_word' id='word_1_601' title='bbox 3368 3282 3685 3341; x_wconf 80' lang='grc' dir='ltr'><strong>ὑποθέσεως</strong></span> 
     </span>
    </p>
   </div>
   <div class='ocr_carea' id='block_1_89' title="bbox 2099 3372 3681 3447">
    <p class='ocr_par' dir='ltr' id='par_1_89' title="bbox 2099 3372 3681 3447">
     <span class='ocr_line' id='line_1_89' title="bbox 2099 3372 3681 3447; baseline 0 -18"><span class='ocrx_word' id='word_1_602' title='bbox 2099 3375 2266 3430; x_wconf 79' lang='grc' dir='ltr'><strong>καλὸν</strong></span> <span class='ocrx_word' id='word_1_603' title='bbox 2299 3374 2400 3443; x_wconf 79' lang='grc' dir='ltr'><strong>οὐχ</strong></span> <span class='ocrx_word' id='word_1_604' title='bbox 2430 3375 2685 3444; x_wconf 82' lang='grc' dir='ltr'><strong>ἁρμόσει,</strong></span> <span class='ocrx_word' id='word_1_605' title='bbox 2719 3374 2751 3445; x_wconf 81' lang='grc' dir='ltr'><strong>ἢ</strong></span> <span class='ocrx_word' id='word_1_606' title='bbox 2784 3372 2966 3437; x_wconf 85' lang='grc' dir='ltr'><strong>καθὼς</strong></span> <span class='ocrx_word' id='word_1_607' title='bbox 2995 3374 3254 3446; x_wconf 82' lang='grc' dir='ltr'><strong>ἀνωτέρω</strong></span> <span class='ocrx_word' id='word_1_608' title='bbox 3290 3375 3681 3447; x_wconf 80' lang='grc' dir='ltr'><strong>ἀκριὸέστερον</strong></span> 
     </span>
    </p>
   </div>
   <div class='ocr_carea' id='block_1_90' title="bbox 2103 3466 2647 3539">
    <p class='ocr_par' dir='ltr' id='par_1_90' title="bbox 2103 3466 2647 3539">
     <span class='ocr_line' id='line_1_90' title="bbox 2103 3466 2647 3539; baseline -0.006 -17"><span class='ocrx_word' id='word_1_609' title='bbox 2103 3466 2319 3539; x_wconf 72' lang='grc' dir='ltr'><strong>μᾶλλον</strong></span> <span class='ocrx_word' id='word_1_610' title='bbox 2332 3467 2647 3539; x_wconf 75' lang='grc' dir='ltr'><strong>ἐξήτασται.</strong></span> 
     </span>
    </p>
   </div>
   <div class='ocr_carea' id='block_1_91' title="bbox 2097 3643 3681 3723">
    <p class='ocr_par' dir='ltr' id='par_1_91' title="bbox 2097 3643 3681 3723">
     <span class='ocr_line' id='line_1_91' title="bbox 2097 3643 3681 3723; baseline -0.016 -17"><span class='ocrx_word' id='word_1_611' title='bbox 2097 3648 2208 3706; x_wconf 85' lang='grc' dir='ltr'><strong>Τοῦ</strong></span> <span class='ocrx_word' id='word_1_612' title='bbox 2247 3644 2438 3701; x_wconf 80' lang='grc' dir='ltr'><strong>αὐτοῦ</strong></span> <span class='ocrx_word' id='word_1_613' title='bbox 2482 3646 2551 3699; x_wconf 67' lang='grc' dir='ltr'><strong><em>ἐκ</em></strong></span> <span class='ocrx_word' id='word_1_614' title='bbox 2601 3644 2720 3698; x_wconf 77' lang='grc' dir='ltr'><strong>τῶν</strong></span> <span class='ocrx_word' id='word_1_615' title='bbox 2783 3643 2965 3712; x_wconf 85' lang='grc' dir='ltr'><strong>ἐπῶν,</strong></span> <span class='ocrx_word' id='word_1_616' title='bbox 2998 3649 3084 3713; x_wconf 82' lang='grc' dir='ltr'><strong>εὶς</strong></span> <span class='ocrx_word' id='word_1_617' title='bbox 3126 3649 3194 3703; x_wconf 80' lang='grc' dir='ltr'><em>τό</em></span> <span class='ocrx_word' id='word_1_618' title='bbox 3218 3667 3232 3679; x_wconf 90' lang='lat'><strong>-</strong></span> <span class='ocrx_word' id='word_1_619' title='bbox 3259 3667 3278 3701; x_wconf 67' lang='grc' dir='ltr'><strong>ς</strong></span> <span class='ocrx_word' id='word_1_620' title='bbox 3341 3651 3539 3712; x_wconf 61' lang='grc' dir='ltr'><strong>Παίζει</strong></span> <span class='ocrx_word' id='word_1_621' title='bbox 3578 3653 3681 3723; x_wconf 66' lang='grc' dir='ltr'><strong>γὰρ</strong></span> 
     </span>
    </p>
   </div>
   <div class='ocr_carea' id='block_1_92' title="bbox 2163 3738 3678 3812">
    <p class='ocr_par' dir='ltr' id='par_1_92' title="bbox 2163 3738 3678 3812">
     <span class='ocr_line' id='line_1_92' title="bbox 2163 3738 3678 3812; baseline 0.011 -24"><span class='ocrx_word' id='word_1_622' title='bbox 2163 3744 2346 3809; x_wconf 75' lang='grc' dir='ltr'><strong>λόγος</strong></span> <span class='ocrx_word' id='word_1_623' title='bbox 2374 3739 2556 3801; x_wconf 81' lang='grc' dir='ltr'><strong>αίπὺς</strong></span> <span class='ocrx_word' id='word_1_624' title='bbox 2581 3739 2650 3791; x_wconf 83' lang='grc' dir='ltr'><strong>ἐν</strong></span> <span class='ocrx_word' id='word_1_625' title='bbox 2671 3738 2861 3791; x_wconf 66' lang='lat' dir='ltr'><strong>eidem</strong></span> <span class='ocrx_word' id='word_1_626' title='bbox 2895 3741 3362 3808; x_wconf 78' lang='grc' dir='ltr'><strong>παντοδαποῖσι,</strong></span> <span class='ocrx_word' id='word_1_627' title='bbox 3390 3746 3603 3812; x_wconf 81' lang='grc' dir='ltr'><strong>κρίνας</strong></span> <span class='ocrx_word' id='word_1_628' title='bbox 3616 3744 3678 3806; x_wconf 71' lang='grc'><strong>⁸³.</strong></span> 
     </span>
    </p>
   </div>
   <div class='ocr_carea' id='block_1_93' title="bbox 2164 3827 3678 3905">
    <p class='ocr_par' dir='ltr' id='par_1_93' title="bbox 2164 3827 3678 3905">
     <span class='ocr_line' id='line_1_93' title="bbox 2164 3827 3678 3905; baseline 0.001 -20"><span class='ocrx_word' id='word_1_629' title='bbox 2164 3831 2247 3897; x_wconf 87' lang='grc' dir='ltr'><strong>ὡς</strong></span> <span class='ocrx_word' id='word_1_630' title='bbox 2291 3828 2493 3884; x_wconf 73' lang='grc' dir='ltr'><strong>ἐθέλοι</strong></span> <span class='ocrx_word' id='word_1_631' title='bbox 2527 3828 2596 3893; x_wconf 68' lang='grc'><strong>⁵³,</strong></span> <span class='ocrx_word' id='word_1_632' title='bbox 2619 3830 2855 3897; x_wconf 78' lang='grc' dir='ltr'><strong>κόσμον</strong></span> <span class='ocrx_word' id='word_1_633' title='bbox 2880 3827 2986 3880; x_wconf 79' lang='grc' dir='ltr'><strong>ἐὸν</strong></span> <span class='ocrx_word' id='word_1_634' title='bbox 3006 3828 3050 3860; x_wconf 83' lang='grc'><strong><em>⁵⁸</em></strong></span> <span class='ocrx_word' id='word_1_635' title='bbox 3084 3829 3230 3884; x_wconf 75' lang='grc' dir='ltr'><strong>ἔνθα</strong></span> <span class='ocrx_word' id='word_1_636' title='bbox 3250 3832 3350 3885; x_wconf 78' lang='grc' dir='ltr'><strong>καὶ</strong></span> <span class='ocrx_word' id='word_1_637' title='bbox 3383 3831 3533 3886; x_wconf 80' lang='grc' dir='ltr'><strong>ἔνθα</strong></span> <span class='ocrx_word' id='word_1_638' title='bbox 3554 3832 3678 3905; x_wconf 84' lang='lat'><strong>(69).</strong></span> 
     </span>
    </p>
   </div>
   <div class='ocr_carea' id='block_1_94' title="bbox 2179 3939 3678 4014">
    <p class='ocr_par' dir='ltr' id='par_1_94' title="bbox 2179 3939 3678 4014">
     <span class='ocr_line' id='line_1_94' title="bbox 2179 3939 3678 4014; baseline 0.003 -19"><span class='ocrx_word' id='word_1_639' title='bbox 2179 3942 2372 3995; x_wconf 84' lang='grc' dir='ltr'><strong>Ἥνίκα</strong></span> <span class='ocrx_word' id='word_1_640' title='bbox 2401 3941 2493 3996; x_wconf 79' lang='grc' dir='ltr'><strong>τὸν</strong></span> <span class='ocrx_word' id='word_1_641' title='bbox 2523 3939 2648 3993; x_wconf 77' lang='grc' dir='ltr'><strong>νοῦν</strong></span> <span class='ocrx_word' id='word_1_642' title='bbox 2676 3940 2753 4004; x_wconf 85' lang='grc' dir='ltr'><strong>ὡς</strong></span> <span class='ocrx_word' id='word_1_643' title='bbox 2788 3939 2881 3993; x_wconf 77' lang='grc' dir='ltr'><strong>διὰ</strong></span> <span class='ocrx_word' id='word_1_644' title='bbox 2912 3940 3184 4012; x_wconf 86' lang='grc' dir='ltr'><strong>κλείθρων</strong></span> <span class='ocrx_word' id='word_1_645' title='bbox 3213 3944 3380 3997; x_wconf 88' lang='grc' dir='ltr'><strong>τινῶν</strong></span> <span class='ocrx_word' id='word_1_646' title='bbox 3411 3946 3524 3999; x_wconf 87' lang='grc' dir='ltr'><strong>τῶν</strong></span> <span class='ocrx_word' id='word_1_647' title='bbox 3558 3963 3678 4014; x_wconf 75' lang='grc' dir='ltr'><strong>φαι-</strong></span> 
     </span>
    </p>
   </div>
   <div class='ocr_carea' id='block_1_95' title="bbox 2095 4032 3679 4105">
    <p class='ocr_par' dir='ltr' id='par_1_95' title="bbox 2095 4032 3679 4105">
     <span class='ocr_line' id='line_1_95' title="bbox 2095 4032 3679 4105; baseline 0.003 -17"><span class='ocrx_word' id='word_1_648' title='bbox 2095 4034 2340 4105; x_wconf 83' lang='grc' dir='ltr'><strong>νομένων</strong></span> <span class='ocrx_word' id='word_1_649' title='bbox 2363 4034 2391 4085; x_wconf 85' lang='grc' dir='ltr'>ὁ</span> <span class='ocrx_word' id='word_1_650' title='bbox 2427 4033 2603 4104; x_wconf 85' lang='grc' dir='ltr'><strong>μέγας</strong></span> <span class='ocrx_word' id='word_1_651' title='bbox 2627 4032 2793 4086; x_wconf 72' lang='grc' dir='ltr'><strong>Δαϐὶδ</strong></span> <span class='ocrx_word' id='word_1_652' title='bbox 2831 4033 2976 4087; x_wconf 81' lang='grc' dir='ltr'><strong>κατά</strong></span> <span class='ocrx_word' id='word_1_653' title='bbox 3009 4035 3180 4104; x_wconf 86' lang='grc' dir='ltr'><strong>μόνην</strong></span> <span class='ocrx_word' id='word_1_654' title='bbox 3206 4036 3394 4089; x_wconf 83' lang='grc' dir='ltr'><strong>πίστιν</strong></span> <span class='ocrx_word' id='word_1_655' title='bbox 3423 4039 3484 4091; x_wconf 88' lang='grc' dir='ltr'>ἐν</span> <span class='ocrx_word' id='word_1_656' title='bbox 3523 4039 3679 4093; x_wconf 86' lang='grc' dir='ltr'><strong>πνεύ-</strong></span> 
     </span>
    </p>
   </div>
   <div class='ocr_carea' id='block_1_96' title="bbox 2099 4127 3679 4201">
    <p class='ocr_par' dir='ltr' id='par_1_96' title="bbox 2099 4127 3679 4201">
     <span class='ocr_line' id='line_1_96' title="bbox 2099 4127 3679 4201; baseline 0.003 -20"><span class='ocrx_word' id='word_1_657' title='bbox 2099 4147 2228 4199; x_wconf 88' lang='grc' dir='ltr'><strong>ματι</strong></span> <span class='ocrx_word' id='word_1_658' title='bbox 2266 4128 2402 4200; x_wconf 77' lang='grc' dir='ltr'><strong>πρὸς</strong></span> <span class='ocrx_word' id='word_1_659' title='bbox 2437 4127 2508 4181; x_wconf 80' lang='grc' dir='ltr'><strong>τὰ</strong></span> <span class='ocrx_word' id='word_1_660' title='bbox 2528 4127 2697 4197; x_wconf 83' lang='grc' dir='ltr'><strong>νοητὰ</strong></span> <span class='ocrx_word' id='word_1_661' title='bbox 2721 4128 2980 4191; x_wconf 84' lang='grc' dir='ltr'><strong>διελάσας</strong></span> <span class='ocrx_word' id='word_1_662' title='bbox 3002 4127 3224 4192; x_wconf 83' lang='grc' dir='ltr'><strong>ἐδέξατό</strong></span> <span class='ocrx_word' id='word_1_663' title='bbox 3256 4147 3383 4184; x_wconf 83' lang='grc' dir='ltr'><strong>τινα</strong></span> <span class='ocrx_word' id='word_1_664' title='bbox 3413 4133 3568 4201; x_wconf 74' lang='grc' dir='ltr'><strong>παρὰ</strong></span> <span class='ocrx_word' id='word_1_665' title='bbox 3591 4134 3679 4201; x_wconf 85' lang='grc' dir='ltr'><strong>τῆς</strong></span> 
     </span>
    </p>
   </div>
   <div class='ocr_carea' id='block_1_97' title="bbox 2099 4219 3678 4296">
    <p class='ocr_par' dir='ltr' id='par_1_97' title="bbox 2099 4219 3678 4296">
     <span class='ocr_line' id='line_1_97' title="bbox 2099 4219 3678 4296; baseline 0 -20"><span class='ocrx_word' id='word_1_666' title='bbox 2099 4222 2254 4285; x_wconf 82' lang='grc' dir='ltr'><strong>θείας</strong></span> <span class='ocrx_word' id='word_1_667' title='bbox 2305 4221 2499 4291; x_wconf 81' lang='grc' dir='ltr'><strong>σοφίας</strong></span> <span class='ocrx_word' id='word_1_668' title='bbox 2555 4219 2667 4273; x_wconf 90' lang='grc' dir='ltr'><strong>τῶν</strong></span> <span class='ocrx_word' id='word_1_669' title='bbox 2719 4221 2958 4287; x_wconf 84' lang='grc' dir='ltr'><strong>ἐφικτῶν</strong></span> <span class='ocrx_word' id='word_1_670' title='bbox 3005 4222 3318 4293; x_wconf 81' lang='grc' dir='ltr'><strong>ἀνθρώποις</strong></span> <span class='ocrx_word' id='word_1_671' title='bbox 3372 4226 3678 4296; x_wconf 79' lang='grc' dir='ltr'><strong>μυστηρίων</strong></span> 
     </span>
    </p>
   </div>
   <div class='ocr_carea' id='block_1_98' title="bbox 2095 4309 3679 4384">
    <p class='ocr_par' dir='ltr' id='par_1_98' title="bbox 2095 4309 3679 4384">
     <span class='ocr_line' id='line_1_98' title="bbox 2095 4309 3679 4384; baseline 0.001 -17"><span class='ocrx_word' id='word_1_672' title='bbox 2095 4315 2360 4384; x_wconf 74' lang='grc' dir='ltr'><strong>ἔμφασιν,</strong></span> <span class='ocrx_word' id='word_1_673' title='bbox 2415 4313 2558 4377; x_wconf 86' lang='grc' dir='ltr'><strong>τότε,</strong></span> <span class='ocrx_word' id='word_1_674' title='bbox 2609 4312 2862 4382; x_wconf 85' lang='grc' dir='ltr'><strong>καθάπερ</strong></span> <span class='ocrx_word' id='word_1_675' title='bbox 2919 4309 3098 4381; x_wconf 85' lang='grc' dir='ltr'><strong>οἶμαι,</strong></span> <span class='ocrx_word' id='word_1_676' title='bbox 3157 4315 3344 4384; x_wconf 70' lang='grc' dir='ltr'><strong>φησιν,</strong></span> <span class='ocrx_word' id='word_1_677' title='bbox 3388 4317 3679 4381; x_wconf 79' lang='grc' dir='ltr'><strong>Ἀὄυσοός</strong></span> 
     </span>
    </p>
   </div>
   <div class='ocr_carea' id='block_1_99' title="bbox 2093 4403 3675 4477">
    <p class='ocr_par' dir='ltr' id='par_1_99' title="bbox 2093 4403 3675 4477">
     <span class='ocr_line' id='line_1_99' title="bbox 2093 4403 3675 4477; baseline 0.001 -16"><span class='ocrx_word' id='word_1_678' title='bbox 2093 4408 2374 4462; x_wconf 79' lang='grc' dir='ltr'><strong>ἄϐυσσον</strong></span> <span class='ocrx_word' id='word_1_679' title='bbox 2419 4403 2789 4458; x_wconf 64' lang='grc' dir='ltr'><strong>ἐπικαλεῖται</strong></span> <span class='ocrx_word' id='word_1_680' title='bbox 2841 4408 2928 4471; x_wconf 72' lang='grc' dir='ltr'><strong>εἰς</strong></span> <span class='ocrx_word' id='word_1_681' title='bbox 2967 4406 3180 4473; x_wconf 66' lang='grc' dir='ltr'><strong>φωνὴν</strong></span> <span class='ocrx_word' id='word_1_682' title='bbox 3231 4407 3351 4461; x_wconf 81' lang='grc' dir='ltr'><strong>τῶν</strong></span> <span class='ocrx_word' id='word_1_683' title='bbox 3397 4411 3675 4477; x_wconf 78' lang='grc' dir='ltr'><strong>καταρῤα·</strong></span> 
     </span>
    </p>
   </div>
   <div class='ocr_carea' id='block_1_100' title="bbox 2096 4494 3675 4567">
    <p class='ocr_par' dir='ltr' id='par_1_100' title="bbox 2096 4494 3675 4567">
     <span class='ocr_line' id='line_1_100' title="bbox 2096 4494 3675 4567; baseline 0.001 -16"><span class='ocrx_word' id='word_1_684' title='bbox 2096 4498 2258 4551; x_wconf 78' lang='grc' dir='ltr'><strong>κτῶν</strong></span> <span class='ocrx_word' id='word_1_685' title='bbox 2280 4512 2437 4551; x_wconf 86' lang='grc' dir='ltr'><strong>σου·</strong></span> <span class='ocrx_word' id='word_1_686' title='bbox 2496 4494 2708 4558; x_wconf 82' lang='grc' dir='ltr'><strong>τούτοις</strong></span> <span class='ocrx_word' id='word_1_687' title='bbox 2760 4496 2921 4566; x_wconf 73' lang='grc' dir='ltr'><strong>τυχὸν</strong></span> <span class='ocrx_word' id='word_1_688' title='bbox 2953 4496 3389 4567; x_wconf 83' lang='grc' dir='ltr'><strong>ἐνδεικνύμενος,</strong></span> <span class='ocrx_word' id='word_1_689' title='bbox 3438 4501 3525 4553; x_wconf 86' lang='grc' dir='ltr'><strong>ὅτι</strong></span> <span class='ocrx_word' id='word_1_690' title='bbox 3574 4503 3675 4563; x_wconf 70' lang='grc' dir='ltr'><strong>πᾶς</strong></span> 
     </span>
    </p>
   </div>
   <div class='ocr_carea' id='block_1_101' title="bbox 2098 4586 3677 4658">
    <p class='ocr_par' dir='ltr' id='par_1_101' title="bbox 2098 4586 3677 4658">
     <span class='ocr_line' id='line_1_101' title="bbox 2098 4586 3677 4658; baseline -0.002 -16"><span class='ocrx_word' id='word_1_691' title='bbox 2098 4588 2225 4651; x_wconf 74' lang='grc' dir='ltr'><strong>νοῦς</strong></span> <span class='ocrx_word' id='word_1_692' title='bbox 2263 4587 2619 4658; x_wconf 83' lang='grc' dir='ltr'><strong>θεωρητικὸς,</strong></span> <span class='ocrx_word' id='word_1_693' title='bbox 2656 4586 2742 4638; x_wconf 79' lang='grc' dir='ltr'><strong>διά</strong></span> <span class='ocrx_word' id='word_1_694' title='bbox 2767 4603 2825 4638; x_wconf 92' lang='grc' dir='ltr'><strong>τε</strong></span> <span class='ocrx_word' id='word_1_695' title='bbox 2865 4587 2924 4638; x_wconf 72' lang='grc' dir='ltr'><strong>τὸ</strong></span> <span class='ocrx_word' id='word_1_696' title='bbox 2954 4586 3097 4639; x_wconf 82' lang='grc' dir='ltr'><strong>κατά</strong></span> <span class='ocrx_word' id='word_1_697' title='bbox 3128 4587 3292 4656; x_wconf 79' lang='grc' dir='ltr'><strong>φύσιν</strong></span> <span class='ocrx_word' id='word_1_698' title='bbox 3322 4587 3562 4658; x_wconf 84' lang='grc' dir='ltr'><strong>ἀόρατον</strong></span> <span class='ocrx_word' id='word_1_699' title='bbox 3592 4589 3677 4642; x_wconf 74' lang='grc' dir='ltr'><strong>καὶ</strong></span> 
     </span>
    </p>
   </div>
   <div class='ocr_carea' id='block_1_102' title="bbox 2098 4675 3680 4751">
    <p class='ocr_par' dir='ltr' id='par_1_102' title="bbox 2098 4675 3680 4751">
     <span class='ocr_line' id='line_1_102' title="bbox 2098 4675 3680 4751; baseline -0.001 -18"><span class='ocrx_word' id='word_1_700' title='bbox 2098 4680 2161 4733; x_wconf 77' lang='grc' dir='ltr'><strong>τὸ</strong></span> <span class='ocrx_word' id='word_1_701' title='bbox 2200 4677 2362 4747; x_wconf 81' lang='grc' dir='ltr'><strong>βάθος</strong></span> <span class='ocrx_word' id='word_1_702' title='bbox 2392 4677 2487 4730; x_wconf 79' lang='grc' dir='ltr'><strong>καὶ</strong></span> <span class='ocrx_word' id='word_1_703' title='bbox 2523 4676 2728 4746; x_wconf 80' lang='grc' dir='ltr'><strong>πλῆθος</strong></span> <span class='ocrx_word' id='word_1_704' title='bbox 2754 4675 2864 4728; x_wconf 87' lang='grc' dir='ltr'><strong>τῶν</strong></span> <span class='ocrx_word' id='word_1_705' title='bbox 2893 4678 3186 4747; x_wconf 80' lang='grc' dir='ltr'><strong>νοημάτων</strong></span> <span class='ocrx_word' id='word_1_706' title='bbox 3214 4677 3441 4748; x_wconf 73' lang='grc' dir='ltr'><strong>ὀϐύσσῳ</strong></span> <span class='ocrx_word' id='word_1_707' title='bbox 3474 4696 3680 4751; x_wconf 81' lang='grc' dir='ltr'><strong>παρεοι-</strong></span> 
     </span>
    </p>
   </div>
   <div class='ocr_carea' id='block_1_103' title="bbox 2101 4767 3681 4839">
    <p class='ocr_par' dir='ltr' id='par_1_103' title="bbox 2101 4767 3681 4839">
     <span class='ocr_line' id='line_1_103' title="bbox 2101 4767 3681 4839; baseline -0.001 -15"><span class='ocrx_word' id='word_1_708' title='bbox 2101 4772 2234 4834; x_wconf 84' lang='grc' dir='ltr'><strong>κὼς,</strong></span> <span class='ocrx_word' id='word_1_709' title='bbox 2268 4769 2487 4822; x_wconf 79' lang='grc' dir='ltr'><strong>ἐπειδὰν</strong></span> <span class='ocrx_word' id='word_1_710' title='bbox 2508 4767 2616 4821; x_wconf 89' lang='grc' dir='ltr'><strong>τῶν</strong></span> <span class='ocrx_word' id='word_1_711' title='bbox 2646 4768 2988 4837; x_wconf 79' lang='grc' dir='ltr'><strong>φαινομένων</strong></span> <span class='ocrx_word' id='word_1_712' title='bbox 3013 4767 3207 4830; x_wconf 78' lang='grc' dir='ltr'><strong>διαϐάς</strong></span> <span class='ocrx_word' id='word_1_713' title='bbox 3237 4769 3424 4823; x_wconf 80' lang='grc' dir='ltr'><strong>πᾶσαν</strong></span> <span class='ocrx_word' id='word_1_714' title='bbox 3450 4772 3551 4839; x_wconf 78' lang='grc' dir='ltr'><strong>τὴν</strong></span> <span class='ocrx_word' id='word_1_715' title='bbox 3575 4770 3681 4823; x_wconf 81' lang='grc' dir='ltr'><strong>δια-</strong></span> 
     </span>
    </p>
   </div>
   <div class='ocr_carea' id='block_1_104' title="bbox 2101 4856 3678 4933">
    <p class='ocr_par' dir='ltr' id='par_1_104' title="bbox 2101 4856 3678 4933">
     <span class='ocr_line' id='line_1_104' title="bbox 2101 4856 3678 4933; baseline 0 -18"><span class='ocrx_word' id='word_1_716' title='bbox 2101 4863 2396 4933; x_wconf 86' lang='grc' dir='ltr'><strong>κόσμησιν,</strong></span> <span class='ocrx_word' id='word_1_717' title='bbox 2429 4858 2524 4913; x_wconf 71' lang='grc' dir='ltr'><strong>καὶ</strong></span> <span class='ocrx_word' id='word_1_718' title='bbox 2552 4859 2631 4920; x_wconf 85' lang='grc' dir='ltr'><strong>είς</strong></span> <span class='ocrx_word' id='word_1_719' title='bbox 2662 4857 2764 4927; x_wconf 77' lang='grc' dir='ltr'><strong>τὴν</strong></span> <span class='ocrx_word' id='word_1_720' title='bbox 2791 4856 2899 4909; x_wconf 86' lang='grc' dir='ltr'><strong>τῶν</strong></span> <span class='ocrx_word' id='word_1_721' title='bbox 2932 4856 3140 4925; x_wconf 86' lang='grc' dir='ltr'><strong>νοητῶν</strong></span> <span class='ocrx_word' id='word_1_722' title='bbox 3164 4858 3352 4928; x_wconf 83' lang='grc' dir='ltr'><strong>χώραν</strong></span> <span class='ocrx_word' id='word_1_723' title='bbox 3374 4862 3678 4930; x_wconf 80' lang='grc' dir='ltr'><strong>γενόμενος,</strong></span> 
     </span>
    </p>
   </div>
   <div class='ocr_carea' id='block_1_105' title="bbox 2101 4949 3683 5021">
    <p class='ocr_par' dir='ltr' id='par_1_105' title="bbox 2101 4949 3683 5021">
     <span class='ocr_line' id='line_1_105' title="bbox 2101 4949 3683 5021; baseline -0.009 -15"><span class='ocrx_word' id='word_1_724' title='bbox 2101 4954 2197 5008; x_wconf 63' lang='grc' dir='ltr'><strong>καλ⁵</strong></span> <span class='ocrx_word' id='word_1_725' title='bbox 2225 4952 2431 5007; x_wconf 87' lang='grc' dir='ltr'><strong>τούτων</strong></span> <span class='ocrx_word' id='word_1_726' title='bbox 2459 4951 2623 5004; x_wconf 87' lang='grc' dir='ltr'><strong>πάλιν</strong></span> <span class='ocrx_word' id='word_1_727' title='bbox 2656 4950 2801 5003; x_wconf 78' lang='grc' dir='ltr'><strong>κατὰ</strong></span> <span class='ocrx_word' id='word_1_728' title='bbox 2828 4949 3011 5001; x_wconf 81' lang='grc' dir='ltr'><strong>πίστιν</strong></span> <span class='ocrx_word' id='word_1_729' title='bbox 3045 4949 3124 5019; x_wconf 84' lang='grc' dir='ltr'><strong>τῷ</strong></span> <span class='ocrx_word' id='word_1_730' title='bbox 3158 4951 3375 5021; x_wconf 78' lang='grc' dir='ltr'><strong>σφοδρῷ</strong></span> <span class='ocrx_word' id='word_1_731' title='bbox 3412 4953 3514 5021; x_wconf 75' lang='grc' dir='ltr'><strong>τῆς</strong></span> <span class='ocrx_word' id='word_1_732' title='bbox 3545 4953 3683 5020; x_wconf 70' lang='grc' dir='ltr'><strong>κινή.</strong></span> 
     </span>
    </p>
   </div>
   <div class='ocr_carea' id='block_1_106' title="bbox 2103 5032 3677 5113">
    <p class='ocr_par' dir='ltr' id='par_1_106' title="bbox 2103 5032 3677 5113">
     <span class='ocr_line' id='line_1_106' title="bbox 2103 5032 3677 5113; baseline -0.002 -17"><span class='ocrx_word' id='word_1_733' title='bbox 2103 5061 2243 5107; x_wconf 89' lang='grc' dir='ltr'><strong>σεως</strong></span> <span class='ocrx_word' id='word_1_734' title='bbox 2300 5032 2545 5113; x_wconf 73' lang='grc' dir='ltr'><strong>ὑπερϐὰς</strong></span> <span class='ocrx_word' id='word_1_735' title='bbox 2600 5041 2700 5110; x_wconf 78' lang='grc' dir='ltr'><strong>τὴν</strong></span> <span class='ocrx_word' id='word_1_736' title='bbox 2752 5040 3112 5110; x_wconf 78' lang='grc' dir='ltr'><strong>εὐπρέπειαν,</strong></span> <span class='ocrx_word' id='word_1_737' title='bbox 3176 5042 3263 5109; x_wconf 76' lang='grc' dir='ltr'><strong>ἐφ’</strong></span> <span class='ocrx_word' id='word_1_738' title='bbox 3313 5042 3512 5099; x_wconf 76' lang='grc' dir='ltr'><strong>ἐαυτὸν</strong></span> <span class='ocrx_word' id='word_1_739' title='bbox 3565 5044 3677 5113; x_wconf 82' lang='grc' dir='ltr'><strong>στῇ,</strong></span> 
     </span>
    </p>
   </div>
   <div class='ocr_carea' id='block_1_107' title="bbox 1716 5219 2397 5279">
    <p class='ocr_par' dir='ltr' id='par_1_107' title="bbox 1716 5219 2397 5279">
     <span class='ocr_line' id='line_1_107' title="bbox 1716 5219 2397 5279; baseline 0 -3"><span class='ocrx_word' id='word_1_740' title='bbox 1716 5223 1948 5278; x_wconf 67' lang='grc' dir='ltr'><strong>γΑῐιιίΕ</strong></span> <span class='ocrx_word' id='word_1_741' title='bbox 1987 5219 2397 5279; x_wconf 81' lang='lat' dir='ltr'><strong>LECTIONES.</strong></span> 
     </span>
    </p>
   </div>
   <div class='ocr_carea' id='block_1_108' title="bbox 416 5295 1152 5373">
    <p class='ocr_par' dir='ltr' id='par_1_108' title="bbox 416 5295 1152 5373">
     <span class='ocr_line' id='line_1_108' title="bbox 416 5295 1152 5373; baseline 0.01 -20"><span class='ocrx_word' id='word_1_742' title='bbox 416 5360 450 5373; x_wconf 11' lang='grc' dir='ltr'><strong>,ί</strong></span> <span class='ocrx_word' id='word_1_743' title='bbox 489 5295 537 5329; x_wconf 84' lang='grc'><strong><em>⁸³</em></strong></span> <span class='ocrx_word' id='word_1_744' title='bbox 554 5298 764 5373; x_wconf 74' lang='lat' dir='ltr'><strong>Caillau</strong></span> <span class='ocrx_word' id='word_1_745' title='bbox 802 5305 893 5361; x_wconf 87' lang='lat' dir='ltr'><strong>ed.</strong></span> <span class='ocrx_word' id='word_1_746' title='bbox 925 5308 1152 5373; x_wconf 75' lang='grc' dir='ltr'><strong>Κιρνάς.</strong></span> 
     </span>
    </p>
   </div>
   <div class='ocr_carea' id='block_1_109' title="bbox 415 5370 771 5427">
    <p class='ocr_par' dir='ltr' id='par_1_109' title="bbox 415 5370 771 5427">
     <span class='ocr_line' id='line_1_109' title="bbox 415 5370 771 5427; baseline 0.045 -15"><span class='ocrx_word' id='word_1_747' title='bbox 415 5372 546 5418; x_wconf 79' lang='lat' dir='ltr'><strong>item</strong></span> <span class='ocrx_word' id='word_1_748' title='bbox 580 5370 771 5427; x_wconf 81' lang='grc' dir='ltr'><strong>ἐθέλοι.</strong></span> 
     </span>
    </p>
   </div>
   <div class='ocr_carea' id='block_1_110' title="bbox 415 5432 641 5491">
    <p class='ocr_par' dir='ltr' id='par_1_110' title="bbox 415 5432 641 5491">
     <span class='ocr_line' id='line_1_110' title="bbox 415 5432 641 5491; baseline 0.04 -9"><span class='ocrx_word' id='word_1_749' title='bbox 415 5432 641 5491; x_wconf 73' lang='lat' dir='ltr'><strong>simum.</strong></span> 
     </span>
    </p>
   </div>
   <div class='ocr_carea' id='block_1_111' title="bbox 1261 5308 3677 5382">
    <p class='ocr_par' dir='ltr' id='par_1_111' title="bbox 1261 5308 3677 5382">
     <span class='ocr_line' id='line_1_111' title="bbox 1261 5308 3677 5382; baseline 0.003 -20"><span class='ocrx_word' id='word_1_750' title='bbox 1261 5308 1543 5382; x_wconf 71' lang='lat' dir='ltr'><strong>&quot;_C_a_illau</strong></span> <span class='ocrx_word' id='word_1_751' title='bbox 1565 5311 1768 5382; x_wconf 75' lang='grc' dir='ltr'><strong>ἐθέλει.</strong></span> <span class='ocrx_word' id='word_1_752' title='bbox 1797 5314 1943 5382; x_wconf 82' lang='lat' dir='ltr'><strong>quod</strong></span> <span class='ocrx_word' id='word_1_753' title='bbox 1972 5314 2135 5367; x_wconf 89' lang='lat' dir='ltr'><strong>tertio</strong></span> <span class='ocrx_word' id='word_1_754' title='bbox 2166 5312 2295 5382; x_wconf 82' lang='lat' dir='ltr'><strong>loco</strong></span> <span class='ocrx_word' id='word_1_755' title='bbox 2324 5318 2380 5382; x_wconf 85' lang='lat' dir='ltr'><strong>et</strong></span> <span class='ocrx_word' id='word_1_756' title='bbox 2411 5310 2552 5382; x_wconf 83' lang='lat' dir='ltr'><strong>infra</strong></span> <span class='ocrx_word' id='word_1_757' title='bbox 2579 5310 2719 5382; x_wconf 82' lang='lat' dir='ltr'><strong>apud</strong></span> <span class='ocrx_word' id='word_1_758' title='bbox 2754 5310 3066 5382; x_wconf 67' lang='lat' dir='ltr'><strong>Maximum</strong></span> <span class='ocrx_word' id='word_1_759' title='bbox 3125 5322 3323 5373; x_wconf 73' lang='lat' dir='ltr'><strong>exs&#39;at,</strong></span> <span class='ocrx_word' id='word_1_760' title='bbox 3365 5314 3462 5369; x_wconf 78' lang='lat' dir='ltr'><strong>sed</strong></span> <span class='ocrx_word' id='word_1_761' title='bbox 3515 5316 3677 5371; x_wconf 80' lang='lat' dir='ltr'><strong>altero</strong></span> 
     </span>
    </p>
   </div>
   <div class='ocr_carea' id='block_1_112' title="bbox 866 5377 3678 5451">
    <p class='ocr_par' dir='ltr' id='par_1_112' title="bbox 866 5377 3678 5451">
     <span class='ocr_line' id='line_1_112' title="bbox 866 5377 3678 5451; baseline 0.006 -24"><span class='ocrx_word' id='word_1_762' title='bbox 866 5378 912 5410; x_wconf 84' lang='lat'><strong>&quot;</strong></span> <span class='ocrx_word' id='word_1_763' title='bbox 948 5377 1067 5430; x_wconf 80' lang='grc' dir='ltr'><strong>ὅλον</strong></span> <span class='ocrx_word' id='word_1_764' title='bbox 1095 5378 1267 5432; x_wconf 91' lang='lat' dir='ltr'><strong>edidit</strong></span> <span class='ocrx_word' id='word_1_765' title='bbox 1288 5378 1517 5435; x_wconf 89' lang='lat' dir='ltr'><strong>Caillau.</strong></span> <span class='ocrx_word' id='word_1_766' title='bbox 1544 5381 1679 5436; x_wconf 89' lang='lat' dir='ltr'><strong>Cum</strong></span> <span class='ocrx_word' id='word_1_767' title='bbox 1702 5377 1934 5439; x_wconf 44' lang='lat' dir='ltr'><strong>Max-imo</strong></span> <span class='ocrx_word' id='word_1_768' title='bbox 1963 5384 2170 5439; x_wconf 82' lang='lat' dir='ltr'><strong>faciunt</strong></span> <span class='ocrx_word' id='word_1_769' title='bbox 2197 5379 2320 5437; x_wconf 92' lang='lat' dir='ltr'><strong>cod.</strong></span> <span class='ocrx_word' id='word_1_770' title='bbox 2363 5381 2495 5450; x_wconf 70' lang='lat' dir='ltr'><strong>lleg.</strong></span> <span class='ocrx_word' id='word_1_771' title='bbox 2531 5381 2635 5435; x_wconf 80' lang='lat'><strong>995</strong></span> <span class='ocrx_word' id='word_1_772' title='bbox 2662 5380 2928 5446; x_wconf 88' lang='lat' dir='ltr'><strong>ctCoisl.,</strong></span> <span class='ocrx_word' id='word_1_773' title='bbox 2981 5383 3127 5451; x_wconf 85' lang='lat' dir='ltr'><strong>apud</strong></span> <span class='ocrx_word' id='word_1_774' title='bbox 3157 5385 3432 5439; x_wconf 88' lang='lat' dir='ltr'><strong>editorem</strong></span> <span class='ocrx_word' id='word_1_775' title='bbox 3496 5386 3678 5442; x_wconf 81' lang='lat' dir='ltr'><strong>novis-</strong></span> 
     </span>
    </p>
   </div>
   <div class='ocr_carea' id='block_1_113' title="bbox 493 5544 2998 5641">
    <p class='ocr_par' dir='ltr' id='par_1_113' title="bbox 493 5544 2998 5641">
     <span class='ocr_line' id='line_1_113' title="bbox 493 5544 2998 5641; baseline 0.01 -42"><span class='ocrx_word' id='word_1_776' title='bbox 493 5544 604 5617; x_wconf 85' lang='lat'><strong>(69)</strong></span> <span class='ocrx_word' id='word_1_777' title='bbox 652 5549 810 5621; x_wconf 83' lang='lat' dir='ltr'><strong>Greg.</strong></span> <span class='ocrx_word' id='word_1_778' title='bbox 842 5553 1098 5609; x_wconf 81' lang='lat' dir='ltr'><strong>Nazianz.</strong></span> <span class='ocrx_word' id='word_1_779' title='bbox 1135 5557 1405 5630; x_wconf 73' lang='lat' dir='ltr'><strong>Prwcepta</strong></span> <span class='ocrx_word' id='word_1_780' title='bbox 1434 5561 1503 5615; x_wconf 83' lang='lat' dir='ltr'><strong>ad</strong></span> <span class='ocrx_word' id='word_1_781' title='bbox 1539 5565 1667 5635; x_wconf 63' lang='grc' dir='ltr'><strong>ινδ-α.</strong></span> <span class='ocrx_word' id='word_1_782' title='bbox 1709 5582 1757 5620; x_wconf 85' lang='lat' dir='ltr'><strong>v.</strong></span> <span class='ocrx_word' id='word_1_783' title='bbox 1794 5566 1939 5637; x_wconf 79' lang='lat'><strong>599.,</strong></span> <span class='ocrx_word' id='word_1_784' title='bbox 1981 5583 2035 5637; x_wconf 90' lang='lat' dir='ltr'><strong>p.</strong></span> <span class='ocrx_word' id='word_1_785' title='bbox 2064 5567 2188 5637; x_wconf 74' lang='lat'><strong>572,</strong></span> <span class='ocrx_word' id='word_1_786' title='bbox 2224 5576 2357 5626; x_wconf 79' lang='lat' dir='ltr'><strong>tam.</strong></span> <span class='ocrx_word' id='word_1_787' title='bbox 2389 5568 2435 5625; x_wconf 85' lang='lat' dir='ltr'><strong>ll</strong></span> <span class='ocrx_word' id='word_1_788' title='bbox 2460 5566 2600 5641; x_wconf 88' lang='lat' dir='ltr'><strong>Opp.</strong></span> <span class='ocrx_word' id='word_1_789' title='bbox 2628 5568 2759 5628; x_wconf 83' lang='lat' dir='ltr'><strong>edit.</strong></span> <span class='ocrx_word' id='word_1_790' title='bbox 2794 5564 2998 5625; x_wconf 83' lang='lat' dir='ltr'><strong>Bened.</strong></span> 
     </span>
    </p>
   </div>
  </div>
