3938 6148
360 365 499 431 1409

1568 359 2087 422 AMBIGUORUM
2127 365 2350 428 LIBER
2364 417 2377 429 .

3474 377 3611 442 1410

360 474 626 544 πεπηγὼς
663 475 979 529 παντάπασι
1017 474 1112 527 καὶ
1145 473 1421 543 ἀκίνητος,
1452 472 1539 525 διὰ
1572 472 1670 542 τὴν
1713 471 1931 524 πάντων

2037 477 2405 542 superaverit,
2432 479 2655 550 jamque
2684 481 2741 536 in
2776 496 2835 537 se
2880 481 2998 553 ipsa
3032 492 3139 540 stet
3161 524 3176 549 ,
3227 484 3333 540 ﬁxa
3378 501 3613 556 prorsus

355 564 630 629 διάϐασιν,
667 565 971 636 τηνικαῦτα
1005 563 1103 635 τὴν
1141 565 1290 619 θείαν
1316 564 1546 625 δεόντως
1586 562 1934 616 ἐπικαλεῖται

361 656 574 723 σοφίαν,
606 657 705 727 τὴν
725 656 894 717 ὅντως
920 673 978 709 τε
1005 657 1100 709 καὶ
1131 655 1343 725 ἀληθῶς
1379 655 1556 724 (261
1587 653 1637 716 ὁ)
1670 653 1812 706 κατὰ
1836 653 1935 722 τὴν

359 745 561 811 γνῶσιν
591 745 925 814 ἀδιεξίτητον
954 744 1211 810 ἄϐυσσον,
1238 743 1420 814 φωνὴν
1445 742 1592 813 αὐτῷ
1617 744 1797 796 δοῦναι
1824 742 1934 794 τῶν

359 836 520 887 θείων
552 837 974 906 καταῤῥακτῶν,
1032 835 1145 887 ἀλλ’
1185 836 1285 887 οὑκ
1322 835 1520 897 αὐτοὺς
1572 836 1696 896 τοὺς
1728 833 1933 902 καταρ-

364 925 594 993 ράκτας,
637 927 772 997 ὅπερ
805 927 953 977 ἐστὶν
986 925 1226 995 ἓμφασίν
1271 942 1394 978 τινα
1426 925 1662 987 πίστεως
1697 940 1932 990 γνωστι-

360 1020 464 1089 κὴν
495 1019 602 1071 τῶν
632 1020 760 1089 περὶ
788 1019 849 1071 τὸ
883 1021 992 1072 πᾶν
1022 1022 1120 1088 τῆς
1150 1019 1301 1081 θείας
1344 1019 1598 1088 προνοίας
1626 1018 1839 1087 τρόπων
1872 1033 1932 1068 τε

273 1128 282 1138 ⁸
357 1116 451 1168 καλ⁵
502 1113 677 1183 λόγων
733 1112 900 1166 αίτῶν
961 1111 1344 1177 ὑποδέξασθαι,
1387 1112 1455 1164 δι’
1499 1107 1566 1182 ἧς
1628 1109 1931 1178 μνησθῆναι

359 1203 649 1274 δυνήσεται
668 1203 761 1255 τοῦ
794 1204 929 1256 Θεοῦ
950 1205 1010 1255 ὲκ
1031 1203 1134 1272 γῆς
1172 1203 1432 1272 Ἰορδάνου
1458 1203 1551 1254 καὶ
1591 1201 1927 1270 Ἑρμονιεὶμ,

359 1298 418 1349 ἐν
518 1296 615 1365 τῆς
651 1294 802 1357 θείας
827 1294 960 1364 πρὸς
977 1294 1296 1364 ἀνθρώπους
1315 1293 1408 1344 τοῦ
1433 1292 1568 1343 Θεοῦ
1598 1291 1771 1357 Λόγου
1804 1307 1933 1356 συγ-

359 1378 716 1444 καταϐάσέως
744 1382 806 1435 τὺ
842 1383 985 1452 μέγα
1015 1383 1109 1434 καὶ
1139 1382 1365 1450 φρικτὸν
1396 1380 1481 1433 διὰ
1518 1379 1714 1448 σαρκὸς
1750 1378 1930 1430 ἐτελέ-

362 1471 465 1542 σθη
495 1477 812 1542 μυστήριον,
844 1475 901 1526 ἐν
994 1474 1091 1539 τῆς
1116 1475 1194 1534 εἰς
1216 1473 1348 1525 Θεὸν
1376 1472 1652 1540 εὐσεϐείας
1686 1470 1929 1540 ἐδωρήθη

358 1566 473 1626 τοῖς
504 1561 813 1632 ἀνθρώποις
840 1563 901 1615 τὸ
935 1560 1153 1631 ἀληθὲς,
1180 1564 1316 1633 ὅπερ
1344 1561 1433 1614 διὰ
1466 1562 1525 1613 τὸ
1563 1562 1738 1613 πᾶσαν
1778 1560 1933 1612 ἐκϐε-

360 1653 587 1723 ϐηκέναι
622 1652 838 1722 φύσεως
858 1652 1012 1718 τάξιν
1043 1653 1139 1705 καὶ
1168 1652 1418 1721 δύναμιν·
1449 1651 1527 1720 τῷ
1561 1652 1658 1720 μὲν
1686 1649 1816 1718 θείῳ
1839 1650 1930 1701 καὶ

358 1744 457 1814 τῆς
493 1744 646 1805 θείας
681 1743 855 1814 μὺστῃ
884 1760 942 1795 τε
977 1743 1072 1796 καὶ
1113 1743 1455 1813 μυσταγωγεῖ)
1489 1740 1929 1812 κρυιριογνώστου

364 1834 556 1902 σοφίας
592 1832 791 1903 Παύλῳ
819 1832 897 1902 τῷ
929 1833 1149 1902 μεγάλῳ
1180 1832 1464 1901 ἁποστόλῳ
1499 1831 1679 1901 μωρία
1710 1829 1930 1898 evaga-

364 1921 463 1992 σθη
490 1920 625 1974 Θεοῦ
656 1920 751 1974 καὶ
779 1921 1052 1980 ἀσθένεια,
1077 1921 1164 1972 διὰ
1185 1920 1282 1990 τὴν
1314 1919 1758 1990 ὑπερϐάλλουσαν
1778 1914 1930 1987 οἶμαι

363 2013 557 2081 σοφίαν
596 2012 691 2067 καὶ
718 2010 966 2081 δύναμιν
994 2010 1069 2081 τῷ
1095 2012 1152 2064 δὲ
1190 2011 1439 2082 θεόφρονι
1471 2012 1692 2082 μεγάλῳ
1723 2013 1931 2081 Γρηγο-

361 2105 464 2176 ρίῳ
490 2104 741 2173 παίγνιον
764 2102 1208 2174 προσηγορεύθη,
1242 2102 1327 2156 διὰ
1360 2103 1458 2173 τὴν
1488 2102 1931 2174 ὑπερϐάλλουσαν

360 2196 644 2267 φρόνησιν.
689 2197 750 2246 '0
781 2195 878 2263 μὲν
909 2195 1017 2264 γάρ
1064 2207 1220 2264 φησι·
1274 2194 1344 2248 Τὸ
1387 2194 1588 2263 μωρὸν
1632 2192 1737 2246 τοῦ
1782 2191 1931 2245 Θεοῦ

358 2286 706 2356 σοφώτερον
752 2285 874 2339 τῶν
902 2287 1228 2355 ἀνθρώπων
1254 2284 1406 2342 ἐστὶ.
1451 2283 1550 2338 καὶ
1579 2284 1646 2337 τὸ
1675 2283 1931 2347 ἀσθενὲς

359 2379 466 2433 τοῦ
499 2379 646 2433 Θεοῦ
674 2379 1068 2446 ἰσχυρότερον
1092 2376 1211 2431 τῶν
1242 2374 1567 2442 ἀνθρώπων
1596 2375 1727 2427 ἐστι
1747 2391 1760 2404 ·
1797 2378 1823 2426 ὁ
1850 2374 1948 2428 δέν

362 2469 554 2532 Παίζει
582 2471 691 2539 γὰρ
717 2472 900 2538 λόγος
922 2469 1104 2535 αἰπὺς
1139 2469 1210 2522 ἐν
1247 2467 1436 2522 εἴδεσι
1470 2466 1929 2532 παντοδαποῖσι,

366 2563 584 2632 Ιιζρίνιις
618 2562 698 2627 ὠς
721 2561 915 2616 ἐθέλοι
941 2563 1174 2629 κόσμον
1195 2560 1300 2614 ἐὸν
1314 2560 1464 2615 ἔνθα
1484 2559 1582 2612 καί
1606 2559 1751 2612 ἔνθα
1772 2574 1786 2588 ο

358 2652 617 2721 ἑκάτερος
670 2653 740 2720 τῇ
799 2651 1053 2720 στερήσει
1122 2648 1234 2700 τῶν
1285 2649 1413 2716 παρ’
1446 2649 1577 2715 ἡμῖν
1626 2646 1930 2715 κρατίστων

360 2743 566 2796 θέσεων
596 2740 691 2812 τὴν
713 2741 860 2794 θείαν
877 2739 1278 2810 ἐνδεικνύμενος
1299 2737 1432 2804 ἕξιν,
1458 2737 1554 2791 καὶ
1579 2740 1696 2801 ταῖς
1719 2736 1929 2805 ἀποφά-

364 2851 482 2887 σεσι
509 2833 617 2885 τῶν
632 2836 659 2886 ἦ
673 2833 913 2903 μετέρων
932 2832 1247 2901 ποιούμενος
1270 2830 1364 2902 τὴν
1385 2830 1489 2882 τῶν
1512 2827 1669 2883 θείων
1683 2830 1930 2897 κατάφα-

359 2941 466 2981 σιν.
493 2923 690 2996 Μωρία
720 2924 830 2995 γὰρ
855 2923 983 2994 παρ’
1012 2925 1142 2992 ἡμῖν
1162 2923 1254 2975 καὶ
1281 2920 1534 2974 ἀσθένεια
1565 2921 1658 2974 καὶ
1683 2921 1929 2988 παίγνιον

356 3017 646 3087 στερήσεις
677 3015 835 3080 είσὶν,
873 3015 906 3085 ἡ
948 3014 1048 3084 μὲν
1072 3014 1288 3081 σοφίας,
1321 3013 1354 3083 ἡ
1380 3012 1438 3066 δὲ
1465 3011 1770 3083 δυνάμεως,
1808 3013 1842 3082 ἡ
1871 3010 1929 3064 δὲ

357 3111 696 3180 φρονήσεως,
722 3108 818 3159 ἐπὶ
845 3088 981 3159 Θεοῦ
1009 3106 1067 3159 δὲ
1100 3103 1392 3175 λεγόμεναι
1416 3104 1608 3171 σοφίας
1633 3103 1746 3157 καὶ.
1765 3101 1926 3165 δυνά-
1956 3130 2002 3191 c

363 3216 505 3262 μεως
532 3199 624 3253 καὶ
647 3200 965 3268 φρονήσεως
999 3195 1305 3266 ὑπερϐολὴν
1337 3194 1522 3264 σαφῶς
1548 3193 1925 3264 ὑποδηλοῦσιν.

362 3291 428 3344 Εἴ
450 3308 502 3343 τι
550 3286 644 3344 οῦν
697 3290 826 3360 παρ’
860 3290 995 3358 ἡμῖν
1048 3288 1190 3341 κατὰ
1244 3286 1500 3357 στέρησιν
1550 3284 1784 3352 λέγοιτο,
1836 3283 1927 3335 ὲπὶ

356 3381 494 3436 Θεοῦ
544 3380 833 3451 λεγόμενον
857 3381 976 3446 ἕξιν
1006 3375 1304 3448 ὑποδηλοῦν
1340 3377 1559 3438 πάντως
1610 3372 1928 3444 ἐκδέχεσθαι

357 3472 586 3536 δίκαιον,
614 3473 711 3525 καὶ
732 3472 792 3524 τὺ
836 3470 1099 3540 ἔμπαλιν,
1135 3468 1188 3522 εί
1212 3486 1266 3520 τι
1301 3468 1441 3521 κατὰ
1488 3463 1601 3530 ἕξιν
1635 3462 1721 3531 ἐφ’
1771 3462 1928 3534 ἡμῶν

356 3563 590 3633 λέγοιτο,
623 3562 807 3634 (262
844 3570 899 3630 α)
936 3562 1028 3613 ἐπὶ
1054 3558 1191 3613 Θεοῦ
1219 3559 1474 3630 στέρησιν
1516 3556 1603 3610 διὰ
1632 3556 1730 3627 τὴν
1764 3556 1931 3624 ὑπερ-

356 3656 489 3727 οχὴν
515 3634 838 3723 ὲκδέέεσθαι
862 3650 1058 3722 δηλοῦν
1089 3650 1562 3718 πρεπωδέστατον.
1588 3649 1656 3701 Δί
1682 3648 1791 3717 γὰρ
1820 3645 1928 3698 τῶν

358 3747 519 3799 θείων
557 3743 857 3814 ὑπερϐολαὶ
888 3743 982 3796 καὶ
1011 3742 1154 3796 κατὰ
1192 3742 1449 3812 στέρησιν
1476 3740 1544 3793 δι’
1584 3737 1929 3806 ἀντιφάσεως

356 3838 647 3909 λεγόμεναι
677 3836 809 3907 παρ’
860 3835 1017 3905 ὴμῶν
1046 3834 1336 3888 ἀποδέουσι
1384 3832 1518 3886 πολὺ
1565 3831 1663 3901 τῆς
1696 3828 1929 3901 ἀληθοῦς

356 3932 478 3987 καθ’
505 3931 563 3984 ὄν
593 3933 701 3983 είσι
734 3929 891 3997 λόγον
923 3928 1236 3998 ἐμφάσεως.
1269 3926 1333 3979 Ei
1360 3925 1419 3979 δὲ
1468 3922 1630 3978 τοῦτο
1666 3922 1807 3976 κατὰ
1837 3921 1929 3974 τὸν

357 4022 542 4075 εἰκότα
576 4019 734 4088 λόγον
766 4018 915 4072 ἐστὶν
968 4017 1170 4088 ἀληθὲς
1207 4018 1287 4088 (οὐ
1337 4016 1444 4086 γὰρ
1480 4013 1768 4085 συμϐαίνει
1813 4011 1928 4065 πώ-

358 4131 488 4169 ποτε
514 4116 584 4168 τὰ
634 4113 754 4167 θεῖα
800 4113 914 4175 τοῖς
963 4106 1369 4179 ἀνθρωπίνοις),
1405 4108 1514 4176 ἄρα
1562 4104 1744 4175 μωρία
1790 4101 1929 4157 Θεοῦ

359 4207 450 4261 καὶ
480 4204 734 4258 ἀσθένεια
763 4204 905 4257 κατᾶ
932 4202 1023 4255 τὸν
1055 4201 1211 4268 ἅγιον
1241 4199 1538 4253 ἀπόστολον
1568 4198 1802 4262 Παῦλον,
1834 4197 1930 4251 καὶ

357 4300 610 4366 παίγνιον
640 4295 775 4349 Θεοῦ
826 4294 968 4348 κατὰ
1015 4292 1316 4365 Γρηγὸριον
1356 4290 1457 4344 ⁴τὸν
1492 4288 1805 4359 θαυμαστὸν
1838 4289 1931 4341 καὶ

363 4390 539 4461 μέγαν
568 4384 909 4450 διδάσκαλον,
941 4384 1002 4437 τὸ
1032 4378 1329 4453 μυστήριόν
1354 4383 1471 4434 ἐστι
1504 4381 1609 4449 τῆς
1652 4379 1803 4442 θείας
1844 4380 1933 4432 ὲν·

2036 572 2205 634 atque
2239 566 2558 636 immobilis,
2587 572 2658 625 ob
2691 582 2889 627 cuncla
2923 576 3171 644 trajecta,
3215 585 3332 629 tum
3370 576 3611 631 divinam

2036 659 2354 713 necessario
2384 661 2645 717 invocare
2670 664 3020 732 sapientiam,
3071 666 3327 737 abyssum
3358 682 3481 735 qua:
3522 682 3612 720 re-

2035 759 2165 799 vera
2199 761 2311 801 non
2337 750 2513 817 possit
2543 752 2860 822 cognitione
2893 754 3219 817 transcurri,
3276 763 3336 807 ut
3385 754 3491 807 sibi
3524 755 3609 808 di-

2034 837 2290 892 vinarum
2318 850 2723 898 cataractarum
2753 859 2950 898 vocem
2984 845 3118 899 dare
3149 845 3304 910 velit,
3339 860 3449 898 non
3482 860 3612 900 vero

2034 923 2182 992 ipsas
2212 935 2517 983 cataractas
2546 971 2560 993 ,
2617 933 2765 1001 quod
2796 944 2881 987 est
2913 934 3375 1004 signiﬁcationem
3407 949 3609 1004 quanta

2034 1014 2158 1068 dam
2198 1016 2321 1071 ﬁtlei
2353 1035 2460 1088 qua
2489 1021 2690 1077 divinae
2712 1024 2859 1078 circa
2891 1025 3211 1079 universum
3240 1025 3610 1080 PrOvidentia:

2033 1105 2228 1159 modos
2256 1114 2314 1161 et
2352 1109 2597 1166 rationes
2642 1128 2936 1168 noscamus
2990 1116 3253 1183 precibus
3288 1117 3607 1185 impetrare,

2032 1210 2140 1263 qua
2181 1196 2277 1251 Dei
2310 1201 2627 1257 meminisse
2656 1219 2925 1273 queamus
2954 1222 3021 1260 ex
3058 1217 3204 1262 terra
3260 1208 3517 1263 Jordanis
3550 1219 3607 1265 et

2033 1282 2381 1340 llermoniim
2410 1300 2457 1353 ι,
2483 1290 2539 1344 in
2569 1308 2677 1360 qua
2705 1294 2904 1349 divina:
2936 1297 3033 1350 Dei
3069 1298 3355 1352 Sermonis
3394 1299 3462 1352 ad
3511 1299 3609 1353 lto-

2033 1374 2215 1429 mines
2249 1379 2737 1438 condescensionis
2760 1400 3016 1454 magnum
3050 1396 3107 1439 et
3146 1387 3484 1442 horrendum
3510 1404 3610 1457 per

2032 1478 2254 1518 carnem
2289 1476 2374 1521 est
2405 1482 2847 1526 consummatum
2872 1476 3213 1544 mysterium,
3253 1478 3305 1529 in
3338 1494 3447 1566 quo
3482 1494 3608 1531 vera

2032 1553 2360 1612 hominibus
2395 1575 2524 1630 erga
2554 1562 2727 1616 Deum
2761 1564 2939 1633 pictas
2969 1565 3169 1619 donata
3195 1574 3300 1630 est,
3337 1553 3459 1636 quae
3484 1585 3607 1622 cum

2032 1659 2253 1700 omnem
2275 1652 2755 1707 naturzeordinem
2785 1671 2849 1709 ac
2881 1664 3208 1724 potestatem
3236 1659 3608 1728 exsuperarit,

2032 1752 2061 1789 a
2095 1736 2282 1792 divino
2315 1749 2481 1810 atque
2513 1742 2718 1799 divina:
2751 1746 3036 1815 sapientia:
3083 1749 3373 1803 sacerdote
3411 1759 3469 1804 et
3511 1750 3613 1803 do-
3660 1758 3665 1775 ‘

2033 1835 2186 1883 ctore
2224 1834 2574 1889 occultorum
2625 1837 2928 1907 interprete
2979 1840 3172 1903 Paulo,
3229 1856 3431 1911 magno
3478 1857 3613 1912 apo-

2034 1921 2200 1985 stolo,
2247 1924 2491 1979 stultitia
2534 1927 2630 1981 Dei
2685 1938 2742 1983 et
2786 1928 3101 1994 inﬁrmitas,
3150 1930 3222 1984 ob
3265 1932 3612 2000 superabun-

2032 2007 2292 2073 dantem,
2321 2023 2478 2082 puto,
2517 2016 2846 2085 sapientiam
2894 2033 2958 2073 ac
3003 2019 3290 2086 virtutem,
3330 2037 3360 2074 a
3411 2038 3610 2092 magno

2031 2109 2223 2157 contra
2260 2118 2325 2158 ac
2385 2106 2578 2161 divino
2629 2107 2901 2180 Gregorio
2954 2111 3113 2167 lusus
3180 2114 3456 2183 appellata
3499 2126 3605 2178 est,

2033 2191 2103 2246 ob
2142 2195 2689 2263 superabundantem
2730 2203 3105 2270 prudentiam.
3159 2204 3255 2258 lllc
3283 2206 3453 2271 enim,
3515 2206 3608 2258 Dii

2033 2283 2277 2350 uultum,
2358 2287 2560 2357 inquit,
2649 2292 2940 2363 sapientius
2984 2295 3294 2359 hominibus,
3344 2304 3390 2349 et
3458 2296 3610 2365 inﬁr-

2031 2391 2174 2428 mum
2215 2375 2315 2430 Dei
2368 2379 2555 2448 fortius
2606 2390 2682 2434 est
2718 2384 3007 2437 hominibus
3049 2386 3070 2423 ¹ί
3103 2403 3115 2439 :
3155 2385 3245 2439 ltic
3270 2396 3461 2440 contra
3485 2388 3601 2441 ait:

2032 2461 2189 2516 Ludit
2242 2467 2381 2519 enim
2439 2485 2648 2521 summa
2699 2473 2836 2524 ratio
2902 2475 2957 2526 in
3003 2475 3316 2528 omnimodis
3373 2475 3604 2545 ﬁguris.

2030 2552 2330 2607 discernens
2378 2556 2609 2626 qualibet
2658 2560 2913 2614 mundum
2951 2579 3107 2616 suum
3155 2565 3275 2617 hinc
3309 2572 3359 2617 et
3406 2564 3554 2620 illinc
3587 2583 3606 2622 :

2031 2653 2268 2715 uterque
2300 2647 2635 2705 fortissimas
2665 2653 2871 2720 quibus
2900 2669 3003 2709 nos
3036 2656 3262 2720 utimur,
3303 2658 3611 2727 positiones

2030 2738 2285 2807 negando
2312 2739 2559 2794 divinum
2588 2742 2839 2797 habitum
2875 2745 3267 2803 demonstrans
3300 2788 3314 2810 ,
3382 2761 3603 2804 nostru-

2031 2842 2265 2898 rumque
2314 2832 2711 2901 negationibus
2759 2835 2949 2891 divina
3002 2837 3301 2894 afﬁrmans.
3361 2841 3607 2896 Stultitia

2031 2919 2182 2973 enim
2217 2928 2273 2975 et
2308 2920 2603 2979 inﬁrmitas
2629 2935 2686 2979 et
2716 2926 2873 2981 lusus
2924 2928 3070 2998 apud
3119 2945 3220 2984 nos
3266 2931 3608 3000 privationes

2031 3019 2181 3077 sunt,
2220 3028 2329 3067 una
2367 3013 2592 3083 quidem
2630 3016 2917 3085 sapientia:
2950 3058 2965 3083 ,
3019 3019 3193 3074 altera
3236 3020 3605 3083 iortitudinis.

2033 3103 2195 3157 tertia
2246 3105 2554 3173 prudentiae
2580 3148 2594 3171 ,
2658 3107 2755 3163 sed
2792 3110 2861 3163 de
2921 3100 3035 3163 Deo
3073 3120 3356 3183 usurpatae
3397 3114 3605 3169 ctedcm

2031 3195 2318 3263 sapientia:
2340 3205 2397 3251 et
2420 3197 2766 3258 fortitudinis
2799 3207 2856 3254 et
2902 3197 3216 3268 prudentiae
3257 3204 3607 3273 superabun—

2030 3283 2276 3340 dantiam
2316 3288 2464 3342 clare
2507 3290 2839 3359 signiﬁcant.
2877 3291 3032 3358 Quod
3065 3293 3109 3347 si
3157 3294 3292 3363 quid
3325 3296 3470 3368 apud
3505 3312 3608 3352 nos

2028 3378 2300 3446 privative
2329 3379 2558 3446 dicitur,
2588 3382 2656 3436 de
2686 3384 2801 3438 Deo
2833 3395 3161 3453 usurpatum
3194 3387 3338 3442 idem
3373 3390 3602 3445 habitus

2032 3469 2506 3539 signiﬁcationem
2546 3472 2754 3528 habere
2805 3476 2931 3544 jure
2977 3476 3490 3546 interpretabimur,
3540 3497 3609 3535 ac

2028 3575 2244 3625 rursus,
2285 3561 2331 3616 si
2356 3562 2491 3631 quid
2515 3564 2821 3619 secundum
2849 3565 3100 3621 habitum
3147 3567 3216 3622 de
3261 3569 3426 3624 nobis
3462 3571 3606 3626 dici-

2030 3658 2141 3716 tur,
2179 3650 2235 3706 id
2268 3652 2336 3707 de
2370 3653 2483 3709 Deo
2515 3666 2843 3724 usurpatum
2879 3657 2951 3712 ob
2987 3658 3352 3714 eminentiam
3394 3661 3602 3717 admit-

2030 3749 2146 3798 tere
2206 3743 2577 3813 privationem
2629 3748 2832 3804 docere
2881 3751 3120 3806 maxime
3168 3763 3606 3809 consentaneum

2028 3833 2156 3888 erit.
2198 3834 2520 3890 Divinorum
2552 3838 2701 3892 enim
2725 3841 3128 3909 exsuperantiae
3157 3882 3172 3906 ,
3229 3853 3286 3898 et
3327 3845 3606 3913 privative

2028 3939 2129 3993 per
2161 3926 2656 3983 contradictionem
2693 3931 2839 3999 apud
2866 3947 2966 3986 nos
3014 3932 3176 3986 dieue
3200 3973 3214 3996 ,
3261 3949 3292 3988 a
3330 3950 3465 3989 vero
3514 3950 3605 3989 sc—

2032 4012 2276 4067 cundum
2310 4000 2474 4084 quam
2529 4016 2642 4071 sint
2685 4018 2961 4072 rationem
3014 4019 3328 4090 signiﬁcatu
3366 4023 3606 4077 multum

2030 4104 2255 4159 absunt.
2293 4104 2451 4172 Quod
2475 4107 2543 4170 si,
2576 4109 2657 4163 uti
2690 4109 2934 4173 videtur,
2961 4126 3154 4165 verum
3188 4121 3274 4167 est
3301 4113 3605 4183 (nusquam

2030 4196 2178 4250 enim
2213 4196 2402 4252 divina
2437 4208 2756 4270 congruunt
2783 4216 2907 4255 cum
2940 4202 3249 4269 humanis),
3300 4220 3432 4275 ergo
3469 4208 3611 4261 stul-

2034 4286 2152 4342 titia
2186 4288 2282 4343 Dei
2328 4299 2384 4344 et
2415 4291 2714 4348 inﬁrmitas
2742 4293 3049 4348 secundum
3079 4306 3332 4350 sanctum
3383 4308 3607 4367 aposto'

2032 4377 2149 4432 lum
2178 4380 2431 4447 Paulum,
2469 4391 2525 4437 et
2558 4384 2717 4439 lusus
2751 4384 2846 4438 Dei
2888 4387 3190 4440 secundum
3219 4386 3609 4444 admirandum

360 4455 790 4549 ανθρωπήσεως,
835 4475 910 4538 ὡς
941 4474 1123 4542 πάσης
1155 4471 1372 4540 φύσεως
1414 4468 1699 4537 δυνάμεώς
1744 4485 1804 4520 τε
1836 4468 1931 4522 καὶ

2034 4479 2093 4525 et
2141 4488 2400 4541 magnum
2434 4473 2719 4531 doctorem
2756 4476 3123 4546 Gregorium,
3179 4478 3380 4533 divina:
3429 4480 3613 4534 incar-

358 4571 645 4640 ἐνεργείας
692 4569 875 4620 πᾶσαν
929 4562 1269 4634 ὑπερονσίως
1298 4558 1601 4628 ἐκϐεϐηκὸς
1639 4557 1792 4622 τάξιν
1837 4560 1934 4613 καὶ

357 4663 650 4736 ἁρμονίαν,
685 4659 1119 4732 ὃπερΠνεὺματι
1157 4657 1288 4726 θείῳ
1321 4653 1606 4727 πόρρωθεν
1640 4652 1783 4707 κατὰ
1810 4652 1933 4707 νοῦν

358 4754 696 4824 θεασάμενος
722 4753 818 4806 καὶ
853 4750 1081 4822 μυηθεὶς
1110 4751 1138 4801 ὁ
1166 4749 1438 4809 θειότατος
1469 4745 1654 4809 Δαϐὶδ,
1692 4745 1784 4797 καὶ
1823 4738 1934 4798 οἷον

357 4847 458 4917 τὴν
486 4843 581 4897 τοῦ
618 4841 943 4896 Ἀποστόλου
967 4840 1270 4908 λεγομένην
1296 4838 1384 4890 διὰ
1408 4837 1723 4905 στερήσεως
1763 4836 1933 4906 ὑπερ-

361 4935 667 4990 ϐάλλουσαν
706 4932 819 4997 ἕξιν
850 4930 946 4984 τοῦ
983 4929 1120 4983 Θεοῦ
1153 4928 1605 4999 προερμηνεὺων,
1642 4925 1934 4992 Ἰουδαίων,

364 5026 552 5097 σαφῶς
579 5020 758 5095 οῐμαι,
791 5021 1100 5077 καταϐοῶν·
1139 5022 1235 5073 Ἑν
1266 5017 1346 5083 τῷ
1386 5017 1603 5084 πλήθει
1626 5014 1736 5084 τῆς
1759 5016 1940 5071 δυνά-

358 5121 513 5191 μεώς
555 5134 670 5173 σου
704 5115 1040 5185 ψεύσονται
1084 5128 1159 5165 σε
1195 5113 1249 5165 οι
1281 5110 1486 5180 ἐχθροί
1522 5122 1659 5162 σου.
1686 5109 1801 5170 Πᾶς
1829 5108 1938 5180 γὰρ

363 5215 649 5284 ἅνθρωπος
672 5209 862 5279 ἐχθρὸς
890 5208 1109 5267 πάντως
1137 5203 1230 5257 τοῦ
1260 5202 1394 5256 Θεοῦ
1426 5201 1520 5255 καὶ
1538 5198 1779 5269 ψεύστης
1806 5216 1937 5269 προ-

364 5304 540 5375 δήλως
570 5301 897 5355 καθίσταται
946 5299 976 5349 ὁ
1021 5297 1111 5349 τὸν
1142 5295 1276 5348 Θεὸν
1299 5294 1376 5365 τῷ
1399 5294 1550 5364 νόμῳ
1588 5292 1688 5359 τῆς
1718 5291 1937 5359 φύσεως

365 5393 590 5466 ἀμαθῶς
609 5409 667 5445 τε
688 5393 784 5444 καὶ
805 5387 1018 5449 ἀσεϐῶς
1047 5385 1395 5455 περικλείων,
1420 5384 1513 5437 καί
1542 5381 1767 5443 ἀπαθῶς
1796 5382 1935 5452 ὑπὲρ

366 5485 527 5553 φύσιν
549 5488 607 5537 ὲν
639 5485 752 5544 τοῖς
775 5481 881 5534 ὑπὸ
910 5477 1071 5548 φύσιν
1097 5475 1369 5538 οὑσιωδῶς
1395 5475 1686 5544 γενόμενον
1704 5471 1769 5524 τὰ
1796 5475 1937 5527 κατὰ

368 5575 529 5646 φύσιν
553 5573 629 5635 ὡς
675 5573 853 5627 πάντα
881 5568 1181 5637 δυνάμενον
1225 5566 1521 5635 ἐνεργῆσαι
1554 5563 1831 5616 πιστεύειν
1860 5564 1935 5631 μὴ

425 5748 443 5805 ί
485 5748 629 5808 Psal.
667 5761 776 5814 xu,
804 5750 836 5801 7
908 5746 936 5785 ιι
975 5743 994 5798 1
1025 5742 1151 5797 Cor.
1187 5759 1226 5807 ι,
1259 5743 1349 5797 25.
1424 5742 1439 5782 ι
1472 5741 1614 5800 Psal.
1645 5755 1765 5807 va,
1795 5739 1848 5793 5.

2039 4565 2284 4619 nationis
2321 4569 2644 4637 mysterium
2673 4578 2777 4633 est,
2820 4580 2880 4624 ut
2905 4570 3055 4638 quod
3086 4571 3269 4624 omnis
3312 4582 3524 4628 naturae
3555 4583 3613 4627 et

2039 4655 2334 4723 potestatis
2380 4666 2438 4712 et
2473 4658 2701 4714 virtutis
2733 4675 2956 4714 omnem
2997 4660 3251 4715 ordinem
3276 4676 3611 4737 [congruen-

2043 4746 2285 4815 tiamque
2314 4750 2818 4817 supernaturaliter
2845 4766 3129 4819 egressum
3155 4760 3258 4812 est,
3307 4754 3458 4822 quod
3486 4755 3616 4825 qni-

2040 4837 2163 4891 dem
2196 4837 2386 4891 divino
2422 4837 2631 4907 Spiritu
2657 4840 2844 4910 procul
2876 4843 3286 4911 contemplatus
3328 4852 3514 4897 mente
3559 4851 3613 4898 ct

2039 4927 2291 4982 initiatus
2323 4929 2517 4993 David,
2559 4946 2625 4986 ac
2672 4930 2846 4986 veluti
2898 4935 3142 5002 praevius
3188 4933 3471 5001 interpres
3516 4935 3614 4989 Dei

2039 5016 2262 5071 habitus
2304 5019 2811 5087 superabundantis
2849 5022 2920 5075 ab
2966 5022 3234 5091 Apostolo
3283 5037 3384 5090 per
3431 5023 3618 5092 priva-

2040 5108 2248 5162 tionem
2276 5108 2528 5175 indicati,
2561 5111 2629 5166 de
2651 5111 2881 5174 ludatis,
2906 5113 3056 5167 clare
3083 5123 3240 5183 puto,
3266 5114 3616 5168 vociferans:

2040 5199 2105 5254 In
2136 5200 2491 5265 multitudine,
2524 5203 2728 5273 inquit,
2781 5205 3108 5274 fortitudinis
3143 5215 3248 5259 tua:
3302 5207 3618 5259 "initientur

2042 5291 2130 5344 tibi
2153 5292 2349 5346 inimici
2371 5294 2446 5345 tui
2479 5291 2520 5347 ι.
2551 5294 2748 5349 Nullus
2773 5297 2919 5349 enim
2948 5296 3115 5349 homo
3146 5313 3256 5350 nan
3292 5298 3385 5351 Dci
3427 5307 3618 5367 aperte

2041 5381 2218 5434 hostis
2244 5390 2301 5435 et
2322 5381 2595 5437 inﬁciator
2610 5384 2905 5453 cvaditqui
2936 5386 3055 5454 lege
3077 5399 3290 5440 naturze
3321 5387 3616 5442 inscienter

2041 5483 2097 5525 et
2117 5472 2283 5539 impie
2313 5473 2479 5526 Deum
2500 5474 2752 5535 includit,
2781 5484 2979 5529 etcum
3016 5476 3110 5544 qui
3138 5477 3255 5531 sine
3285 5478 3396 5530 ullo
3413 5478 3615 5533 affectu
3698 5508 3714 5518 υ

2044 5564 2097 5616 in
2123 5567 2289 5619 rebus
2314 5574 2520 5619 natum
2554 5566 2820 5635 subjectis
2844 5568 3220 5622 essentialiter
3239 5576 3496 5623 naturam
3524 5584 3615 5625 su—
