3938 6148
449 321 588 389 liii

1657 329 1718 389 S.
1761 326 2045 387 ΜΑΧΙΜΙ
2086 325 2596 395 CONFESSORIS

3589 324 3710 390 1119.

450 452 775 509 pergrcssus
820 445 908 492 est
936 478 951 502 ,
1005 439 1280 493 naturalia
1314 479 1329 502 ,
1366 456 1493 494 cum
1550 439 1736 494 omnia
1780 447 1991 508 posset

2138 438 2460 508 ἀρχόμενος.
2497 437 2655 491 Οὖτω
2687 437 2786 508 μὲν
2835 433 2927 491 οὖν
2960 438 3099 492 κατὰ
3133 437 3260 509 μίαν
3282 436 3556 507 ἐπιϐολὴν
3588 437 3707 498 τέως

449 530 631 597 egisse
654 527 919 583 credendi
943 544 1052 583 non
1080 530 1298 583 initium
1330 529 1479 585 facit.
1521 528 1610 585 Sic
1638 529 1803 600 igitur
1830 544 2031 582 secun-

448 620 583 675 dum
610 635 783 673 unum
816 621 1220 691 interpretandi
1258 622 1483 676 modum
1520 622 1616 675 Dei
1650 621 1951 695 stultitiam
1975 628 2033 674 et

450 710 828 765 infirmitatem
863 721 920 765 et
955 713 1133 767 lusum
1159 722 1434 781 spectasse
1460 713 1528 766 de
1552 713 1872 780 conjectura
1905 711 2032 765 Ser-

448 818 539 855 mo
559 817 727 856 ausus
757 811 860 867 est,
890 818 1014 856 cum
1067 804 1269 872 quibus
1320 820 1417 873 per
1458 804 1879 873 digressionem,
1906 811 2029 856 tan-

443 910 609 963 quam
632 895 888 963 przeviam
911 896 1429 963 contemplationem
1454 895 1743 964 proposita:
1767 894 2029 962 qumstio-

443 986 532 1039 nis
568 984 938 1053 exemplarem
965 1023 980 1047 ,
1019 984 1276 1054 abyssum
1318 999 1537 1052 quoque
1568 983 1824 1053 abyssum
1868 981 2053 1034 inve--

440 1085 661 1131 cantem
697 1077 751 1130 in
786 1092 976 1130 vocem
1009 1076 1319 1130 divinarum
1339 1060 1739 1129 cataractarum
1772 1082 1807 1110 οι
1831 1072 2026 1126 Sermo

443 1169 589 1224 hanc
603 1179 838 1223 mentem
854 1152 1155 1238 gnosticam
1176 1184 1296 1222 esse
1314 1167 1639 1236 sapientiam
1658 1166 2023 1227 invocantem,

444 1261 845 1329 interpretatus
891 1261 1090 1313 exilem
1135 1260 1437 1328 quamdam
1473 1257 1862 1327 mysteriorum
1901 1269 2027 1324 qua:

444 1350 616 1405 insint
652 1350 707 1403 in
740 1350 924 1403 divina
958 1360 1011 1403 et
1049 1349 1318 1403 inellahiii
1349 1347 1820 1402 coinlescensione
1852 1344 2027 1411 signi-

442 1444 757 1499 ﬁcationem
811 1443 1008 1496 edidit.
1060 1444 1304 1513 Abyssus
1350 1443 1497 1496 enim
1549 1450 1605 1496 et
1653 1441 1831 1511 abyssi
1868 1440 2026 1492 locus

439 1536 719 1591 communi
776 1535 1000 1588 nomine
1047 1536 1384 1604 appellatur,
1437 1534 1593 1587 locus
1640 1547 1771 1585 vero
1825 1530 2025 1583 divina:

442 1627 726 1697 sapientiae
758 1642 892 1695 pura
928 1641 1082 1679 mens
1115 1637 1220 1679 est.
1251 1627 1439 1694 Itaque
1471 1640 1596 1679 eum
1646 1624 1712 1677 ad
1751 1621 2024 1689 recipien-

440 1718 571 1773 dum
601 1726 725 1786 apta
753 1725 835 1771 est
860 1716 1091 1787 abyssus
1137 1716 1369 1785 positive
1406 1724 1462 1770 et
1497 1730 1671 1777 mens,
1705 1722 1761 1768 et
1796 1711 2012 1779 sapien-

442 1807 519 1862 tia
552 1821 742 1862 rursus
769 1804 960 1859 eadem
1015 1814 1242 1874 prepter
1281 1819 1437 1859 suam
1474 1812 1729 1858 naturam
1771 1799 2014 1869 appella-

442 1907 557 1956 tur.

776 2076 964 2134 Altera
995 2078 1050 2132 in
1086 2078 1222 2132 idem
1266 2077 1661 2148 contemplatio.

508 2192 633 2248 Alio
684 2201 868 2247 autem
906 2192 1243 2262 propositam
1295 2192 1661 2260 quaestionem
1701 2188 2019 2243 examinare

437 2284 601 2338 modo
616 2299 740 2337 cum
766 2284 864 2338 Dei
890 2284 1088 2352 gratia,
1113 2282 1587 2351 conjecturaliter,
1615 2296 1726 2333 non
1752 2279 2019 2332 alﬁrmate

435 2377 568 2444 (hoc
598 2377 745 2430 enim
796 2375 1127 2437 modestum,
1183 2373 1315 2426 illud
1352 2384 1670 2442 protervum
1717 2377 1847 2436 est),
1886 2385 2024 2439 prm-

436 2468 581 2523 senti
615 2482 870 2521 sermone
920 2465 1141 2536 aggredi
1194 2464 1468 2518 audemus
1496 2503 1510 2525 ,
1563 2468 1871 2515 statuentes
1904 2473 2023 2511 mc-

435 2553 657 2608 diorum
694 2553 928 2607 fortasse
973 2551 1398 2621 prominentiam
1446 2550 1773 2619 aequabilem
1820 2548 2026 2601 haben-

436 2652 550 2698 tem
605 2643 674 2696 ab
725 2641 1176 2696 extremitatibus
1223 2641 1565 2705 distantiam,
1621 2641 1802 2693 lusum
1845 2639 1941 2692 Dei
1991 2653 2023 2691 a

435 2750 635 2806 magno
672 2734 900 2788 doctore
932 2749 1054 2787 esse
1082 2734 1307 2796 dictam,
1341 2734 1414 2786 ob
1439 2733 1798 2787 ﬂuctuantem
1822 2746 2016 2785 eorum

434 2834 493 2879 et
538 2824 861 2877 mutabilem
908 2825 1224 2887 stationem,
1282 2824 1365 2877 vel
1402 2824 1607 2892 potius,
1652 2822 1799 2890 quod
1834 2822 2017 2895 .magis

434 2916 661 2986 proprie
693 2923 798 2978 est,
832 2914 1151 2979 dicendum,
1183 2914 1254 2968 ob
1289 2915 1543 2968 stabilem
1577 2913 2012 2967 ﬂuctuationem.

434 3005 492 3058 Id
515 3004 661 3073 quod
684 3004 852 3057 etiam
880 3003 1083 3055 mirum
1106 3010 1212 3066 est,
1244 3002 1540 3055 stationem
1571 3002 1760 3055 videre
1793 3015 2015 3069 semper

2042 2012 2109 2027 ...ί

2136 530 2414 600 θεωρῆσαι
2452 531 2514 582 τὸ
2575 531 2755 600 μωρὸν
2788 530 2883 584 τοῦ
2936 529 3072 583 Θεοῦ
3106 532 3197 583 καὶ
3253 531 3315 582 τὸ
3352 526 3584 590 ἀσθενὲς
3629 528 3707 580 καὶ

2135 621 2409 687 παίγνιον,
2454 622 2826 690 στοχαστικῶς
2856 624 2885 674 ὁ
2935 621 3091 687 λόγος
3140 620 3442 690 ἐτόλμησε,
3480 618 3599 686 μεθ’
3643 611 3707 670 ὧν

2134 712 2577 782 παρεκὸατικῶς,
2606 714 2681 777 ὡς
2711 713 3055 784 προθεωρὶαν
3086 709 3607 779 παραδειγματικὴν
3628 706 3705 761 τοῦ

2134 802 2489 873 προτεθέντος
2524 803 2752 873 ἀπόρου,
2776 804 2871 856 καὶ
2896 804 2994 872 τὴν
3026 803 3259 856 ἄϐυσσον
3294 801 3402 871 τὴν
3432 799 3707 851 ἐπικαλου-

2136 894 2305 963 μένην
2339 894 2437 965 τὴν
2469 893 2705 947 ἄϐυσσον
2748 896 2827 956 εἰς
2877 895 3061 964 φωνὴν
3095 893 3202 945 τῶν
3237 892 3408 943 θείων
3444 892 3705 959 καταρρα-

2132 986 2277 1037 κτὼν
2319 985 2499 1037 λαϐὼν
2551 986 2578 1036 ὁ
2624 985 2782 1052 λόγος
2831 985 2956 1037 νοῦν
2993 984 3292 1051 γνωστικὸν
3326 978 3479 1036 εἶναι
3529 981 3705 1046 σοφίαν
3754 981 3763 991 “

2131 1075 2561 1145 ἐπικαλούμενον
2590 1076 2866 1143 δέξασθαι,
2916 1077 3120 1146 μικράν
3159 1090 3283 1126 τινα
3336 1074 3454 1125 τῶν
3513 1072 3603 1125 ἐπὶ
3647 1075 3703 1140 τῇ

2131 1168 2255 1239 θείᾳ
2280 1169 2372 1221 καὶ
2404 1170 2670 1237 ἀφράστῳ
2707 1168 3121 1235 συγκαταϐἁσει
3171 1164 3502 1234 μυστηρίων
3550 1163 3705 1232 5:491-

2132 1275 2215 1310 σιν
2248 1259 2655 1326 παρεδήλωσεν.
2680 1260 2953 1321 ’Λευσσος
2998 1256 3108 1325 γὰρ
3142 1257 3237 1308 καὶ
3267 1257 3294 1307 ὁ
3337 1257 3445 1324 τῆς
3478 1253 3700 1306 ἀϐύσσου

2128 1351 2290 1412 τόπος
2323 1351 2635 1420 ὁμωνύμως
2665 1351 3006 1415 ὀνομάζεται,
3042 1348 3205 1409 τόπος
3231 1347 3288 1398 δὲ
3316 1347 3421 1414 τῆς
3453 1345 3603 1407 θείας
3628 1361 3703 1395 σο-

2131 1441 2279 1508 φίας,
2310 1443 2337 1492 ὁ
2368 1439 2606 1510 καθαρὸς
2636 1440 2940 1509 καθέστηκε
2975 1431 3291 1509 νοῦς.Ἀρα
3329 1438 3490 1489 θέσει
3520 1435 3604 1488 διὰ
3649 1435 3702 1488 τὸ

2127 1532 2371 1584 δεκτικὸν
2404 1533 2638 1595 ἄϐυσσος
2666 1534 2760 1583 καὶ
2797 1534 2823 1584 ὁ
2851 1532 2976 1594 νοῦς
3004 1529 3509 1601 προσαγορεύεται,
3535 1528 3626 1580 καὶ
3672 1530 3701 1597 ή

2128 1624 2310 1692 (262
2349 1615 2418 1690 ὁ)⁵
2454 1625 2615 1692 σοφία
2660 1623 2821 1676 πάλιν
2861 1623 2922 1676 τὸ
2973 1623 3105 1675 αὐτὸ
3138 1622 3225 1675 διὰ
3254 1623 3355 1691 τὴν
3388 1620 3556 1689 φύσιν
3582 1636 3703 1673 κατ’

2126 1715 2473 1785 ονομὰζεται.

2481 2066 2676 2133 ’Λλλη
2722 2067 2931 2132 θεωρία
2963 2067 3050 2132 εὶς
3080 2064 3146 2118 τὸ
3180 2065 3346 2118 αὐτό.

2196 2181 2334 2237 Καθ’
2391 2180 2579 2249 ἕτερον
2610 2179 2666 2231 δὲ
2719 2178 2780 2231 τὸ
2833 2179 3195 2249 προκείμενον
3242 2178 3458 2249 ἄπορον
3490 2175 3699 2230 διασκο-

2128 2278 2356 2338 ποῦντες
2383 2274 2584 2344 τρόπον
2615 2275 2679 2341 τῇ
2734 2272 2956 2342 βοηθείᾳ
2987 2275 3084 2342 τῆς
3124 2271 3277 2334 θείας
3323 2272 3553 2340 χάριτος
3586 2286 3697 2321 στο-

2125 2367 2427 2440 χαστικῶς,
2459 2365 2573 2418 ἀλλ’
2603 2365 2704 2419 οὐκ
2756 2350 3146 2431 ἁποφαντιιῖὦς
3188 2364 3268 2433 (τὸ
3308 2363 3415 2432 μὲν
3464 2362 3573 2430 γὰρ
3613 2360 3696 2428 μὲ-

2125 2477 2299 2530 τριον,
2337 2458 2396 2511 τὸ
2430 2459 2487 2511 δὲ
2540 2455 2859 2528 προπετὲς),
2918 2457 3189 2525 ἐγχειρεῖν
3229 2453 3309 2523 τῷ
3352 2453 3692 2524 προκειμένῳ

2124 2549 2276 2622 ῥητῷ
2306 2547 2613 2618 τολμῶμεν,
2662 2546 2964 2614 φάσκοντες
3027 2547 3128 2616 τὴν
3174 2544 3283 2597 τῶν
3329 2546 3518 2613 μέσων
3547 2543 3693 2610 τυχδν

2126 2642 2415 2714 προὸολὴν,
2452 2641 2593 2693 κατὰ
2618 2640 2680 2693 τὸ
2712 2640 2823 2693 ἴσον
2848 2640 2954 2692 ἀπὸ
2975 2639 3083 2691 τῶν
3100 2639 3284 2709 ἄκρων
3311 2636 3547 2706 ἔχουσαν
3574 2634 3692 2688 ἀπό·

2126 2750 2336 2795 στασιν,
2371 2733 2622 2799 παίγνιον
2676 2731 2932 2802 εἰρῆσθαι
2979 2732 3117 2784 Θεοῦ
3161 2731 3241 2801 τῷ
3278 2734 3509 2802 μεγαλῳ
3559 2731 3693 2783 eam

2126 2825 2332 2895 σκάλῳ,
2372 2824 2460 2877 διὰ
2508 2823 2605 2893 τὴν
2650 2825 2946 2894 ἐπίρρυτον
2979 2823 3160 2875 αὐτῶν
3197 2825 3291 2876 καὶ
3343 2821 3717 2876 εὐαλλοίωτονο

2125 2918 2336 2977 στάσιν,
2378 2917 2580 2986 μᾶλλον
2611 2916 2686 2978 δὲ,
2716 2915 2984 2984 στάσιμον
3012 2914 3197 2983 ρεῦσιν
3231 2917 3414 2968 εἰπεῖν
3448 2915 3690 2968 οἰκειότε-

2125 3025 2236 3078 ρον.
2262 3009 2328 3060 Ὃ
2378 3009 2472 3060 καὶ
2505 3004 2830 3076 παράδοξον,
2864 3008 3054 3058 στάσιν
3097 3007 3184 3058 ἀεὶ
3224 3007 3460 3076 ῥέουσαν
3488 3007 3577 3059 καὶ
3606 3021 3686 3072 φει

433 3099 795 3149 lluetuantem
824 3103 882 3148 et
923 3093 1225 3155 labentem,
1274 3101 1330 3146 et
1354 3081 1768 3146 fluctuationem
1800 3106 2015 3160 semper

2130 3097 2362 3168 ρομένην
2389 3097 2638 3161 θεᾶσθαι,
2689 3098 2784 3150 καὶ
2840 3097 3025 3164 ρεὖσιν
3059 3097 3371 3166 ἀεικίνητον
3416 3112 3687 3167 προνοητι-

433 3186 719 3249 mobilem,
772 3183 1001 3253 provide
1053 3198 1248 3238 eorum
1309 3183 1781 3237 emendandorum
1841 3183 2014 3253 gratia

432 3279 706 3333 divinitus
759 3279 1126 3346 excogitatam
1172 3292 1295 3346 quae
1346 3276 1844 3341 administrantur,
1891 3291 2014 3345 qua:

432 3370 683 3441 erudire,
711 3368 1073 3437 eruditosque
1097 3368 1168 3421 ad
1201 3368 1530 3437 sapientiam
1569 3367 1846 3422 deducere
1895 3382 2015 3436 pos-

430 3467 536 3524 set,
572 3467 634 3512 ut
663 3474 815 3527 spem
849 3472 1005 3512 suam
1029 3457 1165 3510 alibi
1208 3454 1587 3511 collocandam
1625 3454 2008 3519 transferrent,

430 3559 599 3625 atque
634 3549 689 3602 in
717 3548 824 3602 line
857 3549 977 3618 ejus
1011 3548 1067 3601 in
1102 3547 1238 3616 ipsis
1264 3546 1514 3618 mysterii
1540 3546 1608 3599 ad
1636 3547 1808 3600 Deum
1845 3544 2012 3598 ineli-

430 3640 619 3695 nando
685 3639 920 3693 ﬁrmiter
980 3653 1040 3693 se
1110 3654 1212 3708 per
1256 3630 1501 3709 gratiam
1549 3637 1862 3691 deiticatum
1942 3634 2011 3688 iri

434 3731 755 3787 crederent.
803 3728 983 3783 Media
1040 3738 1229 3783 autem
1296 3729 1420 3784 dico
1478 3744 1677 3783 eorum
1744 3744 1867 3797 qua:
1924 3727 2010 3780 vel

430 3835 581 3875 nunc
627 3819 907 3874 hominem
936 3820 1190 3874 comitari
1216 3820 1497 3884 videntur,
1546 3821 1636 3874 vel
1696 3821 1750 3873 in
1807 3819 2013 3887 quibus

428 3915 600 3968 homo
632 3920 739 3976 est,
771 3913 1305 3967 consummationem
1333 3953 1347 3976 ,
1398 3904 1784 3967 extremitates
1820 3918 2010 3965 contra

425 4019 622 4061 eorum
643 4019 765 4073 quae
792 4019 903 4057 non
929 4003 1188 4057 videntur
1205 4019 1310 4058 nec
1340 4011 1610 4072 apparent
1635 4017 1865 4071 quaeque
1886 4016 2012 4054 eer-

428 4096 642 4150 tissime
696 4094 828 4148 olim
865 4093 1198 4147 comitatura
1244 4101 1373 4147 sunt
1428 4091 1714 4145 hominem
1750 4090 2011 4143 substan-

430 4187 586 4249 tiam,
622 4200 745 4254 quze
776 4185 998 4253 proprie
1021 4200 1085 4238 ac
1102 4199 1232 4237 vere
1255 4181 1559 4237 secundum
1597 4180 1930 4234 ineli‘abilem
1955 4187 2012 4234 et

428 4277 789 4348 principalem
808 4275 972 4330 linem
990 4283 1047 4329 et
1070 4275 1337 4328 rationem
1356 4273 1558 4326 divina:
1576 4273 1835 4325 bonitatis
1856 4270 2011 4324 insti-

428 4378 548 4423 tuta
569 4378 732 4437 atque
751 4367 893 4420 facta
915 4374 1063 4419 sunt.
1086 4363 1557 4431 Quemadmodum
1579 4364 1798 4431 sapiens
1820 4362 1979 4415 Ecele
1998 4390 2010 4401 ι

428 4459 625 4514 siastes
656 4472 913 4528 magnum
937 4465 992 4510 et
1023 4457 1232 4510 clarum
1253 4455 1450 4509 anima:
1481 4454 1704 4508 oculum
1742 4454 1797 4506 in
1817 4466 2009 4506 eorum

426 4565 551 4620 quae
569 4550 829 4603 videntur
847 4555 903 4601 et
921 4547 1189 4600 ﬂuctuant
1212 4546 1626 4615 generationem
1652 4551 2004 4602 convertens,

423 4648 483 4695 et
508 4640 663 4709 quasi
698 4639 752 4692 in
780 4637 996 4693 visione
1039 4652 1234 4691 eorum
1260 4652 1383 4705 qme
1431 4650 1564 4690 vere
1618 4641 1747 4686 sunt
1783 4630 2007 4686 condita

345 4748 351 4754 '
427 4742 592 4801 atque
619 4732 758 4784 facta
775 4732 1113 4783 constitutus
1139 4731 1250 4783 ait:
1280 4728 1417 4793 Quid
1445 4738 1517 4781 est
1541 4726 1678 4798 quod
1710 4726 1809 4795 fuit
1829 4736 1852 4762 η
1870 4724 1893 4778 ?
1912 4733 2001 4778 et:

426 4828 568 4893 Quid
596 4836 670 4879 est
692 4827 830 4896 quod
856 4826 1055 4895 factum
1089 4825 1194 4879 est?
1223 4825 1405 4895 Ipsum
1428 4824 1566 4894 quod
1592 4823 1681 4891 ﬁet
1701 4832 1722 4854 °
1759 4841 1770 4875 :
1807 4838 2003 4878 eorum

428 4917 688 4970 videlicet
706 4932 916 4970 memor
931 4931 1052 4986 quae
1072 4916 1123 4968 in
1136 4916 1412 4985 principio
1426 4931 1654 4984 quaeque
1670 4915 1721 4967 in
1737 4913 1841 4968 line
1853 4923 2003 4980 sunt,

427 5015 632 5077 utqute
660 5009 854 5062 eadem
881 5009 1065 5061 sintet
1089 5007 1416 5069 reverasint,
1436 5021 1561 5060 cum
1588 5019 1783 5059 eorum
1813 5015 2009 5058 contra

421 5113 551 5168 quae
580 5100 634 5153 in
669 5098 854 5152 medio
886 5106 1015 5152 sunt
1049 5106 1107 5151 et
1147 5104 1485 5166 praetereunt
1516 5096 1670 5149 nullo
1718 5094 1793 5148 ibi
1840 5092 2007 5147 modo

422 5188 763 5244 meminerit.
821 5189 1120 5257 Postquam
1175 5187 1326 5241 enim
1372 5187 1635 5256 magister
1689 5184 1838 5255 quod
1887 5185 2003 5253 ipse

425 5279 732 5349 praesertim
784 5280 1003 5351 egregie
1047 5289 1300 5348 poterat,
1350 5279 1418 5333 de
1455 5276 1727 5347 peculiari
1766 5276 2003 5346 quadam

420 5371 747 5424 animalium
773 5378 831 5424 et
880 5372 1124 5441 lapidum
1164 5362 1361 5425 natura
1390 5412 1403 5434 ,
1441 5386 1507 5424 ac
1559 5368 1888 5438 simpliciter
1928 5368 1998 5424 de

424 5461 618 5515 multis
651 5462 865 5515 inﬁnite
906 5479 1027 5531 quae
1058 5464 1112 5516 in
1154 5463 1319 5516 rebus
1360 5461 1756 5517 exsistentibus
1805 5462 2000 5515 obser-

422 5559 627 5606 vantur
651 5553 973 5621 disputavit,
1011 5554 1099 5608 his
1125 5554 1278 5608 addit
1310 5571 1322 5606 :
1357 5573 1374 5604 r
1411 5552 1577 5607 Ludit
1604 5552 1750 5606 enim
1783 5569 1998 5607 summa

488 5713 529 5741 ⁸⁵³
561 5703 702 5758 Psal.
738 5718 844 5765 xu,
878 5705 928 5757 8.
982 5714 1006 5740 η
1040 5706 1219 5758 Erelc.
1258 5721 1293 5768 ι,
1323 5706 1377 5758 9.

2121 3189 2234 3251 κῶς
2280 3191 2381 3258 τῆς
2438 3189 2546 3241 τῶν
2599 3188 3069 3258 οἰκονομουμένων
3116 3188 3306 3240 ἕνεκεν
3362 3188 3684 3257 βελτιώσεως

2122 3278 2306 3331 θεόθεν
2337 3278 2787 3349 ἐπινενοημένην,
2825 3280 2953 3341 τοὺς
2989 3277 3055 3330 δι’
3096 3276 3268 3346 αὐτῆς
3313 3278 3683 3346 παιδαγωγου-

2124 3371 2322 3439 μένους
2350 3370 2570 3439 σοφίσαι
2612 3370 2942 3438 δυναμένην,
2972 3368 3205 3439 ἀλλαχοῦ
3261 3368 3680 3439 μεταστήσεσθαι

2121 3462 2340 3524 πάντως
2363 3460 2621 3524 ἐλπίζειν,
2650 3461 2745 3512 καὶ
2778 3461 2952 3530 πέρας
2982 3459 3079 3511 τοῦ
3123 3461 3243 3512 κατ’
3270 3460 3449 3528 αὐτὴν
3477 3462 3560 3512 ἐπ’
3594 3458 3680 3512 αὒ-

2117 3556 2231 3614 τοῖς
2266 3553 2566 3622 μυστηρίου
2594 3554 2659 3621 τῇ
2695 3549 2833 3621 πρὸς
2861 3550 2993 3603 Θεὸν
3018 3550 3196 3604 νεύσει
3227 3550 3468 3621 βεϐαίως
3493 3551 3577 3605 διὰ
3596 3550 3679 3612 τῆς

2119 3647 2339 3715 χάριτος
2369 3638 2747 3714 θεωθήήσθαι
2783 3643 3085 3698 πιστεύειν.
3123 3645 3281 3699 Μέσα
3308 3645 3365 3697 δὲ
3408 3645 3554 3710 λέγω
3592 3643 3678 3713 τὴν

2118 3735 2226 3787 τῶν
2256 3735 2552 3804 ὁρωμένων
2583 3735 2677 3786 καὶ
2714 3734 2810 3787 νῦν
2854 3735 2981 3804 περὶ
3011 3734 3101 3787 τὸν
3138 3736 3430 3805 ἄνθρωπον
3463 3737 3620 3789 ὄντων
3646 3731 3673 3800 ἢ

2117 3825 2176 3876 ὲν
2218 3819 2297 3887 οἷς
2327 3827 2355 3877 ὁ
2384 3824 2668 3898 ἄνθρωπος
2708 3824 3125 3896 συμπλήρωσιν,
3174 3827 3321 3897 ἄκρα
3347 3827 3404 3879 δὲ
3456 3828 3552 3897 τὴν
3582 3825 3675 3879 τῶν

2121 3915 2196 3986 μὴ
2257 3918 2599 3985 φαινομένων
2645 3916 2738 3970 καὶ
2778 3918 2908 3987 περὶ
2954 3918 3047 3971 τὸν
3098 3917 3390 3988 ἄνθρωπον
3450 3917 3675 3987 ἀψευδὼς

2117 4006 2339 4060 ἔσεσθαι
2393 4008 2697 4077 μελλόντων
2751 4009 3071 4074 ὑπόστασιν,
3100 4004 3208 4061 τῶν
3237 4010 3448 4080 κυρίως
3496 4028 3553 4063 τε
3590 4010 3674 4063 καὶ

2124 4098 2341 4167 ἀληθῶς
2366 4100 2506 4152 κατὰ
2536 4100 2628 4152 τὸν
2657 4099 2895 4170 ἄρρητον
2924 4100 3019 4153 καὶ
3051 4100 3464 4171 προηγούμενον
3494 4100 3673 4154 σκοπόν

2117 4207 2175 4242 τε
2206 4190 2299 4243 καὶ
2330 4190 2487 4256 λόγον
2515 4189 2614 4257 τῆς
2645 4190 2797 4252 Θείας
2840 4188 3177 4259 ἀγαθότητος
3208 4191 3593 4261 πεποιημένων
3622 4205 3670 4241 τε

2118 4280 2214 4332 καὶ
2241 4279 2647 4347 γεγενημένων.
2712 4276 2908 4341 Καθὼς
2955 4280 2982 4330 ό
3035 4278 3196 4346 σοφὸς
3256 4276 3671 4350 Ἐκκλησιαστὴς

2122 4368 2342 4439 μεγάλῳ
2397 4386 2455 4420 τε
2498 4369 2596 4420 καὶ
2654 4368 2837 4438 τρανῷ
2888 4369 3067 4439 ψυχῆς
3130 4370 3342 4439 ὄμματι
3394 4372 3505 4425 τῶν
3551 4373 3669 4441 ὀρωο

2119 4460 2296 4528 μένων
2350 4474 2411 4511 τε
2468 4458 2560 4512 καὶ
2614 4462 2849 4530 ῥεόντων
2904 4459 3246 4531 ὑπερκύψας.
3284 4460 3387 4531 τὴν
3454 4459 3665 4528 γένεσιν,

2115 4550 2209 4603 καὶ
2268 4545 2381 4602 οἷον
2440 4551 2498 4602 ὲν
2554 4550 2827 4621 φαντασία
2907 4552 3017 4607 τῶν
3095 4550 3312 4619 ἀληθῶς
3376 4550 3665 4619 πεποιημέ-

2113 4658 2220 4694 νων
2254 4657 2314 4692 τε
2370 4641 2464 4693 καὶ
2509 4644 2894 4710 γεγενημένων
2946 4641 3238 4710 γενόμενος
3265 4656 3278 4671 ⁶
3317 4643 3378 4694 Τί
3407 4644 3474 4695 τὸ
3521 4654 3663 4709 γεγε-

2105 4731 2407 4799 νημένον;
2481 4731 2629 4784 αὐτὸ
2697 4732 2765 4784 τὸ
2847 4733 3291 4801 γενησόμενον·
3346 4733 3445 4786 καὶ
3511 4731 3562 4785 τί
3609 4727 3661 4781 τὸ

2112 4820 2562 4889 πεποιημένον;
2607 4823 2783 4884 Αὐτὸ,
2832 4825 2985 4892 φησὶ,
3042 4823 3110 4876 τὸ
3157 4827 3658 4892 ποιηθησὸμενον·

2107 4913 2216 4965 τῶν
2245 4913 2476 4983 πρώτων
2523 4912 2720 4983 δηλαδὴ
2761 4915 2854 4966 καὶ
2909 4916 3018 4966 τῶν
3067 4915 3396 4967 τελευταίων
3430 4916 3660 4982 ἐπιμνη-

2110 5005 2282 5069 σθεὶς,
2321 5004 2395 5067 ὡς
2424 5007 2533 5057 τῶν
2561 5005 2743 5057 αὐτῶν
2767 5005 2940 5074 οντων
2968 5008 3063 5058 καὶ
3093 5006 3311 5076 ἀληθῶς
3351 5007 3537 5067 ὅντων,
3569 5002 3659 5054 τῶν

2105 5099 2162 5153 δὲ
2190 5099 2370 5169 μέσων
2397 5099 2492 5152 καὶ
2516 5099 2948 5169 παρερχομένων
2969 5090 3200 5163 οὑδῦλως
3232 5099 3378 5153 κατὰ
3405 5098 3494 5155 τὸν
3516 5096 3657 5149 τόπον

2111 5189 2389 5259 μνησθείς.
2415 5190 2569 5242 Μετὰ
2592 5193 2702 5260 γὰρ
2730 5188 2790 5241 τὸ
2818 5188 3074 5252 ἐξελθεῖν,
3106 5189 3182 5251 ὡς
3209 5183 3323 5242 οἷόν
3345 5207 3406 5242 τε
3424 5185 3490 5259 ἦν
3510 5199 3657 5258 μεγα-

2106 5280 2315 5347 λοφυῶ;
2350 5281 2533 5350 (263
2571 5281 2626 5349 α)
2668 5280 2899 5349 μάλιστα
2927 5280 3020 5334 τὸν
3047 5280 3396 5346 διδάσκαλον,
3424 5280 3544 5351 περί
3586 5292 3651 5328 τι·

2108 5389 2195 5434 νος
2225 5371 2439 5439 φύσεως
2469 5370 2623 5436 ζώων
2655 5373 2748 5423 καὶ
2774 5371 2956 5434 λίθων,
2987 5372 3082 5424 καὶ
3110 5372 3301 5435 ἁπλῶς
3334 5374 3506 5425 εἰπεῖν
3527 5364 3655 5436 ἀορί-

2107 5483 2247 5528 στως
2280 5467 2409 5536 περὶ
2444 5466 2655 5519 πολλῶν
2702 5465 2811 5517 τῶν
2840 5467 2898 5518 ὲν
2929 5469 3043 5527 τοῖς
3085 5465 3207 5518 οὖσι
3263 5464 3650 5537 θεωρουμένων.

2103 5558 2355 5630 ἐπιφέρει
2382 5556 2612 5622 τούτοιςο
2649 5574 2693 5636 «ἢ.
2715 5555 2902 5619 Παίζει
2939 5555 3046 5625 γὰρ
3080 5557 3254 5625 Λόγος·
3282 5559 3449 5623 αἰπὺς
3488 5559 3540 5611 ὲν
3586 5548 3652 5603 εἴ·
