3938 6148
255 322 394 386 1413

1451 321 1968 386 AMBIGUORUM
2009 323 2259 386 LIBER.

3360 308 3491 381 1414

253 432 370 488 δεσι
401 431 805 498 παντοδαποῖσι,
853 432 1046 506 κρίνας
1074 431 1146 496 ὡς
1195 432 1242 464 ⁵⁸
1277 431 1448 486 ἐθέλει
1491 435 1695 504 κόσμον
1742 420 1828 487 έὶν

1950 435 2090 492 ἶιιιίο
2142 437 2198 491 in
2243 435 2436 491 formis
2486 435 2851 501 omnimodis,
2892 433 3214 490 discernens
3252 431 3502 502 qualibet

258 523 386 580 ἔνθα
419 526 515 578 καὶ
547 524 679 580 ἔνθα
706 525 840 595 (70).
872 544 891 578 ι
940 527 1171 596 Μήποτε
1185 523 1296 578 οὖν
1325 523 1507 592 καθὼς
1555 525 1715 590 αὐτὸς
1769 525 1828 579 ὲν

257 615 336 688 τῷ
364 618 463 686 τῆς
486 616 648 684 ἁγίας
671 617 1052 687 Πεντηκοστῆς
1081 617 1224 688 λόγῳ
1245 615 1398 684 φησὶ,
1425 616 1553 686 περὶ
1579 615 1830 686 θεότητος

263 707 476 774 διεξιὼν
503 709 596 761 καὶ
624 708 850 778 κτιστῆς
873 708 1108 777 φύσεως,
1135 727 1153 759 ι
1175 707 1313 770 Ἕως
1333 707 1590 778 ἑκάτερον
1617 707 1708 759 ἐπὶ
1733 707 1830 776 τῆς

264 797 400 858 ιδίας
430 795 606 865 μένει,
653 796 715 849 τὸ
749 795 847 866 μὲν
886 795 1193 866 περιωπῆς,
1221 793 1284 848 τὸ
1329 794 1384 847 δὲ
1423 794 1827 859 ταπεινώσεως,

260 887 490 958 ἄμικτος
509 889 540 957 ἡ
565 887 838 957 ἀγαθότης
861 887 953 940 καὶ
967 886 1022 940 τὸ
1042 885 1421 956 φιλάνθρωπον
1447 884 1830 954 ἀκοινώνητον,

213 1033 224 1042 ,
261 979 356 1032 καὶ
371 979 557 1048 χάσμα
572 977 713 1048 μέγα
733 981 790 1030 ἐν
810 979 960 1050 μέσῳ
972 980 1065 1031 καὶ
1077 977 1384 1041 ἁδιάϐατον,
1402 979 1462 1030 ού
1477 977 1566 1029 τὸν
1583 976 1834 1029 πλούσιον

263 1068 354 1122 τοῦ
389 1067 644 1138 Λαζάρου
673 1067 896 1122 καὶτῶν
925 1068 1167 1139 ὀρεκτῶν
1209 1067 1304 1121 τοῦ
1347 1067 1599 1140 Ἀϐραὰμ
1622 1066 1836 1119 κόλπων

262 1161 518 1230 διεῖργον,
551 1161 730 1214 πᾶσαν
755 1159 813 1213 δὲ
850 1159 952 1229 τὴν
991 1159 1226 1228 γενητὴν
1274 1159 1435 1228 φύσιν
1481 1159 1578 1212 καὶ⁸
1609 1157 1836 1228 ῥέουσαν

263 1250 363 1320 τῆς
413 1251 678 1320 άγενήτου
728 1267 821 1302 και
857 1249 1185 1318 ὲστηκυίας;
1227 1269 1246 1300 ι
1305 1243 1375 1318 ᾯ
1405 1247 1734 1318 παρεμφερῆ
1778 1261 1838 1298 τε

227 1336 232 1340 ’
266 1338 358 1392 καὶ
387 1339 550 1408 ὃμοια
597 1338 693 1391 καὶ
720 1340 748 1392 ὁ
774 1337 1040 1408 θεηγόρος
1085 1337 1256 1408 μέγας
1291 1337 1626 1408 διεξέρχεται
1652 1335 1838 1388 Διονύ-

269 1445 382 1491 σιος
437 1429 465 1480 ὁ
511 1428 905 1498 Ἀρεοπαγίτης
951 1431 1194 1496 φάσκωνυ
1243 1427 1592 1497 (Τολμητέον
1640 1425 1697 1478 δὲ
1749 1425 1841 1478 καὶ

267 1520 424 1574 τοῦτο
457 1520 598 1592 ὑπὲρ
623 1520 881 1589 ἀληθείας
912 1522 1106 1583 εἰπεῖν,
1145 1521 1226 1574 ὅτι
1257 1521 1348 1573 καὶ
1374 1519 1536 1582 αὐτὸς
1571 1521 1612 1572 ὀ.
1627 1518 1841 1572 πάντων

269 1611 443 1675 αἴτιος
486 1609 562 1680 τῷ
612 1610 762 1681 καλῷ
805 1610 902 1664 καὶ
950 1609 1138 1680 ἀγαθῷ
1179 1609 1286 1662 τῶν
1317 1611 1533 1664 πάντων
1571 1608 1734 1678 ἔρωτι
1773 1604 1842 1659 δι’

271 1701 578 1771 ὑπερϐολὴν
637 1700 736 1770 τῆς
785 1701 1056 1770 ἐρωτικῆς
1117 1700 1450 1768 ἀγαθότητος
1502 1697 1606 1762 ἔξω
1649 1693 1842 1749 ἑαυτοῦ

269 1792 500 1860 γίνεται,
531 1793 652 1854 ταῖς
691 1793 772 1854 εἰς
810 1793 879 1845 τὰ
910 1791 1042 1845 ὄντα
1075 1791 1253 1844 πάντα
1282 1791 1578 1862 προνοίαις,
1612 1792 1707 1842 καὶ
1733 1784 1842 1841 οἷον
1877 1785 1916 1838 Β

272 1873 569 1950 ἀγαθότητι
601 1883 694 1934 καὶ
727 1882 1009 1952 ἀγαπήσει
1041 1883 1135 1935 καὶ
1161 1881 1324 1952 ἔρωτι
1363 1880 1634 1948 θέλγεται,
1664 1879 1756 1930 καὶ
1786 1881 1849 1932 ἐκ

271 1971 366 2024 τοῦ
407 1971 548 2039 ὑπὲρ
577 1972 756 2024 πάντα
797 1971 892 2024 καὶ
927 1971 1104 2024 πάντα
1135 1970 1234 2024 καὶ
1262 1970 1479 2022 πάντων
1511 1966 1848 2038 ἐξῃρημένον

274 2061 410 2131 πρὸς
443 2063 504 2112 τὸ
541 2062 597 2112 ὲν
647 2063 782 2114 πᾶσι
815 2061 1135 2127 κατάγεται,
1179 2061 1296 2112 κατ’
1329 2059 1651 2128 ἐκστατικὴν
1685 2057 1851 2126 ὑπερ-

275 2150 454 2204 ούσιον
503 2149 734 2220 δύναμιν
781 2147 1169 2218 άνεκφοίτητον
1198 2148 1391 2202 ἑαυτοῦ
1419 2147 1552 2219 (7l).
1587 2166 1605 2198 ι
1639 2147 1852 2216 Μήπως

275 2238 390 2306 οὗν,
417 2239 599 2304 καθὼς
635 2240 793 2310 ἔφην,
831 2242 942 2294 κάκ
967 2241 1170 2295 τούτων
1199 2241 1291 2294 τὸν
1318 2237 1582 2308 περὶτοῦ,
1619 2256 1637 2285 ι
1663 2237 1851 2302 Παίζει

275 2334 387 2404 γάρ
441 2333 615 2400 Λόγος
659 2332 848 2398 αἰπὺς,
881 2349 900 2383 ι
947 2332 1222 2402 έπιτόμως
1271 2328 1604 2386 ἀποδοθέντα
1652 2328 1853 2400 τρόπον
1894 2377 1897 2379 ,

277 2423 591 2488 ὲξαπλῶσαι
624 2421 766 2474 κατὰ
787 2419 1030 2475 διάνοιαν
1053 2419 1310 2490 τοιαύτην
1339 2421 1469 2491 ἡμῖν
1499 2417 1854 2472 ἐστιδυνατὸν

279 2516 602 2583 φάσκουσιν,
651 2511 864 2582 Ὠσπερ
909 2511 961 2564 οἱ
1013 2513 1192 2580 γονεῖς
1237 2511 1348 2580 (ἵνα
1391 2513 1504 2574 τοῖς
1550 2508 1672 2562 καθ’
1705 2508 1852 2579 ἡμᾶς

281 2603 686 2674 παραδείγμασι
743 2605 1034 2673 χρήσωμαι
1089 2605 1168 2665 είς
1219 2603 1318 2673 τὴν
1373 2601 1482 2655 τῶν
1525 2601 1664 2671 ὑπὲρ
1705 2601 1854 2671 ἡμᾶς

284 2695 624 2767 πραγμάτων
655 2693 1026 2764 ὑπογραφὴν),
1065 2694 1316 2764 ἀφορμὰς
1335 2695 1448 2757 τοῖς
1477 2692 1683 2756 τέκνοις
1711 2707 1853 2764 παρ-

283 2786 494 2857 έχοντες
545 2783 648 2854 τὴν
699 2783 928 2837 νωθεῖαν
950 2781 1002 2814 ⁸⁷
1043 2780 1435 2835 ὰποσείσασθαι
1508 2779 1855 2848 συγκαταϐά-

233 2863 238 2868 ’
285 2893 423 2940 σεως
450 2876 674 2948 τρόπῳ,
728 2875 946 2928 δοκοῦσι
992 2875 1134 2928 κατά
1184 2874 1600 2944 συμπεριφορὰν
1631 2869 1855 2924 παιδικὰ

283 2971 512 3038 παίγνια
553 2967 814 3036 μετιέναι,
842 2967 918 3030 ὡς
955 2968 1088 3036 φέρε
1130 2965 1304 3018 εἰπεῖν
1342 2961 1711 3034 καρυατίζειν,
1761 2962 1856 3014 καὶ

283 3060 648 3132 ἀ.τραγάλοις
693 3058 812 3128 μετ’
859 3057 1036 3110 αὐτῶν
1093 3054 1633 3128 συμπεριφέρεσθαι,
1684 3053 1717 3124 ἢ
1763 3053 1854 3106 καὶ

285 3152 418 3222 ἄνθη
450 3149 726 3220 πολύχροα
755 3148 964 3210 τούτοις
1010 3147 1418 3218 παρατιθέντες,
1461 3147 1554 3198 καλ⁵
1595 3145 1775 3216 (263
1805 3143 1857 3212 ὁ)

287 3243 614 3312 πολυϐαφείς
666 3241 898 3312 ἐσθῆτας
965 3239 1072 3292 τῶν
1117 3237 1422 3309 αἰσθήσεων
1473 3237 1858 3306 θελκτηρίους,

287 3337 504 3405 ἀπῆγον
542 3334 576 3406 ή
611 3332 1002 3402 κατέπληττον,
1037 3330 1110 3393 ὡς
1137 3328 1244 3383 τῶν
1268 3327 1478 3382 παίδων
1505 3330 1700 3398 ἑτέραν
1727 3329 1864 3389 τέως

288 3425 553 3498 ἐργασίαν
589 3425 690 3478 οὐκ
717 3423 972 3494 ἐχόντων,
1006 3419 1144 3490 μετὰ
1174 3419 1346 3490 βραχὺ
1365 3419 1420 3471 δὲ
1447 3418 1540 3470 καὶ
1571 3416 1862 3485 παιδευτή-

291 3520 427 3592 ρίοις
476 3517 672 3578 αὐτοὺς
722 3517 830 3568 τῶν
875 3513 1077 3583 γονέων
1128 3509 1548 3582 παραδιδόντων,
1593 3505 1714 3562 εἶτα
1771 3507 1865 3558 καὶ

287 3609 450 3677 λόγου
477 3604 809 3676 τελεωτέρου
851 3603 944 3656 καὶ
989 3602 1336 3672 πραγμάτων
1377 3598 1523 3677 ἰδίων
1554 3595 1864 3666 μεταδιδόν-

432 3659 587 3754 Ϋοῦτω
611 3659 772 3768 τυχδν
793 3696 912 3749 ’καὶ
943 3659 1046 3748 τὸν.
1215 3659 1598 3746 πάντωνθεόν
1626 3703 1758 3758 φησι
1779 3687 1866 3738 διὰ

286 3794 398 3848 τῶν
429 3792 734 3862 εἰρημένων
759 3791 788 3841 ὁ
815 3786 1134 3848 διδάσκαλος
1169 3785 1258 3838 διὰ
1302 3785 1402 3852 τῆς
1450 3781 1586 3842 τέως
1629 3777 1866 3848 ίστοριώ-

287 3883 412 3948 dou;
443 3882 552 3936 τῶν
586 3880 926 3951 φαινομένων
958 3877 1273 3947 κτισμάτων
1315 3873 1529 3944 φύσεως
1561 3873 1642 3934 είς
1664 3869 1868 3941 ἔκπλη-

294 3975 376 4040 ξιν
404 3974 439 4045 ἢ
481 3974 574 4026 καὶ
601 3971 906 4040 ἀπαγωγὴν
947 3969 1034 4022 διὰ
1074 3969 1173 4039 τῆς
1221 3965 1401 4021 αὐτῶν
1432 3965 1559 4027 θέας
1601 3963 1695 4016 καὶ
1723 3963 1866 4029 γνὼ-

295 4083 432 4130 σεως
493 4065 588 4120 νῦν
639 4065 787 4136 ήμᾶς
840 4057 928 4116 οἷα
993 4061 1190 4132 κομιδῇ
1243 4059 1436 4119 παῖδας
1493 4053 1864 4126 ἐμϐάλλοντα,

293 4157 486 4212 ἔπειτα
538 4155 632 4210 καὶ
683 4155 785 4226 τὴν
832 4152 941 4207 τῶν
998 4153 1058 4205 ἐν
1104 4149 1288 4212 αὐτοῖς
1339 4143 1866 4215 πνευματικωτέρων

293 4250 470 4318 λόγων
516 4246 750 4318 θεωρίαν
807 4244 1038 4306 ὲνιέντα,
1103 4242 1198 4296 καὶ
1253 4238 1562 4292 τελευταῖον
1619 4238 1713 4290 ἐπὶ
1769 4235 1868 4304 τὴν

1930 529 2199 584 mundum
2227 545 2388 584 suum
2423 530 2553 585 hinc
2581 540 2637 586 et
2665 531 2836 584 illinc.
2872 548 2890 581 ›
2926 529 3117 583 Nonne
3147 527 3316 598 igitur
3349 523 3504 580 simi-

1929 621 2057 675 liter
2087 629 2251 690 atque
2283 621 2400 690 ipse
2430 622 2484 674 in
2527 637 2780 676 sermone
2823 635 2992 674 sacrae
3024 620 3396 680 Pentecostes,
3433 617 3506 670 de

1929 713 2045 767 Deo
2093 721 2148 766 et
2180 711 2400 766 condita
2453 726 2648 767 natura
2695 712 2997 776 disserens,
3046 711 3122 764 ait
3171 729 3188 760 ι
3244 707 3502 776 Quandiu

1934 811 2167 872 uterque
2195 802 2251 856 in
2284 803 2526 872 propriis
2551 803 2838 865 manserit,
2871 803 3017 857 Deus
3061 801 3274 856 scilicet
3319 799 3374 852 in
3403 813 3504 852 sua

1934 894 2178 963 specula,
2224 901 2280 948 ct
2327 893 2493 948 homo
2517 893 2571 948 in
2615 893 2927 948 humilitate
2970 909 3089 955 sua,
3137 907 3242 945 nec
3281 889 3509 944 bonitas

1934 985 2280 1050 miscebitur,
2335 999 2438 1038 nec
2471 984 2786 1054 benignitas
2816 981 3318 1038 conununicabitm-
3341 1023 3356 1046 ,
3407 977 3505 1034 sed

1935 1076 2044 1130 erit
2073 1091 2302 1146 magnus
2325 1083 2380 1130 et
2405 1092 2514 1130 non
2551 1075 2912 1146 permeabilis
2933 1075 3116 1128 hiatus
3137 1073 3463 1141 interiectus
3489 1109 3506 1128 .

1936 1181 2047 1220 non
2075 1167 2304 1220 divitem
2336 1182 2366 1220 a
2398 1166 2602 1221 Lazaro
2630 1174 2688 1221 et
2717 1165 2961 1235 expetito
2989 1163 3222 1218 Abrahm
3260 1161 3384 1216 sinu
3422 1159 3510 1226 di-

1939 1257 2143 1311 rimens
2172 1268 2220 1320 t',
2257 1273 2448 1312 verum
2477 1265 2820 1327 procreatam
2849 1267 2905 1311 et
2926 1255 3126 1309 ﬂuxam
3157 1261 3410 1306 naturam
3442 1251 3512 1304 ab

1941 1347 2184 1401 increata
2223 1355 2279 1400 ct
2317 1347 2565 1401 stabili?»
2599 1346 2695 1400 llis
2729 1354 3097 1399 consentanea
3126 1353 3290 1412 atque
3313 1341 3512 1397 similia

1941 1454 2172 1510 magnus
2196 1441 2291 1494 Dei
2313 1455 2491 1508 prteco
2514 1440 2859 1508 persequitur
2879 1437 3170 1508 Dionysius
3191 1434 3513 1504 Areopagita

1943 1531 2136 1585 dicens
2164 1549 2177 1584 :
2205 1551 2223 1581 ι
2254 1533 2390 1586 Nam
2424 1531 2740 1588 audendum
2769 1537 2854 1584 est
2875 1531 2980 1582 hoc
2997 1528 3161 1581 etiam
3185 1527 3252 1580 de
3281 1525 3515 1579 veritate

1943 1622 2150 1684 dicere,
2192 1622 2336 1691 quod
2369 1623 2602 1691 ipsemet
2631 1621 2879 1674 omnium
2911 1634 3095 1673 rerum
3121 1619 3242 1672 fons
3271 1625 3323 1671 et
3353 1631 3516 1670 causa
3569 1683 3574 1690 _

1945 1714 2177 1784 pulchro
2213 1721 2270 1768 et
2307 1714 2452 1767 bono
2490 1722 2818 1767 cunctorum
2846 1727 3058 1776 amore,
3083 1719 3308 1778 propter
3336 1721 3522 1760 exccs-
3569 1696 3574 1708 ’

1949 1820 2069 1858 sum
2108 1805 2374 1860 bonitatis
2419 1803 2812 1860 amantissima:
2852 1811 3008 1856 extra
3050 1815 3110 1854 se
3155 1797 3374 1852 exsistit
3421 1810 3520 1866 per

1950 1907 2136 1950 rerum
2183 1897 2428 1950 omnium
2467 1895 2868 1966 providentias,
2911 1902 2968 1947 et
3013 1892 3173 1961 quasi
3219 1889 3524 1943 delectatur

1949 1987 2223 2057 ejusmodi
2250 1986 2498 2043 bonitate
2527 1998 2584 2042 et
2615 1987 2882 2042 charitate
2915 1993 2972 2039 et.
3006 1997 3217 2046 amore,
3262 1988 3340 2045 et,
3397 1993 3523 2032 cum

1951 2079 2022 2135 sit
2062 2095 2227 2149 supra
2260 2080 2444 2134 omnia
2467 2089 2524 2134 et
2551 2080 2734 2133 omnia
2763 2087 2820 2133 et
2841 2093 2909 2132 ex
2931 2075 3192 2130 omnibus
3213 2080 3521 2141 exemptus,

1951 2170 2020 2226 ad
2061 2171 2369 2224 universale
2393 2169 2708 2234 deducitur,
2737 2167 3040 2223 secundum
3067 2165 3391 2221 exstaticam
3427 2178 3524 2218 su-

1953 2261 2390 2330 pernaturalem,
2419 2277 2541 2330 qua:
2578 2261 2822 2329 seipsum
2861 2257 3010 2313 haud
3060 2256 3280 2310 deserat
3303 2295 3318 2316 ,
3354 2253 3529 2307 virtuc-

1953 2357 2085 2404 tcm.
2125 2368 2143 2401 ι
2181 2349 2436 2404 Fortasse
2469 2349 2656 2420 igitur,
2687 2359 2747 2402 ut
2782 2348 2919 2410 dixi,
2950 2351 3135 2400 'meam
3162 2345 3330 2408 illius,
3361 2361 3380 2393 ι
3419 2342 3528 2396 Lu-

1953 2436 2036 2492 dit
2069 2437 2218 2492 enim
2249 2438 2412 2492 Ratio
2444 2453 2677 2502 summa,
2721 2453 2886 2508 quam
2939 2435 3132 2506 paucis
3169 2433 3397 2503 exposui
3439 2448 3529 2486 ra-

1957 2529 2161 2584 tionem
2182 2545 2250 2584 ex
2277 2529 2362 2582 his
2387 2545 2606 2599 quoque
2637 2538 2694 2584 et
2729 2529 2785 2583 in
2825 2529 2966 2582 hanc
2993 2527 3324 2582 sententiam
3355 2525 3530 2579 inter-

1954 2618 2160 2687 pretari
2206 2617 2370 2671 nobis
2422 2617 2606 2683 liceat,
2651 2618 2730 2672 uti
2775 2617 3028 2672 dicamus
3073 2633 3087 2669 :
3142 2615 3300 2670 Sicut
3336 2629 3533 2684 paren-

1957 2717 2039 2766 tes
2076 2710 2158 2778 (ut
2181 2719 2382 2764 nostra}
2414 2709 2540 2776 vitae
2571 2709 2840 2778 exemplis
2885 2717 3011 2762 utar
3039 2707 3106 2762 ad
3150 2721 3240 2760 res
3281 2721 3406 2775 quae
3440 2720 3534 2758 su-

1953 2811 2152 2872 perant
2173 2817 2273 2856 nos
2296 2799 2702 2872 delineandas),
2735 2803 2925 2871 pueris
2973 2800 3250 2871 pigritiam
3275 2807 3536 2854 excutere

1955 2890 2244 2946 studentes
2271 2889 2760 2945 condescensionis
2780 2889 2945 2942 modo
2971 2903 3090 2943 sese
3119 2886 3537 2942 accommodant

1955 2989 2011 3036 et
2035 2981 2270 3051 puerilia
2303 2981 2520 3035 ludicra
2580 2981 2740 3049 sequi
2796 2979 3082 3044 videntur,
3127 2977 3300 3032 veluti
3325 2976 3410 3032 fac
3436 2992 3540 3030 nu-

1887 3105 1933 3166 c
1960 3072 2122 3127 cibus
2165 3079 2222 3126 et
2246 3072 2370 3127 talis
2407 3072 2601 3126 ludere
2633 3085 2758 3124 cum
2813 3070 2896 3124 eis
2964 3069 3409 3139 morigerantes,
3449 3067 3540 3121 vel

1962 3161 2128 3216 etiam
2159 3159 2323 3215 liores
2345 3162 2592 3215 colorum
2631 3162 2904 3216 varietate
2939 3159 3236 3214 distinctos
3263 3165 3320 3212 ct
3357 3165 3542 3212 vestes

1961 3253 2132 3307 variis
2155 3253 2440 3306 coloribus
2463 3252 2686 3315 tinctas,
2705 3269 2830 3321 quae
2853 3266 3050 3306 sensus
3075 3249 3376 3313 mulceant,
3411 3263 3544 3318 pro-

1961 3348 2266 3406 ponentes,
2320 3338 2566 3407 primum
2638 3347 2874 3392 avocant
2935 3346 3032 3392 aut
3095 3336 3544 3406 obstupefaciunt

1961 3443 2184 3497 pueros,
2225 3427 2334 3482 alio
2359 3442 2526 3496 Opere
2563 3427 2810 3482 nondum
2833 3435 3156 3495 occupatos,
3206 3427 3373 3496 paulo
3415 3433 3541 3496 post

1960 3533 2095 3572 vero
2114 3517 2246 3572 ludo
2267 3517 2541 3572 litterario
2564 3519 2813 3588 ipsisque
2843 3517 3197 3587 disciplinam
3229 3517 3540 3587 graviorem

1963 3609 2213 3674 tradunt,
2237 3617 2294 3664 et
2321 3609 2564 3679 propriis
2595 3607 2834 3678 negotiis
2863 3609 3120 3663 imbuunt
3155 3626 3169 3662 :
3200 3607 3282 3664 sic
3303 3607 3543 3664 fortasse

1963 3701 2131 3755 etiam
2185 3715 2370 3754 rerum
2404 3700 2793 3755 universarum
2822 3702 2996 3756 Deum
3032 3700 3222 3756 verbis
3259 3701 3383 3758 istis
3423 3717 3543 3756 ma-

1964 3791 2134 3862 gisler
2159 3805 2258 3859 per
2299 3805 2484 3844 rerum
2532 3799 2844 3846 creatarum
2889 3807 3014 3862 quae
3063 3799 3332 3862 apparent
3380 3791 3544 3847 nobis

1963 3882 2136 3938 veluti
2204 3881 2547 3937 historialem
2607 3882 2830 3938 interim
2897 3891 3149 3938 naturam
3207 3897 3344 3948 nos,
3395 3897 3546 3938 nunc

1965 3973 2136 4029 veluti
2181 3974 2420 4028 maxime
2479 3989 2715 4044 pueros,
2764 3975 2819 4030 in
2873 3974 3410 4043 obstupefactionem
3455 3975 3543 4030 vel

1965 4067 2132 4122 etiam
2169 4065 2549 4121 avocationem
2591 4073 2893 4136 conspectu
2945 4063 3204 4119 nimirum
3252 4078 3446 4118 earum
3487 4071 3546 4118 et

1967 4157 2280 4228 cognitione
2299 4157 2667 4228 injicientem,
2694 4155 3078 4210 deindeetiam
3104 4153 3546 4223 spiritualiorum

1967 4247 2027 4302 in
2079 4247 2160 4301 eis
2203 4247 2479 4300 rationum
2545 4245 3067 4314 contemplationem
3117 4243 3543 4303 immittentem,

295 4341 489 4396 ἑαυτοῦ
517 4339 698 4401 καθώς
727 4340 874 4392 ἐστιν
914 4334 1134 4406 ἐφικτὸν
1169 4333 1256 4386 διὰ
1291 4330 1568 4399 θεολογίας
1600 4345 1851 4399 μυστικω

1968 4347 2246 4408 postremo
2272 4336 2340 4392 ad
2357 4337 2442 4391 sui
2459 4337 2826 4408 cognitionem
2853 4335 3024 4406 magis
3042 4334 3348 4406 mysticam,
3367 4348 3548 4402 quan-

295 4433 458 4504 τέραν
487 4429 690 4498 γνῶσιν
723 4429 1006 4509 ἐνάγοντα,
1053 4426 1153 4497 τὴν
1185 4425 1366 4493 πάσης
1394 4421 1492 4490 τῆς
1533 4421 1591 4472 ἐν
1625 4420 1755 4472 εἴδει
1780 4435 1850 4470 κα

1982 4437 2089 4483 tam
2111 4430 2383 4500 attingere
2409 4429 2572 4484 nobis
2593 4430 2776 4493 liceat,
2803 4443 2924 4498 qua:
2947 4427 3014 4482 ab
3040 4425 3190 4480 omni
3216 4423 3272 4478 iu
3297 4423 3475 4476 forma
3493 4430 3552 4476 et

267 4523 436 4594 ’ποιῷ
481 4523 576 4576 καὶ
621 4525 859 4592 σχήματι
903 4519 997 4572 καὶ
1036 4515 1210 4587 ποσῷ,
1247 4513 1325 4583 τῷ
1367 4514 1424 4566 ἐν
1457 4510 1650 4580 πλήθει
1693 4525 1750 4560 τε
1782 4526 1851 4562 κα

1983 4521 2249 4591 qualitate
2271 4529 2326 4576 et
2353 4523 2540 4591 specie
2585 4531 2642 4576 et
2674 4521 2982 4590 quantitate
3025 4528 3132 4572 tam
3181 4513 3552 4570 multitudinis

295 4616 442 4684 εγκῳ
488 4615 804 4668 παντάπασι
858 4608 1290 4678 καθαρεύουσαν,
1345 4603 1617 4666 ποικιλίας
1671 4619 1729 4653 τε
1785 4619 1851 4654 κα

1975 4624 2140 4678 quam
2165 4610 2325 4664 molis
2346 4611 2508 4680 plane
2531 4626 2668 4678 pura
2693 4619 2777 4664 est
2793 4625 2890 4678 per
2918 4607 3247 4676 theologiam
3267 4601 3545 4677 deducen-

299 4707 600 4769 συνθέσεως
623 4707 680 4757 ἐν
702 4707 813 4763 τοῖς
834 4699 1130 4774 προπαιδεύ
1139 4715 1324 4770 μασιν,
1352 4697 1426 4758 ὡς
1453 4695 1588 4766 πρὸς
1613 4693 1673 4748 τὸ
1694 4693 1851 4762 τέρμε

1979 4707 2108 4760 tem,
2133 4699 2189 4752 in
2219 4699 2505 4752 varietatis
2527 4711 2691 4768 atque
2719 4696 3138 4766 compositionis
3167 4704 3422 4760 tanquam
3448 4690 3556 4759 pri-

299 4799 397 4870 τῆς
436 4796 690 4866 θεωρίας,
737 4813 756 4846 ι
787 4794 999 4858 παίζειν
1028 4811 1046 4844 ι
1093 4791 1304 4861 εἴρηται
1345 4787 1422 4858 τῷ
1453 4787 1696 4858 θεοφὸρῳ
1725 4787 1851 4857 Γρηη

1972 4791 2078 4845 mis
2099 4790 2404 4861 disciplime
2423 4789 2714 4844 elementis
2745 4789 2800 4840 in
2851 4787 3014 4840 linem
3049 4780 3555 4851 contemplationis,

301 4885 492 4957 γορίῳ,
537 4884 634 4937 καὶ
671 4884 748 4952 τῷ
790 4881 1034 4952 θεοφόρῳ
1081 4878 1341 4946 Διονυσίῳ
1393 4875 1760 4944 εθέλγεσθαί»
1811 4892 1851 4926 τι

1987 4901 2006 4934 ε
2024 4882 2265 4947 ludere,»
2296 4881 2437 4935 utab
2454 4881 2644 4935 divino
2664 4878 2928 4948 Gregorio
2959 4877 3167 4931 dictqu
3187 4885 3291 4932 est.
3312 4883 3368 4927 et
3387 4872 3454 4926 ab
3476 4871 3562 4925 di-

302 4979 396 5031 καὶ
437 4993 456 5026 ι
491 4975 804 5042 ἐξίστασθαι
835 4974 1046 5028 ἑαυτοῦ.
1079 4993 1096 5024 ι

1979 4973 2110 5026 vino
2131 4971 2388 5042 Dionysio
2431 4990 2448 5020 ι
2471 4969 2734 5024 delectari
2759 4987 2776 5018 ι
2806 4976 2881 5030 et,
2911 4985 2929 5016 ι
2959 4975 3112 5020 extra
3141 4981 3200 5020 se
3231 4961 3556 5018 exsistere.»

371 5065 462 5136 Τῷ
527 5064 642 5118 ὄντι
695 5064 804 5134 γαρ
851 5066 916 5118 ἐκ
965 5059 1316 5133 παραλλήλου
1372 5059 1512 5112 κατὰ
1569 5057 1851 5128 παράθεσιε

2052 5064 2265 5120 Revera
2323 5062 2471 5118 enim
2521 5077 2612 5116 res
2667 5067 2967 5129 praesentes
3021 5067 3078 5113 et
3137 5055 3278 5110 visui
3329 5053 3562 5123 objecta:

305 5155 654 5227 θεωρούμενα
693 5156 830 5226 πρὸς
863 5155 933 5208 τά
983 5153 1188 5225 κυρίως
1220 5151 1312 5204 καὶ
1341 5149 1554 5220 ἀληθῶς
1583 5149 1730 5214 ὄντα,
1781 5167 1851 5203 κα

1979 5155 2133 5226 juxta
2151 5171 2214 5210 ea
2237 5169 2357 5225 qua:
2380 5155 2602 5224 proprie
2627 5168 2689 5206 ac
2715 5166 2843 5205 vere
2863 5158 3013 5214 sunt,
3040 5162 3270 5220 qumque
3299 5145 3564 5200 inl‘uturo

370 5301 398 5342 P
427 5292 562 5348 Luc.
584 5307 696 5357 1m,
725 5292 817 5348 24.
1576 5316 1586 5331 ο

1571 5373 1805 5430 ΥΑΒΙΛΕ
1839 5376 2244 5436 ιΕΩΤΙΟΝΕΞ.

393 5475 440 5507 ³⁸
479 5474 572 5530 Sic
603 5473 727 5529 cod.
758 5473 902 5530 Gud.
926 5472 984 5527 ιι.
1015 5471 1054 5524 ι.
1131 5471 1174 5508 ⁸⁷
1202 5467 1293 5524 Sic
1321 5465 1444 5522 cod.
1477 5465 1619 5522 Gud.

374 5613 481 5681 (70)
510 5611 672 5680 Greg.
693 5609 824 5681 Naz.
847 5608 950 5681 _0r.
981 5607 1036 5681 in
1063 5607 1367 5661 Pentecost.
1399 5617 1517 5672 cap.
1547 5601 1731 5670 l2.,p.
1755 5601 1876 5657 741.

2061 5600 2172 5668 (7l)
2252 5599 2473 5670 Dionys.
2528 5600 2796 5670 Areopag.
2847 5597 2925 5670 Die
2954 5599 3059 5670 div.
3116 5615 3256 5654 nom.
3305 5612 3426 5670 cap.
3498 5597 3556 5652 ἆ.

299 5677 512 5762 tonui.
552 5677 691 5750 Opp.
723 5679 811 5732 ed.
846 5677 1049 5732 Bcned.

2061 5615 2172 5668 ('11)
2255 5615 2473 5670 monys.
2528 5615 2672 5654 Areo
2713 5615 2796 5669 ag.
2847 5615 2925 5651 ue
2954 5615 3059 5653 mv.

1990 5670 2018 5740 §
2057 5671 2160 5735 l5.,
2191 5685 2244 5738 p.
2271 5671 2393 5724 405.
2423 5679 2553 5724 tom.
2587 5671 2628 5738 Ι,
2667 5616 2804 5740 δίῳ.
2839 5669 2928 5722 ed.
2961 5669 3094 5724 Ven.
