3938 6148
506 310 637 378 1115
1660 311 1720 369 S.
1763 306 2049 367 MAXIMI

2172 304 2597 365 DNFESSORIS
3637 303 3746 373 lilii

497 428 863 500 apparebunt,
892 429 1155 483 collocata
1176 437 1342 499 atque
1375 433 1693 496 comparata
1743 422 1909 477 ludus
1931 436 2065 490 pue-

2174 420 2230 482 ὲς
2252 419 2483 489 ὓστερον
2510 416 2886 489 φανησόμενα,
2932 418 3000 473 τὰ
3045 419 3286 489 παρόντα
3330 418 3431 471 καὶ
3482 419 3746 488 φαινόμενα

497 520 638 584 rilis,
659 521 791 589 quin
814 520 917 573 hoc
930 519 1096 574 etiam
1114 521 1255 574 ultra
1270 535 1391 575 esse
1407 518 1645 572 videtur.
1669 514 1802 569 Nam
1826 528 1950 568 cum
1988 526 2083 564 ve-

498 592 662 664 ritate
685 624 871 663 rerum
898 612 1119 679 proprie
1139 609 1452 664 divinarum
1471 616 1634 676 atque
1733 599 2082 672 originalium

494 710 845 771 comparatus
861 717 1046 756 rerum
1072 702 1423 771 prtescntium
1447 710 1612 769 atque
1638 696 1816 751 oculis
1840 694 2086 763 objecta-

496 806 617 845 rmn
636 792 776 846 ordo
797 808 865 846 ne
882 809 1003 847 esse
1018 794 1240 862 quidem
1266 794 1377 848 ullo
1405 791 1568 846 modo
1581 790 1662 843 eis
1685 787 1964 841 videbitur
1981 783 2074 852 qui

496 895 665 939 totam
694 902 795 955 pro
827 886 1103 941 facultatis
1147 903 1258 940 sua:
1288 883 1463 955 gradu
1498 881 1702 935 divina:
1752 872 2073 947 pulchritu-

494 975 643 1029 dinis
676 975 931 1031 decorem
967 991 1165 1044 capere
1200 977 1545 1033 meruerunt,
1599 966 1761 1021 sicuti
1786 976 1889 1016 nec
1941 973 2076 1028 pue-

496 1067 614 1121 rilis
646 1067 874 1122 omnino
902 1067 1067 1120 ludus
1088 1082 1212 1121 cum
1246 1079 1377 1119 vero
1411 1063 1596 1131 aliquo
1621 1067 1676 1115 ct
1709 1065 1861 1110 certo
1907 1062 2073 1120 ιιοίᾶο·

498 1159 573 1212 tio
604 1170 954 1229 comparatus
986 1174 1107 1214 esse
1138 1157 1506 1212 existimatur.

880 1429 1001 1483 Alia
1025 1430 1079 1482 in
1108 1428 1245 1481 idem
1271 1421 1666 1494 contemplatio.

565 1538 816 1592 Fortasse
866 1553 998 1592 vero
1043 1538 1208 1592 etiam
1253 1531 1656 1605 degenerabilis
1694 1543 1757 1581 ac
1792 1522 2074 1579 mutabilis

492 1636 691 1682 natura
723 1628 1095 1683 materialium
1129 1643 1267 1696 quas
1306 1623 1708 1679 committimus
1747 1631 1931 1671 rerum
1962 1612 2070 1666 alio

2187 511 2281 561 καὶ
2312 510 2561 577 παίγνιον
2595 506 2732 563 εἶναι
2759 510 2928 574 δοκεῖ,
2958 510 3051 563 καὶ
3092 510 3170 561 ἔτι
3193 511 3393 562 τούτου
3422 510 3745 581 πορῤω-έρω.

2186 599 2331 669 Πρὸς
2355 600 2466 668 γὰρ
2508 599 2604 668 τὴν
2649 598 2758 651 τῶν
2806 601 3014 669 κυρῖως
3058 598 3217 652 θείων
3257 599 3362 653 καὶ
3407 600 3747 670 πρωτοτόκων

2185 692 2533 759 πραγμάτων
2580 692 2840 762 ἀλήθειαν
2871 692 3273 761 συγκρινομένη
3326 692 3445 743 τῶν
3499 696 3748 758 παρόντων

2183 782 2280 834 καὶ
2330 783 2625 852 ὁρωμένων
2681 783 3024 853 πραγμάτων
3078 785 3112 853 ἡ
3152 784 3529 853 διακόσμησις
3568 784 3676 834 οὐδὲ
3704 784 3750 835 τὸ

2184 873 2447 939 παράπαν
2478 868 2615 925 εἶναι
2664 873 3054 944 νομισθήσεται
3093 876 3204 935 τοῖς
3251 873 3380 925 ὅλον
3413 875 3611 941 χωρεῖν
3636 874 3750 925 κατὰ

2180 961 2242 1013 τὸ
2274 961 2498 1014 δυνατὸν
2531 962 2590 1015 τὸ
2620 964 2716 1031 τῆς
2749 962 2894 1026 θείας
2925 964 3257 1033 ὡραιότητος
3286 962 3500 1025 καλλος
3530 962 3749 1031 ἀξιουμέ-

2181 1068 2313 1112 νοις.
2372 1050 2560 1121 ὥσπερ
2624 1052 2741 1105 οὐδὲ
2801 1053 2861 1105 τὸ
2925 1055 3175 1121 παίγνιον
3230 1055 3486 1125 ἀληθινῴ
3532 1072 3634 1105 τινι
3678 1058 3750 1106 καὶ

2181 1144 2293 1195 ὄντι
2335 1144 2622 1214 πράγματι
2669 1146 3094 1216 συγκρινόμενον
3141 1141 3280 1199 εἶναι
3338 1145 3602 1210 καθάπαξ
3628 1148 3751 1214 νομί·

2182 1232 2355 1294 ζεται.

2534 1415 2727 1478 Ἀλλη
2767 1416 2978 1484 θεωρία
3016 1419 3102 1480 εἰς
3136 1416 3201 1470 τὸ
3234 1418 3412 1471 αὖτέ.

2246 1524 2428 1594 Τυχόν
2470 1524 2653 1579 δὲκαὶ
2700 1527 2761 1579 τὸ
2805 1530 3221 1596 μεταπτωτικδν
3269 1525 3347 1583 ὧν
3392 1532 3750 1601 ἐγχειρίζομεν

2175 1611 2376 1666 ὑλικῶν
2409 1614 2755 1685 πραγμάτων
2811 1616 2980 1687 ἄλλην
3029 1618 3205 1681 ἄλλως
3248 1622 3675 1692 μεταφερόντων
3705 1639 3751 1674 τε

491 1721 628 1775 aiias
688 1720 1139 1775 transferentium
1186 1728 1244 1773 et
1300 1717 1712 1774 translata’rum,
1765 1718 1824 1764 et
1867 1705 2065 1761 stabile

2175 1705 2268 1755 καὶ
2305 1707 2792 1775 μεταρερομένων,
2843 1709 2938 1760 καὶ
2979 1711 3252 1780 μηδεμίαν
3293 1712 3488 1782 (263
3518 1715 3569 1780 a)
3617 1712 3751 1781 βάσιν

493 1812 896 1865 firmamentum
931 1821 1130 1881 praeter
1162 1812 1392 1879 primam
1414 1807 1684 1861 rationem
1715 1818 1822 1872 qua
1857 1798 2073 1868 sapien-

492 1912 576 1956 ter
621 1911 677 1955 ct
726 1902 1079 1970 providenter
1114 1902 1373 1956 feruntur
1414 1908 1471 1955 et
1522 1900 1706 1953 ferunt
1750 1893 2071 1949 habentium

490 1994 725 2057 nullum,
759 2004 944 2063 atque,
975 2010 1100 2049 cum
1129 1994 1296 2063 potiri
1320 1994 1402 2047 eis
1434 1991 1594 2045 nobis
1617 1988 1921 2050 videamur,
1961 1982 2072 2037 dif-

489 2084 816 2154 fugientium
839 2085 1011 2154 magis
1030 2098 1191 2154 quam
1214 2091 1623 2152 sulleratarum,
1653 2076 2070 2147 appetitumquc

491 2186 765 2240 nostrum,
797 2178 893 2246 qui
925 2178 1008 2231 eis
1066 2160 1234 2245 potiri
1268 2175 1594 2237 institimus,
1640 2187 1670 2225 a
1715 2185 1773 2224 se
1800 2167 1952 2221 velut
1983 2179 2070 2218 re-

490 2268 834 2337 pellentium,
885 2277 945 2322 et
1005 2282 1268 2337 superare
1317 2275 1413 2319 aut
1463 2261 1711 2332 superari
1747 2260 1907 2330 plane
1958 2270 2069 2309 non

488 2355 846 2423 capientium,
872 2363 1062 2424 utpote
1094 2370 1217 2423 qua:
1242 2354 1419 2408 solum
1443 2351 1697 2404 stabilem
1720 2362 1833 2401 suae
1858 2354 2071 2397 naturae

491 2444 787 2498 terminum
829 2445 1036 2498 habent
1065 2443 1213 2496 hunc
1244 2442 1391 2511 quod
1418 2440 1651 2493 effluunt
1683 2446 1736 2490 ct
1768 2450 1878 2489 non
1907 2436 2073 2497 stant,

487 2532 655 2603 ludus
693 2534 925 2603 puerilis
955 2533 1072 2598 Dei,
1114 2550 1142 2587 a
1180 2532 1444 2603 magistro
1481 2530 1754 2600 appellata
1786 2534 1870 2581 est
1900 2531 2071 2585 recte,

490 2602 552 2678 ill
579 2625 669 2694 qui
697 2641 796 2694 per
818 2626 933 2680 haec
950 2640 1052 2680 nos
1079 2626 1146 2679 ad
1177 2640 1241 2680 ea
1264 2641 1385 2695 qua:
1403 2639 1532 2678 vere
1554 2631 1683 2677 sunt
1711 2628 1767 2675 et
1788 2630 2077 2707 nunquam!

499 2716 770 2770 fluctuant
801 2716 1131 2771 transducit.

879 2888 1006 2944 Alia
1037 2890 1094 2944 in
1118 2890 1257 2944 idem
1292 2889 1687 2960 contemplatio.

2179 1794 2413 1861 ἐχόντων
2456 1797 2800 1867 στερέμνιον,
2850 1800 2990 1870 πλὴν
3033 1800 3130 1854 τοῦ
3166 1803 3390 1873 πρῶτον
3443 1804 3601 1870 λόγου
3646 1804 3749 1857 καθ’

2176 1882 2235 1936 ὃν
2263 1884 2519 1952 φέρονται
2551 1886 2730 1955 σοφῶς
2749 1904 2811 1940 τε
2857 1890 2950 1942 καὶ
2982 1892 3357 1962 προνοητικῶς
3394 1892 3492 1945 καὶ
3524 1893 3747 1963 φέρουσι,

2178 1975 2273 2027 καὶ
2299 1975 2377 2044 τῷ
2412 1978 2730 2046 κρατεῖσθαι
2763 1979 2855 2048 ὑφ’
2887 1982 3044 2051 ἡμῶν
3064 1982 3414 2052 νομίζεσθαι,
3445 1985 3749 2053 διαφευγόν·

2174 2083 2283 2120 των
2338 2067 2500 2122 πλέον
2543 2069 2577 2141 ἢ
2631 2074 3039 2141 κρατουμένων,
3089 2077 3185 2127 καὶ
3225 2076 3325 2147 τὴν
3380 2077 3575 2145 ἔφεσιν
3611 2077 3747 2146 ἡμῶν

2173 2157 2282 2210 τῶν
2310 2160 2491 2223 αὐτοῖς
2537 2162 2884 2233 ἀνεχομένων
2931 2165 3272 2235 κρατεῖσθαι,
3322 2168 3533 2236 μᾶλλον
3560 2168 3748 2220 ἑαυτῶν

2174 2244 2285 2302 οἷον
2328 2251 2759 2321 ἁπωθουμένων,
2814 2256 2908 2308 καὶ
2957 2257 3236 2327 κρατεῐνῆ
3269 2259 3595 2329 κρατεῖσθαι
3630 2277 3747 2311 πιν-

2174 2342 2344 2406 τελῶς
2379 2345 2453 2414 μὴ
2506 2346 2845 2416 δυναμένων,
2890 2344 2978 2401 οἷα
3007 2349 3069 2418 δὴ
3131 2351 3290 2419 μόνον
3351 2351 3627 2421 σταθηρδν
3662 2352 3749 2420 τῆς

2175 2435 2385 2487 ὲαντῶν
2446 2437 2663 2505 φύσεως
2696 2440 2822 2509 ὅρον
2868 2442 3221 2510 κεκτημένων
3266 2442 3328 2494 τὸ
3377 2442 3640 2512 ἀπορρ-ἰν
3666 2444 3747 2495 καὶ

2175 2525 2250 2597 μὴ
2285 2527 2557 2591 ἵστασθαι,
2596 2529 2847 2597 παίγνιον
2891 2532 3115 2592 είκότως
3148 2533 3349 2603 ἐρρέθη
3400 2532 3538 2585 θεοῦ
3583 2533 3654 2602 τῷ
3686 2533 3747 2583 δι-

2168 2617 2443 2689 δασκάλῳ,
2476 2621 2551 2683 ὡς
2593 2621 2680 2674 διὰ
2711 2623 2916 2674 τούτων
2974 2622 3306 2693 μετάγοντος
3349 2625 3504 2695 ἡμᾶς
3555 2624 3645 2676 ἐπὶ
3689 2622 3744 2675 τά

2064 2712 2072 2721 ’
2166 2710 2333 2776 ὅντως
2356 2713 2509 2779 ὄντα,
2540 2715 2635 2767 καὶ
2671 2716 2947 2785 μηδέποτε
2975 2716 3340 2786 σαλευόμενα.

2544 2897 2739 2963 Ἄλλη
2773 2897 2983 2961 θεωρία
3004 2899 3091 2961 είς
3119 2895 3186 2949 τὸ
3209 2897 3380 2951 αὐτό.

561 3002 769 3059 Verum
807 3003 852 3057 si
885 3018 989 3057 nos
1014 3017 1234 3072 quoque
1260 3003 1364 3072 ipsi
1389 3003 1694 3058 secundum
1729 3011 1941 3056 naturae
1967 3017 2065 3057 noc

2242 3009 2304 3062 Εἰ
2336 3008 2394 3062 δὲ
2437 3009 2531 3062 καὶ
2579 3011 2743 3079 ἡμεῖς
2783 3010 2962 3075 αὐτοὶ,
2997 3009 3139 3064 κατὰ
3186 3010 3287 3082 τὴν
3327 3009 3640 3083 κρατοῦσαν
3659 3011 3740 3066 ἐπὶ

487 3105 617 3150 strte
638 3094 1131 3165 impraesentiarum
1159 3094 1627 3162 consequentiam,
1666 3110 1815 3148 nunc
1835 3093 2057 3163 quidem

486 3189 604 3257 pari
639 3189 764 3242 cum
805 3187 1016 3241 caeteris
1042 3195 1199 3240 terrae
1226 3185 1554 3239 animalibus
1583 3185 1747 3240 modo
1787 3186 2056 3256 generati,

487 3278 615 3331 dein
641 3277 855 3348 pueruli
882 3276 1029 3339 facti,
1058 3285 1172 3330 tum
1198 3278 1486 3347 juventutc
1514 3285 1704 3331 nostra
1720 3276 2058 3340 adsenectu-

488 3369 558 3423 tis
594 3368 951 3439 rugositatem
987 3367 1283 3422 festinante
1321 3367 1388 3420 ad
1437 3367 1613 3421 instar
1662 3367 1860 3421 caduci
1909 3367 2061 3422 ﬂoris

484 3457 760 3521 morituri,
794 3467 850 3511 et
876 3456 943 3510 ad
969 3457 1128 3511 aliam
1173 3459 1341 3510 vitam
1375 3456 1620 3511 translati
1663 3474 1682 3507 ι
1726 3457 1891 3510 ludus
1910 3457 2006 3511 Dei
2033 3476 2051 3508 ι

482 3566 515 3605 a
548 3549 736 3603 divino
758 3549 863 3602 hoc
887 3548 1113 3603 doctore
1138 3548 1271 3602 dicti
1303 3546 1596 3613 fuerimus,
1638 3547 1693 3601 id
1712 3548 1909 3602 merito
1936 3548 2050 3602 fue-

485 3642 679 3695 rimus.
720 3641 855 3693 Nam
890 3655 1132 3709 praesens
1172 3643 1285 3693 vita
1327 3656 1450 3697 cum
1481 3640 1669 3694 futuro
1696 3640 1820 3693 vita:
1860 3640 2059 3693 divinae

484 3747 549 3783 ac
577 3744 706 3783 vere
745 3728 1047 3797 exemplari
1079 3740 1414 3799 comparata,
1457 3729 1621 3783 ludus
1654 3736 1760 3792 est,
1799 3738 1854 3782 et
1879 3729 2057 3797 quod-

484 3832 701 3885 cunque
728 3816 876 3870 aliud
904 3817 1008 3872 hoc
1028 3818 1199 3887 magis
1228 3819 1469 3872 essentia
1497 3833 1561 3872 ac
1581 3818 1812 3871 veritate
1829 3817 2055 3871 carebit.

485 3908 541 3962 hi
577 3908 723 3977 quod
769 3908 1030 3978 magister
1060 3908 1112 3962 in
1140 3909 1355 3963 funebri
1384 3910 1436 3962 in
1483 3908 1778 3963 Cmsarium
1807 3910 2058 3964 oratione

484 3998 691 4052 clarius
741 3998 1085 4052 demonstrat
1120 3999 1272 4053 hisce
1288 3998 1472 4053 verbis
1508 4015 1521 4052 :
1560 4018 1578 4050 ι
1609 3998 1898 4069 Ejusmodi
1945 3999 2057 4053 vita

487 4094 674 4140 nostra
734 4095 840 4150 est,
895 4086 1137 4152 fratres,
1178 4088 1274 4157 qui
1317 4088 1515 4142 ﬂuxam
1566 4089 1731 4142 vitam
1782 4090 2059 4151 ducimus.

485 4179 755 4248 ejusmodi
786 4179 841 4232 in
879 4188 1024 4233 terra
1058 4179 1242 4245 ludus,
1267 4188 1330 4233 ut
1363 4196 1488 4235 cum
1520 4195 1628 4235 non
1660 4181 1833 4235 simus
1871 4197 2061 4235 nasca-

484 4285 630 4333 mur,
657 4285 782 4322 cum
811 4270 922 4323 nati
966 4270 1141 4324 simus
1170 4284 1391 4325 rursum
1418 4270 1804 4324 dissolvamur.
1850 4271 2061 4325 Insont-

2165 3100 2259 3154 τοῦ
2294 3101 2561 3171 παρόντος
2589 3102 2689 3171 τῆς
2723 3102 2937 3170 φύσεως
2959 3103 3115 3174 ἡμῶν
3133 3105 3487 3172 ἀκολουθίαν,
3519 3108 3611 3160 νῦν
3652 3108 3739 3177 μὲν

2166 3193 2289 3247 καθ’
2329 3193 2623 3263 ὁμοιότητα
2655 3194 2763 3246 τῶν
2788 3194 2993 3247 λοιπῶν
3025 3196 3118 3248 ἐπὶ
3155 3195 3259 3267 γῆς
3296 3198 3459 3260 ζώων
3488 3197 3737 3269 γεννώμε-

2165 3302 2266 3348 νοι,
2294 3284 2487 3336 ἔπειτα
2541 3281 2730 3347 παῖδες
2769 3285 3067 3354 γινόμενοι,
3131 3283 3253 3340 εἷτα
3300 3287 3503 3353 ἄνθους
3539 3291 3733 3358 ὠκυμό-

2168 3387 2264 3441 ρου
2295 3370 2450 3441 δίκην
2476 3372 2574 3441 τῆς
2599 3372 2848 3442 νεότητος
2877 3374 2969 3426 ἐπὶ
3006 3374 3068 3427 τὸ
3096 3374 3280 3446 ρικνὺν
3322 3378 3426 3446 τῆς
3464 3379 3731 3448 παλαιότη-

2167 3480 2255 3526 τος
2286 3464 2572 3534 φθασάσης
2626 3463 3029 3536 τεθνηξόμενοι,
3080 3469 3175 3521 καὶ
3221 3469 3357 3539 πρὸς
3408 3470 3596 3542 ἕτερον
3635 3471 3730 3540 βίον

2170 3554 2605 3624 μετατιθέμενοι,
2647 3574 2665 3607 ι
2694 3556 2941 3623 παίγνιον
2962 3555 3276 3630 ὲρῤήθημεν
3303 3560 3396 3613 τοῦ
3447 3564 3582 3616 Θεοῦ
3615 3582 3632 3614 ι
3667 3562 3730 3632 τῷ

2166 3644 2410 3716 θεοφόρῳ
2458 3646 2634 3719 tam
2681 3646 3008 3717 διδασκάλῳ,
3057 3650 3160 3704 οὐκ
3206 3651 3312 3715 ἔξω
3367 3655 3470 3708 τοῦ
3522 3657 3727 3717 είκότος.

2171 3737 2312 3808 Πρὸς
2370 3738 2479 3807 γὰρ
2527 3737 2626 3808 τὴν
2682 3739 2983 3807 μέλλουσαν
3037 3743 3138 3812 τῆς
3193 3743 3341 3809 θείας
3396 3749 3494 3801 καὶ
3522 3748 3728 3818 ἀληθοῦς

2166 3828 2312 3897 ζωῆς
2362 3829 2696 3898 ἁρχετυπίαν
2770 3832 2801 3901 ἡ
2867 3833 3118 3903 παροῦσα
3179 3841 3580 3909 συγκρινομένη
3632 3837 3726 3906 ζωὴ

2167 3919 2413 3985 παίγνιόν
2449 3919 2587 3984 ἐστι,
2621 3920 2717 3972 καὶ
2752 3921 2861 3973 πᾶν
2893 3920 3023 3975 εἴτι
3056 3922 3185 3976 ἄλλο
3228 3924 3421 3978 τούτιυ
3481 3928 3725 3991 καθέστη-

2166 4027 2259 4062 κεν
2310 4009 2703 4080 ἀνουσιὼτερον
2735 4010 2801 4064 ⁵⁸.
2848 4012 3026 4084 Ὅπερ
3079 4016 3137 4066 ὲν
3189 4015 3266 4085 τῷ
3312 4018 3390 4080 είς
3450 4020 3725 4087 Καισάρων

2165 4099 2438 4171 ἐπιταφίῳ
2507 4100 2749 4154 δείκνυσι
2825 4104 3204 4176 σαφέστερον,
3275 4107 3475 4160 οὑτωσὶ
3536 4110 3721 4174 λέγων·

2171 4210 2190 4240 ι
2220 4188 2471 4252 Τοιοῦτος
2496 4191 2524 4242 ὁ
2576 4187 2688 4259 βίος
2718 4191 2893 4260 ἡμῶν,
2922 4193 3163 4263 ἀδελφοὶ,
3194 4195 3305 4247 τῶν
3334 4196 3553 4260 ζώντων
3584 4197 3725 4265 πράσ-

2166 4299 2369 4352 καιρα·
2421 4280 2630 4335 τοιοῦτο
2696 4283 2756 4335 τὸ
2799 4284 2891 4336 ἐπὶ
2952 4285 3051 4353 γῆς
3105 4287 3395 4354 παίγνιον·
3447 4288 3547 4341 οὐκ
3587 4287 3723 4346 ὄντας

483 4358 634 4410 nium
660 4372 853 4411 sumus
876 4358 1101 4411 minime
1130 4357 1458 4419 consistens,
1483 4363 1760 4425 spectrum
1787 4356 2060 4425 quoddam

2172 4372 2442 4441 γενέσθαι,
2492 4374 2588 4425 καὶ
2629 4374 2955 4443 γενομένους
3001 4377 3335 4447 ἀνα).υοῆναι
3364 4395 3378 4410 ·
3416 4379 3551 4450 ὄναρ
3578 4378 3722 4445 ἐσμὲν

482 4447 631 4515 quod
660 4448 835 4501 teneri
868 4464 975 4501 non
998 4456 1200 4517 potest,
1233 4438 1350 4501 avis
1371 4449 1754 4517 praetereuntis
1776 4449 1988 4502 volatus
2005 4456 2053 4511 ει,

482 4538 640 4592 navis
674 4539 727 4591 in
764 4540 902 4592 mari
957 4539 1245 4609 vestigium
1300 4554 1409 4592 non
1456 4541 1709 4594 habens!
1740 4580 1755 4604 ,
1809 4538 2053 4608 pulvis',

482 4633 693 4699 vaport
728 4646 820 4684 ros
848 4631 1214 4692 matutinus“.
1249 4630 1349 4683 ﬂos
1376 4640 1656 4685 momento
1694 4645 1946 4693 nascens,
2001 4638 2057 4683 et

483 4734 764 4781 momento
792 4737 1201 4792 marcescens',
1240 4728 1392 4780 homo
1417 4729 1548 4781 sicut
1570 4727 1748 4796 fenum
1780 4727 1887 4779 dies
1914 4728 2049 4795 ejus,

413 4826 416 4829 ‘
483 4828 739 4887 tanquam
773 4820 868 4888 ﬂos
892 4819 1008 4888 agri
1047 4819 1122 4871 sic
1148 4820 1390 4889 eﬂiorebit
1413 4833 1458 4871 ι.
1498 4820 1730 4875 Pulchre
1753 4819 1914 4873 divus
1948 4821 2053 4873 Da-

482 4906 572 4959 vid
601 4907 689 4960 his
721 4908 906 4962 verbis
946 4908 1015 4963 de
1050 4916 1242 4964 nostra
1274 4908 1655 4964 imbecillitate
1695 4910 2053 4982 pltilOSOpha-

482 5006 573 5052 tus
603 5008 707 5053 est.
744 5019 763 5050 ι

553 5240 580 5278 ιι
608 5229 736 5298 Sap.
776 5249 830 5297 ν,
875 5235 960 5288 ιι.
1064 5245 1085 5272 r
1123 5234 1257 5291 ibid.
1288 5235 1371 5289 ιο.

1472 5237 1658 5292 rPsal.
1698 5253 1736 5303 ι,
1782 5239 1832 5292 4.

485 5311 574 5363 cn,
611 5301 694 5354 15.
1724 5301 1728 5303 ’
1772 5308 1777 5313 ‘

1928 5240 1944 5275 ¹
1985 5238 2100 5295 Jac.
2143 5257 2217 5304 tv,
2267 5239 2354 5293 15.

2162 4466 2262 4533 οὐχ
2303 4463 2613 4532 ἱστάμενον,
2650 4465 2845 4534 φάσμα
2889 4483 2939 4518 τι
2995 4466 3069 4536 μὴ
3126 4469 3519 4539 κρατούμενον,
3549 4470 3722 4535 πτῇσις

2161 4556 2349 4627 ὀρνέου
2402 4557 2815 4627 παρερχομένου
2848 4558 2931 4621 ⁸9,
2974 4556 3107 4621 ναῦς
3149 4561 3241 4611 ἐπὶ
3285 4560 3560 4631 θαλάσσης
3595 4561 3721 4628 ἴχνος

2161 4649 2261 4702 οὑκ
2318 4645 2537 4718 ἔχουσα,
2584 4647 2753 4712 κόνις,
2803 4649 2995 4718 ἀτμὶς,
3058 4647 3257 4714 ἑωθινὴ
3314 4652 3526 4721 δρόσος,
3581 4652 3720 4712 ἄνθος

2152 4738 2331 4810 καιρῷ
2380 4738 2648 4808 φυόμενον
2696 4740 2790 4791 καὶ
2851 4740 3029 4809 καιρῷ
3079 4740 3363 4811 λυόμενον,
3406 4744 3717 4811 ἄνθρωπος,

2152 4830 2296 4884 ὡσεὶ
2345 4833 2564 4898 χόρτος
2596 4830 2656 4881 αἱ
2694 4828 2906 4897 ’ἡμέραι
2935 4828 3158 4893 αὑτοῦ,
3201 4832 3345 4886 ὡσεί
3402 4834 3581 4899 ἄνθος
3627 4831 3718 4885 τοῦ

2152 4920 2377 4990 ἀπροῦ,
2434 4920 2623 4985 οὕτως
2927 4920 3004 4990 b)
3057 4922 3402 4991 ἐξανθήσει,
3476 4924 3646 4988 καλῶς
3694 4924 3718 4975 ὁ

2154 5012 2296 5074 Oeta;
2373 5011 2537 5064 Δαὸὶδ
2592 5012 2721 5081 περὶ
2767 5012 2866 5083 τῆς
2929 5013 3216 5078 ἀσθενείας
3279 5017 3436 5087 ἡμῶν
3491 5013 3717 5087 ἐφιλοσό-

2153 5118 2311 5173 φησε·
2343 5101 2455 5173 (7‘2)
2487 5119 2506 5151 ι
2830 5127 2840 5140 ·

2459 5250 2490 5327 ιι.
2508 5238 2646 5295 Osee
2683 5253 2814 5306 xm,
2865 5237 2915 5293 3.
2984 5247 3009 5274 '
3049 5238 3072 5294 l
3113 5241 3262 5296 Petr.
3300 5258 3337 5309 ι,
3359 5244 3449 5298 24.
3535 5254 3556 5280 ι
3585 5240 3708 5298 Psal.

1787 5391 2022 5447 VARI/{'3
2059 5395 2460 5454 LECTIONES.

564 5475 611 5554 ’ἦ
640 5473 912 5543 Rescripsi
946 5475 1334 5548 ἀνουσιώτερον
1368 5495 1464 5548 pro
1490 5479 1870 5553 ἀνοσιώτερον,
1912 5486 2060 5554 quod
2101 5488 2269 5545 habet
2296 5491 2420 5545 cod.
2451 5490 2594 5546 Gud.

482 5546 703 5613 κυνέην

2694 5490 2738 5523 ⁵⁹
2767 5490 2955 5546 Manus
2982 5496 3231 5549 secunda
3259 5496 3498 5551 correxit
3528 5504 3702 5567 παρερ-

552 5658 663 5730 (7‘2)
689 5657 851 5731 (ἔνεπε.
886 5662 1015 5716 Naz.
1047 5662 1139 5716 0r.
1166 5664 1372 5731 [νηδὺν.
1406 5667 1457 5719 in
1502 5666 1790 5721 Camurium
1822 5683 1938 5738 cap.
1969 5670 2054 5735 19,
2098 5687 2149 5741 p.
2181 5671 2394 5743 2l05q.
2442 5681 2570 5727 tom.
2607 5674 2625 5727 1
2652 5672 2788 5743 Opp.
2812 5672 2897 5727 ed.
2932 5672 3144 5730 Bencd.
