3938 6148
263 182 401 247 141⁵1

1500 182 2020 244 AMBIGUORUM
2061 185 2313 246 LIBER.

3397 175 3533 241 1418

332 298 517 352 Ταῦτα
547 300 673 369 περὶ
718 292 794 351 ὧν
841 298 953 359 τοῖς
984 295 1283 359 θειοτάτοις
1313 295 1406 348 τοῦ
1460 297 1699 366 μεγάλου
1732 299 1842 350 Πα-

2024 298 2089 352 lii
2141 307 2273 353 sunt
2328 297 2433 353 loci
2474 297 2530 352 in
2555 297 2738 369 magni
2771 296 2945 373 nostri
2979 295 3159 350 Patris
3203 302 3259 350 et
3294 294 3537 350 doctoris

258 392 384 463 τρδς
462 389 622 459 ἡμῶν
697 390 792 442 καὶ
864 387 1188 442 διδασκάλου
1275 388 1581 459 Γρηγορίου
1667 387 1846 455 λόγοις

256 483 578 554 ἠπορήσατε
598 484 693 534 καὶ
717 482 891 534 εἰπεῖν
917 479 1244 535 ἐκελεύσατε
1277 495 1389 548 μοι,
1411 477 1845 548 μακαριώτατοι,

258 576 400 628 κατά
420 574 518 646 τὴν
544 574 684 644 ἐμὴν
708 573 958 644 δύναμιν.
982 573 1074 643 Τῷ
1095 573 1346 644 ὑμετέρῳ
1377 572 1604 642 νεύματι
1627 572 1852 633 δικαίως

259 665 501 719 ὑπείκων
531 664 669 735 ἔφην
698 665 811 732 ἐγὼ
857 665 1274 736 στοχαζόμενος,
1324 665 1441 718 ἀλλ’
1472 666 1573 718 οὐκ
1606 666 1846 734 ἀποφαι-

255 757 500 827 νόμενος.
533 757 608 808 Οὑ
655 757 764 827 γὰρ
812 758 1118 825 ἐφικνεῖται
1162 758 1263 826 τῆς
1303 757 1546 828 μεγάλης
1571 757 1664 810 καὶ
1709 755 1849 826 ὑψη-

254 847 355 917 λῆς
386 846 479 900 τοῦ
529 846 793 918 θεοφόρου
845 847 1169 902 διδασκάλου
1218 848 1458 911 διανοίας
1506 850 1535 902 ὀ
1584 848 1852 920 ἡμέτερος

255 937 400 999 νοῦς,
435 936 662 1000 πολλαῖς
692 935 774 989 ἔτι
816 936 957 990 κατά
994 936 1215 1008 θέλησιν
1255 935 1407 989 ἀκίσι
1438 936 1628 1001 παθῶν
1661 935 1852 1006 βαλλό-

233 1043 437 1096 .μενος,
469 1020 545 1079 ὧν
592 1029 701 1091 τοῖς
746 1027 973 1098 μώλωψι
1003 1027 1205 1099 μᾶλλον
1239 1027 1421 1099 χαίρει
1472 1026 1848 1099 στιζόμενοςῆ

252 1119 469 1187 χάρισιν
512 1118 723 1188 ἀρετῶν
756 1119 1178 1191 καθαιρόμενος,
1229 1118 1319 1173 διὰ
1361 1120 1461 1191 τὴν
1496 1120 1715 1191 μακρὰν
1752 1122 1848 1174 τοῦ

253 1209 427 1264 κακοῦ
456 1211 746 1280 συνήθειαν
773 1211 888 1277 ἕξιν
915 1210 1096 1266 λαϐὼν
1139 1213 1628 1285 φιλαμαρτήμονα.
1659 1212 1774 1266 Καὶ
1801 1215 1851 1267 εἰ

255 1303 354 1369 μὲν
379 1302 621 1371 φανῶσιν
668 1303 799 1375 ὑμῖν
843 1322 968 1357 τινα
1006 1305 1167 1375 λόγον
1209 1305 1356 1376 ἔχειν
1392 1306 1493 1375 τῆς
1538 1303 1850 1369 ὑποθέσεως

251 1394 424 1461 ἄξιον,
474 1396 569 1469 καὶ
616 1395 690 1468 μὴ
721 1396 899 1468 πάντη
936 1401 1036 1470 τῆς
1080 1397 1338 1469 ἀληθείας
1389 1396 1845 1469 ἀπολειπόμενον,

249 1486 330 1554 τῷ
359 1486 481 1558 Θεῷ
531 1489 710 1560 χάρις,
763 1488 843 1558 τῷ
881 1489 982 1560 τὴν
1014 1487 1357 1560 χαμαίζηλον
1399 1488 1513 1559 (ἵνα
1559 1490 1656 1543 καὶ
1690 1487 1848 1542 τοῦτο

252 1578 744 1651 θαυματουργήσῃ)
777 1580 874 1633 καὶ
901 1581 1219 1650 χαμαιπετῆ
1252 1580 1494 1635 διάνοιαν
1523 1580 1842 1648 φωτίσαντι,

250 1670 343 1722 καὶ
361 1669 518 1738 λόγον
552 1669 867 1742 σύμμετρον
919 1671 1293 1741 χαρισαμένῳ,
1327 1670 1464 1743 πρὸς
1501 1670 1563 1723 τὸ
1602 1671 1837 1742 χαράξαι

249 1757 348 1828 τὴν
374 1759 717 1829 συμμετρίαν
758 1758 869 1812 τῶν
907 1758 1210 1829 νοηθέντων
1261 1761 1357 1812 καὶ
1386 1760 1516 1831 ὑμῖν
1559 1762 1669 1823 τοῖς
1702 1761 1863 1815 ὑπο-.

250 1846 447 1913 τάξασι
486 1849 582 1901 καὶ
609 1851 675 1920 τῇ
701 1848 810 1901 τῶν
852 1848 1026 1918 εὐχῶν
1082 1846 1307 1919 βοηθείᾳ
1326 1849 1391 1903 τὸ
1414 1850 1523 1903 πᾶν
1555 1850 1835 1922 κατορθώ-

253 1956 432 1992 σασιν.
467 1961 485 1989 ι
516 1940 578 1992 Εἰ
604 1939 661 1992 δὲ
689 1940 787 1992 οὑκ
829 1939 1004 2009 ὀρθῶς
1033 1938 1066 2009 ἢ
1096 1938 1302 2002 ἀτελῶς
1330 1939 1425 1992 καὶ
1454 1940 1553 2010 τῆς
1576 1939 1835 2010 ἀληθείας

252 2031 505 2102 ῆόλικῶς
528 2032 560 2104 ἢ
587 2030 827 2103 μερικῶς
850 2030 1313 2101 άωπεπλὰνημαι
1345 2050 1363 2084 ι
1394 2031 1506 2098 (τὸν
1529 2031 1637 2102 γὰρ
1659 2032 1835 2102 μέγαν

252 2125 349 2178 καὶ
381 2124 720 2195 θεοφάντορα
754 2125 857 2178 κάν
904 2122 1080 2191 τούτῳ
1108 2139 1192 2175 σοι
1221 2123 1519 2194 προσφέρω
1560 2123 1836 2177 Διονύσιον

251 2214 706 2287 παρακλήτορα),
768 2234 787 2267 ι
816 2213 919 2284 τῆς
982 2213 1082 2284 σῆς
1152 2213 1220 2266 ἂν
1275 2214 1364 2282 εἴη
1426 2213 1836 2284 φιλανθρωπίας

252 2304 744 2378 ἐπανορθώσασθαι
796 2306 890 2360 τὸν
936 2306 1209 2369 ἀκουσίως
1236 2304 1557 2374 ἀγνοοῦντα,
1600 2307 1696 2359 καὶ
1736 2323 1835 2376 με-

251 2395 509 2450 ταδοῦναι
554 2397 716 2465 λόγου
746 2397 827 2468 τῷ
885 2397 1077 2468 μαθεῖν
1101 2397 1364 2468 δεομένῳ,
1412 2397 1508 2452 καὶ
1554 2396 1835 2467 ἐπαμῦναι

193 2501 201 2508 ·
250 2488 328 2560 τῷ
362 2487 439 2559 μὴ
484 2488 734 2562 αὐτάρκη
784 2488 1014 2561 δύναμιν
1041 2489 1241 2561 ἔχοντι,
1295 2488 1392 2544 καὶ
1441 2491 1699 2545 ἰάσασθαι
1743 2491 1836 2544 τὸν

251 2581 353 2635 οὐκ
399 2580 1026 2655 ὲθὲλοντα⁸ἀρρωστεῖν,
1072 2581 1186 2654 (75)
1221 2582 1307 2637 ἴνα
1354 2582 1449 2636 καὶ
1490 2580 1652 2636 τοῦτο
1697 2582 1838 2653 μετὰ

249 2670 361 2724 τῶν
402 2670 579 2741 ἀλλων
616 2687 710 2724 σου
744 2671 949 2738 καλῶν,
1000 2672 1204 2743 μᾶλλον
1234 2672 1292 2726 δὲ
1339 2672 1449 2742 πρὸ
1486 2672 1599 2726 τῶν
1638 2672 1833 2735 ἄλλων,

250 2763 512 2834 ἀνάθημα
560 2764 740 2833 τίμιον
781 2764 876 2818 καὶ
941 2765 1123 2834 πάσης
1175 2764 1366 2828 θυσίας
1411 2764 1835 2835 αἱδεσιμώτερον

256 2857 623 2930 ίερουργήσῃς
684 2856 763 2928 τῷ
808 2856 930 2927 Θεῷ
978 2856 1078 2928 τὴν
1142 2856 1592 2926 φιλανθρωπίαν,
1647 2853 1725 2926 τῷ
1777 2858 1836 2910 ἐν

1956 388 2205 459 Gregorii
2226 390 2585 445 sermonibus
2606 389 2674 444 de
2701 390 2906 459 quibus
2935 387 3286 458 quaesivistis,
3316 401 3535 457 meque,

1959 481 2289 547 beatissimi,
2329 498 2429 551 pro
2446 482 2593 537 virili
2626 491 2781 553 parte
2814 497 3096 552 exponere
3125 481 3398 537 voluistis.
3427 483 3537 537 Vo-

1957 572 2159 626 luntati
2189 580 2413 637 vestrae,
2457 584 2519 629 ut
2554 590 2654 644 par
2686 584 2812 640 est,
2850 573 3143 637 obediens.
3168 572 3411 628 disserui
3437 588 3537 644 ego

1956 664 2025 717 de
2050 666 2367 736 conjectura
2399 668 2572 737 magis
2597 666 3041 722 commendando
3063 681 3226 737 quam
3258 664 3538 720 aﬂirman-

1956 758 2048 812 do.
2076 758 2267 829 Neque
2287 760 2438 815 enim
2465 759 2803 830 assequitur,
2832 773 3013 829 neque
3039 759 3258 830 attingit
3281 774 3537 829 magnam

1953 861 2010 906 et
2053 852 2348 907 sublimem
2371 852 2546 908 divini
2594 852 2846 908 doctoris
2871 860 3115 907 mentem
3145 860 3333 906 noster
3367 852 3534 906 intel-

1952 946 2152 1032 lectus,
2204 946 2303 1016 qui
2348 947 2683 1002 voluntariis
2734 946 2919 1001 adhuc
2965 945 3265 1001 affectuum
3328 944 3538 999 aculeis

1954 1037 2274 1107 pungimur,
2303 1053 2543 1107 quorum
2576 1037 2908 1093 vulneribus
2927 1036 3023 1108 qui
3055 1036 3339 1092 sauciatur
3362 1035 3538 1105 magis

1953 1128 2157 1198 gaudet
2181 1145 2349 1199 quam
2393 1130 2488 1200 qui
2523 1130 2794 1184 virtutum
2833 1130 3025 1202 gratiis
3066 1137 3354 1199 purgatur,
3383 1138 3535 1196 post-

1952 1234 2118 1288 quam
2162 1220 2235 1275 ob
2288 1222 2520 1275 multam
2583 1220 2712 1273 mali
2758 1217 3243 1295 consuetudinem,
3285 1216 3532 1271 habitum

1953 1312 2255 1381 assumpsit
2283 1312 2338 1365 in
2382 1321 2669 1380 peccatum
2713 1312 3035 1382 proclivem.
3072 1311 3256 1379 Atque
3280 1308 3327 1362 si
3367 1322 3534 1378 argu-

1952 1408 2141 1455 mento
2190 1416 2292 1456 suo
2323 1401 2533 1471 aliquid
2564 1402 2792 1472 dignum
2832 1400 3039 1454 habere
3087 1398 3174 1453 hae
3197 1396 3532 1479 quaestiones

1949 1493 2110 1549 vobis
2142 1492 2505 1557 videbuntur,
2538 1502 2596 1548 et
2627 1492 2778 1562 quod
2820 1507 2930 1545 non
2963 1504 3194 1559 prorsus
3232 1504 3264 1542 a
3297 1486 3531 1541 veritate

1950 1584 2192 1640 alienum
2223 1585 2316 1649 sit,
2348 1585 2465 1640 Deo
2491 1584 2564 1638 sit
2592 1583 2791 1654 gratia,
2818 1581 2916 1652 qui
2958 1580 3225 1635 humilem
3255 1577 3336 1650 (ut
3362 1578 3530 1632 etiam

1948 1676 2054 1730 hoc
2077 1675 2271 1731 ederet
2308 1674 2664 1746 miraculum)
2701 1683 2757 1729 et
2803 1673 3075 1743 abjectam
3113 1677 3356 1725 mentem
3398 1667 3530 1721 illu-

1945 1761 2177 1816 minavit
2201 1772 2259 1818 et
2301 1770 2490 1834 aptum
2540 1762 2811 1818 orationis
2840 1761 3126 1816 modulum
3170 1774 3271 1829 per
3298 1758 3528 1829 gratiam

1945 1864 2103 1904 suam
2127 1850 2524 1921 suppeditavit,
2553 1860 2617 1905 ut
2641 1851 2791 1920 quod
2817 1848 3075 1920 cogitatis
3108 1854 3443 1922 congrueret
3472 1854 3529 1901 et

1945 1952 2383 1997 consentaneum
2413 1951 2564 1997 esset
2606 1940 2806 1997 litteris
2858 1938 3251 1994 mandaremus
3312 1937 3370 1991 in
3429 1953 3529 1991 ve-

1944 2040 2118 2087 strum
2155 2048 2377 2104 quoque
2409 2032 2763 2088 commodum
2791 2030 2885 2102 qui
2939 2027 3257 2084 mandatum
3293 2025 3528 2081 dedistis

1943 2129 1999 2176 et
2015 2123 2401 2191 precationum
2421 2131 2732 2178 vestrarum
2758 2119 2966 2176 auxilio
2986 2128 3164 2174 totum
3187 2132 3328 2187 opus
3341 2116 3526 2186 auspi-

1943 2216 2129 2273 castis.
2168 2237 2186 2268 ι
2216 2217 2475 2273 Atetiam
2501 2217 2545 2271 si
2576 2230 2745 2285 prave
2764 2223 2823 2269 et
2850 2213 2970 2268 sine
2992 2211 3179 2267 fructu
3207 2225 3239 2264 a
3269 2208 3531 2267 veritate.

1944 2310 2060 2365 sive.
2097 2310 2329 2365 omnino
2350 2309 2466 2366 sive
2487 2306 2554 2363 ex
2580 2317 2759 2379 parte,
2795 2303 3169 2362 aberraverim
3193 2321 3210 2353 ι
3240 2301 3521 2371 (magnum

1942 2403 2091 2458 enim
2136 2404 2457 2459 etdivinum
2500 2403 2557 2457 in
2586 2403 2691 2457 hac
2715 2415 2937 2471 quoque
2978 2412 3145 2454 causa
3183 2394 3284 2450 tibi
3314 2393 3519 2464 Diony-

1943 2497 2084 2552 sium
2115 2495 2338 2565 profero
2368 2493 2822 2564 consolatorem),
2855 2512 2873 2543 ι
2915 2501 3023 2546 tuae
3047 2488 3140 2554 sit,
3173 2502 3393 2558 precor,
3414 2485 3520 2539 hu-

1943 2587 2228 2645 manitatis
2260 2587 2541 2659 corrigere
2566 2600 2693 2642 eum
2720 2585 2816 2655 qui
2851 2584 3058 2639 invitus
3078 2596 3185 2637 nec
3206 2587 3402 2649 sponte
3425 2593 3523 2632 sua

1946 2678 2001 2733 in
2038 2678 2354 2749 ignorantia
2388 2685 2667 2742 versatur,
2690 2683 2747 2730 et
2776 2675 2846 2730 de
2874 2682 3059 2729 vestro
3093 2673 3371 2727 instruere
3395 2682 3524 2721 eum

1943 2770 2039 2839 qui
2086 2770 2290 2824 instrui
2326 2777 2385 2824 et
2430 2776 2587 2839 optat
2631 2777 2689 2821 et
2726 2773 3008 2837 precatur,
3051 2771 3216 2833 atque
3266 2757 3524 2830 prasidio

1944 2876 2067 2916 esse
2096 2860 2147 2915 ei
2171 2862 2260 2917 cui
2292 2875 2411 2921 non
2450 2866 2536 2913 sat
2568 2857 2782 2912 virium
2827 2863 2934 2920 est,
2972 2862 3030 2909 et
3059 2850 3394 2907 medicinam
3445 2846 3526 2902 af-

252 2947 473 3021 οὑρανῷ
515 2947 611 3003 καὶ
656 2948 752 3001 ἐπὶ
793 2946 898 3018 γῆς
944 2948 1096 3019 παρὰ
1150 2949 1328 3042 πάσης
1368 2945 1712 3017 δοξαζομένῳ
1737 2946 1837 3017 τῆς

1948 2944 2093 3001 ferre
2126 2944 2179 2999 ei
2201 2944 2298 3015 qui
2323 2949 2591 3015 mgrotare
2620 2956 2735 2995 non
2760 2939 2901 3003 vult,
2931 2957 2950 2989 ι
2980 2944 3043 2992 ut
3069 2936 3235 2991 etiam
3267 2933 3377 2987 hoc
3399 2945 3526 2984 cum

251 3040 507 3105 κτίσεως,
557 3041 651 3093 καὶ
703 3041 874 3111 μόνην
920 3038 1241 3095 ἀπαιτοῦντι
1282 3027 1413 3111 παρ’
1443 3039 1601 3109 ἡμῶν
1646 3038 1837 3091 θυσίαν

1948 3039 2198 3108 reliquis,
2221 3035 2310 3091 vel
2333 3034 2519 3105 potius
2538 3046 2660 3102 prae
2680 3030 2933 3102 reliquis,
2957 3027 3251 3084 donarium
3282 3024 3526 3111 honora-

251 3131 348 3204 τὴν
379 3134 462 3196 είς
485 3131 750 3204 ἀλλήλους
787 3132 1219 3203 φιλανθρωπίαν.

1924 3118 2086 3196 Ἰήιε,
2117 3127 2382 3196 omnique
2410 3122 2688 3179 sacriﬁcio
2706 3119 3103 3186 venerabilius,
3127 3118 3242 3173 Deo
3272 3110 3525 3169 humani-

255 3233 427 3281 tatem
474 3223 893 3291 sacriﬁcaveris,
936 3225 1034 3295 qui
1081 3224 1140 3278 in
1173 3217 1315 3279 etclo
1363 3231 1420 3276 et
1470 3239 1525 3276 in
1570 3230 1717 3277 terra
1765 3223 1833 3278 ab
1868 3223 2021 3279 omni
2087 3218 2343 3277 creatura
2386 3217 2739 3288 praedicatur,
2806 3215 3010 3285 quique
3049 3212 3227 3266 solum
3281 3225 3312 3263 a
3360 3207 3522 3263 nobis

252 3319 502 3389 postulat
524 3316 857 3373 sacrificium
890 3315 1291 3371 humanitatem
1316 3329 1446 3383 erga
1467 3313 1624 3367 alios.

317 3467 433 3537 (7'5)
491 3468 712 3540 Dionys.
765 3467 1033 3536 Areopag.
1069 3463 1145 3517 De
1167 3462 1327 3516 divin.
1362 3460 1624 3515 nominib.
1661 3475 1781 3530 cap.
1820 3459 1842 3511 1

1948 3472 1986 3523 ).
2024 3455 2150 3518 554,
2186 3461 2320 3507 tom.
2357 3453 2399 3507 Ι.
2427 3452 2565 3522 Opp.
2598 3450 2666 3504 ed
2696 3451 2888 3507 Venet.

1703 3688 2128 3702 ψ

258 3882 320 3941 S.
360 3878 614 3941 Maximi
666 3877 917 3942 Scholia
963 3877 1030 3938 in
1074 3835 1151 3937 B.‘
1198 3876 1563 3955 Dionysium
1604 3874 2044 3956 Areopagitam
2099 3870 2556 3951 exstant‘inter
2606 3885 2803 3950 opera
2848 3867 3048 3948 ipsius
3099 3867 3533 3947 Areopagitae,

332 3983 602 4065 hujusce
643 3983 1016 4062 Patrologiaa
1063 3988 1219 4045 tom.
1252 3982 1364 4056 IV;
1405 3980 1540 4060 ejus
1579 3997 1729 4042 vero
1777 3981 2156 4061 Computum
2208 3977 2700 4043 ecclesiasticum
2744 3973 3035 4038 dedimus
3067 3972 3235 4034 inter
3272 3970 3529 4051 supple-

333 4090 554 4147 menta
580 4083 660 4146 ad
691 4083 947 4146 Eusebii
991 4082 1370 4156 Chronicon,
1415 4087 1567 4143 tom.
1604 4082 1773 4155 XIX,
1808 4080 1930 4143 col.
1970 4079 2146 4142 1217.

893 4510 987 4599 S.
1065 4507 1515 4599 MAXIM]
1595 4506 2392 4602 CONFESSORIS
2462 4506 2911 4595 HYMNI.

1250 4726 1491 4789 (DANIEL,
1523 4725 1778 4781 Thcsaur.
1810 4721 2136 4795 Iiyninolog.,
2171 4726 2260 4791 Ill,
2295 4726 2363 4781 97
2395 4725 2574 4795 seqq.)
2664 4796 2667 4799 ὗ

254 5024 491 5096 "nitor;
526 5016 1015 5096 Αεῠχᾳριστήριος
1087 5013 1326 5096 Hymnus
1362 5016 1844 5096 ςιναιξᾳναῃιαρείοτ

328 5082 433 5148 ἇιαί
469 5082 485 5088 ’
518 5082 810 5157 [rescriptae
867 5082 1016 5153 πρὸς
1141 5082 1241 5137 ἠὶε
1272 5092 1320 5137 ει
1351 5082 1750 5154 supplicationis
1776 5086 1844 5137 ad

331 5164 504 5218 Θεόν.
1170 5153 1355 5210 Deum.

258 5298 481 5372 Λειμών
527 5317 594 5371 με
637 5294 858 5367 τλήμον’
891 5293 1017 5363 ἔσχε
1089 5290 1232 5347 Olim
1264 5305 1352 5345 me
1386 5295 1608 5344 beatum
1645 5288 1846 5430 eniam

257 5436 451 5506 Πάλαι,
482 5435 664 5504 φυτῶν
692 5433 952 5504 ἀρίστων,
1088 5429 1385 5487 Paradisus
1464 5427 1837 5506 iucundafum

320 5520 331 5525 ·
441 5497 508 5506 ”
734 5497 825 5553 ’.
938 5497 944 5498 ⁷
1476 5497 1834 5570 [plantarum,

581 5624 852 5683 PnaOL.
899 5619 1018 5681 Gn.
1074 5602 1249 5679 XO].

2771 5015 2911 5082 Quin
2965 5015 3061 5069 Dei
3091 5015 3291 5069 summi
3340 5062 3350 5069 .

2771 5085 3132 5139 lnenarrabili
3178 5085 3524 5154 providentia

2772 5156 3087 5225 Amoreque
3116 5155 3234 5223 pari

2776 5225 2985 5280 Lumen
3045 5226 3192 5281 istud
3227 5240 3330 5296 ego
3371 5225 3526 5281 vide-

2776 5365 2813 5367 ᾉ
3099 5366 3108 5367 7
3349 5294 3522 5367 [bam,

3411 5310 3522 5360 am,

2774 5365 2972 5420 Factus
2997 5381 3064 5420 ex
3097 5366 3228 5421 limo
3257 5365 3421 5420 terrae
3514 5377 3525 5387 '
3602 5422 3605 5427 ,

2772 5435 3101 5505 Iiabensque
3122 5445 3388 5507 praeterea
3415 5435 3529 5504 spi-

3301 5504 3493 5577 [ritum
3505 5542 3524 5572 ,

1941 5012 2122 5086 Ἷῐμος
2156 5014 2292 5069 Θεοῦ
2332 5017 2590 5086 μεγίστου

1956 5084 2079 5157 ῗϊπ’
2111 5084 2376 5157 ἀφράστὲρ
2412 5087 2640 5157 προνοίη

1946 5144 2237 5242 ἒιξρωτίζτξ
2268 5144 2529 5242 ίσοροίρῳ
2564 5144 2622 5242 ﬂ.

1942 5225 2061 5287 Φῶς
2089 5226 2237 5278 τοῦτ’
2277 5225 2388 5291 ὲγὼ
2427 5225 2696 5293 κατεῖδον,

1944 5294 2215 5359 Πλασθεὶς
2244 5296 2365 5367 χοὸς
2390 5297 2591 5368 γεηροῦ

1940 5431 2050 5484 Καὶ
2098 5433 2317 5507 πνεῦμα
2372 5435 2698 5578 προσλαῗών

2615 5524 2695 5572 τε,

2615 5524 2695 5572 τε,

3071 5623 3148 5683 1ιὸ
