3938 6148
275 415 407 483 1429
1675 420 2061 509 εΕΝνιςυιιιΑ
2100 421 2150 482 I.
2218 352 2236 375 ⁸
2620 386 2654 509 _'
3376 415 3515 487 uso

337 530 403 584 θ’.
446 529 695 599 Κρὺπτει
715 527 803 582 τὸν
834 528 1027 598 φθόνον
1059 531 1117 583 ὲν
1153 530 1394 601 σχήματι
1418 530 1648 597 εὐνοίας,
1685 535 1713 584 ὁ
1740 531 1834 597 ψό-
1867 535 1892 588 Δ

2009 531 2061 586 9.
2108 529 2223 585 Sub
2269 528 2666 584 benevolentiae
2709 526 2912 600 habitu.
2961 527 3191 582 livorem
3249 533 3510 599 occultat,

270 640 362 693 γον
388 622 463 693 τῷ
487 623 700 692 ἀδελφῷ
721 622 780 687 ἐξ
812 622 1062 695 ἑτέρω[ν]
1089 623 1429 695 προσφέρων.

1954 622 2032 692 ιιιί
2081 622 2304 677 fratrem
2328 620 2483 690 quasi
2511 634 2579 674 ex
2623 619 2805 675 alieno
2834 635 2931 675 ore
2976 621 3241 677 conviciis
3268 623 3509 678 lacessit.

341 723 392 768 t'.
435 715 647 785 ’Ὠσπερ
680 714 734 767 αι
769 716 1030 786 σαρκικαὶ
1057 715 1250 785 ἀρεταὶ
1275 714 1374 785 τὴν
1402 714 1508 767 τῶν
1538 710 1839 784 ἀνθρώπων

2014 715 2102 768 10.
2140 714 2208 770 Ut
2245 713 2491 767 carnales
2518 712 2752 767 virtutes
2782 713 3101 779 humanam,
3150 715 3225 769 ita
3255 724 3312 771 et
3338 716 3503 790 spiri-

271 805 446 871 δόξαν,
483 805 626 858 οὕτω
651 806 748 859 καὶ
784 807 841 858 αί
874 806 1252 877 πνευματικαὶ
1283 805 1382 875 τὴν
1413 803 1506 859 τοῦ
1543 804 1681 857 Θεοῦ
1714 805 1826 857 ἐπι·

1342 823 1382 875 ιν
1413 803 1506 859 τοῦ
1543 804 1681 857 Θεοῦ
1714 805 1837 857 ἐπι·
1940 807 2116 862 tuales
2158 805 2255 861 Dei
2304 805 2534 876 gloriam
2582 803 2897 860 conciliant.

274 914 540 951 σπῶνται.

343 994 432 1042 ια’.
487 988 702 1057 Ἀγάπη
741 987 837 1040 καὶ
898 987 1197 1056 ἐγκράτεια
1257 986 1438 1058 ψυχὴν
1488 986 1839 1059 καθαίρουσι·

2011 1000 2099 1054 11.
2149 997 2404 1054 Charitas
2436 1003 2496 1054 et
2525 996 2867 1053 continentia
2914 996 3154 1059 animam
3199 996 3517 1066 puriﬁcaut.

273 1083 395 1137 νοῦν
421 1083 478 1137 δὲ
501 1079 810 1152 λαμπρύνει
836 1080 1114 1151 προσευχὴ
1149 1078 1384 1149 καθαρά.

1941 1098 2183 1146 mentem
2203 1104 2334 1145 vero
2356 1104 2512 1160 pura
2537 1103 2731 1158 preces
2760 1089 3062 1144 illustrant.

344 1174 434 1244 ιβ’.
475 1172 710 1237 Δυνατδς
754 1171 893 1242 ἀνὴρ
925 1171 1133 1233 ἐκεῖνος
1177 1172 1440 1242 ὑπάρχει,
1470 1172 1500 1224 ὁ
1523 1167 1722 1241 πράξει
1749 1170 1845 1223 καὶ

2014 1182 2100 1237 12.
2142 1183 2283 1239 Vere
2313 1190 2512 1252 potens
2540 1181 2626 1235 vir
2651 1188 2757 1244 est.
2788 1180 2885 1251 qui
2908 1189 2964 1236 et
2988 1195 3158 1250 opere
3196 1190 3255 1236 et
3283 1179 3516 1237 scientia

274 1265 471 1336 γνώσει
492 1265 590 1335 τὴν
616 1266 818 1318 κακίαν
848 1263 1190 1321 ἀπελαύνων.

968 1263 1190 1341 λαύνων.
1943 1272 2211 1327 malitiam
2254 1281 2523 1329 removet.

345 1365 433 1427 ιγ’.
475 1352 615 1427 Εὗρε
648 1357 811 1429 χάριν
838 1349 999 1423 οὗτος
1044 1355 1196 1429 παρὰ
1237 1355 1317 1427 τῷ
1346 1355 1486 1428 Θεῷ,
1520 1358 1548 1410 ὁ
1575 1342 1845 1415 ἀπάθειαν

1997 1358 2103 1416 ⁷13.
2119 1362 2365 1433 Magnam
2388 1362 2534 1433 apud
2552 1362 2723 1416 Deum
2746 1361 2980 1431 gratiam
3003 1361 3233 1425 invenit,
3257 1362 3352 1431 qui
3373 1361 3525 1416 seda-

276 1451 615 1523 κτησάμενος
649 1450 742 1506 καὶ
761 1450 962 1520 γνῶσιν
987 1450 1384 1522 πνευματικήν.

1970 1454 2016 1511 is
2044 1454 2336 1510 all‘ectibus
2358 1453 2729 1524 cognitionem
2759 1452 3132 1523 spiritualium
3159 1453 3393 1522 adeptus
3420 1461 3525 1507 est.

347 1544 429 1597 ιδ’.
471 1543 762 1613 Λογισμῶν
807 1543 1074 1615 ἐμπαθῶν
1128 1546 1178 1599 εί
1226 1546 1612 1618 περιγενέσθαι
1663 1545 1846 1620 θέλῃς,

2017 1547 2104 1602 14.
2150 1545 2210 1602 Si
2248 1546 2610 1617 cogitationes
2635 1545 2822 1600 animo
2859 1543 3090 1600 infestas
3127 1544 3526 1615 deessecupis,

278 1635 604 1706 ἐγκράτειαν
626 1635 847 1706 κτῆσαι,
873 1635 968 1690 καὶ
987 1637 1209 1708 ἀγάπην
1242 1638 1378 1709 πρὸς
1405 1641 1532 1703 τοὺς
1560 1640 1806 1710 πλησίον.

1760 1656 1806 1692 ν.
1945 1636 2106 1693 stude
2141 1636 2498 1692 continentia:
2521 1650 2587 1691 ac
2614 1634 2873 1690 charitati
2900 1635 2956 1689 in
2981 1634 3315 1705 proximum.

350 1730 432 1779 ιε’.
474 1724 713 1791 ⁴Ιιύλαξον
768 1725 963 1779 σαυτὸν
1009 1726 1118 1780 ἀπὸ
1171 1729 1444 1800 ἀκρασίας
1488 1729 1585 1783 καὶ
1629 1729 1841 1799 μίσους,

2019 1726 2107 1784 15.
2136 1727 2208 1783 Ut
2240 1726 2297 1780 in
2330 1735 2579 1796 tempore
2605 1739 2837 1795 precum
2865 1733 3085 1780 tuarum
3120 1734 3320 1781 cuncta
3352 1725 3529 1780 faces-

278 1814 371 1866 καὶ
403 1812 477 1884 μὴ
510 1812 679 1885 εὕρῃς
707 1813 1043 1885 πρόσκομμα
1074 1815 1133 1869 ἐν
1167 1816 1347 1887 καιρῷ
1380 1815 1694 1887 προσευχῆς
1726 1832 1833 1871 σου.

1882 1874 1922 1887 _
1948 1823 2071 1871 sant
2103 1815 2458 1881 oﬁ‘endicula,
2491 1828 2623 1870 cave
2649 1812 2720 1869 ab
2750 1813 3176 1883 intemperantia
3201 1821 3258 1868 et
3285 1812 3436 1867 odio.

349 1874 445 1969 ιςλ.
464 1874 700 1974 "chap
736 1874 837 1957 οὑκ
863 1874 1011 1959 ἐστιν
1043 1905 1225 1976 εὑρεῖν
1250 1874 1848 1991 ἐν’βορὸόρῳᾛρώμα-
1881 1874 1904 1934 ι

2021 1906 2109 1960 16.
2158 1906 2231 1963 Ut
2268 1906 2324 1960 in
2384 1919 2543 1961 cceno
2572 1911 2821 1959 aromata
2861 1919 2974 1959 non
3022 1904 3405 1969 inveniuntur,
3458 1903 3530 1958 ita

275 2013 363 2063 τα,
398 1994 571 2063 οὕτως
596 1995 704 2051 οὐδ’
723 1997 783 2051 ὲν
803 1997 950 2068 ψυχῇ
976 1999 1320 2068 μνησικάκου
1351 2000 1571 2070 ἀγάπης
1594 1998 1823 2053 εὐωδίαν

1975 2012 2134 2068 teque
2175 1996 2465 2052 charitatis
2494 1996 2870 2052 suaveolentia
2899 1994 2957 2051 in
2984 1995 3167 2050 anima
3201 1995 3530 2066 injuriarum

999 2107 1006 2113 ’
1951 2105 2205 2145 emori.

350 2178 434 2242 ιζ’.
477 2177 687 2247 Κράτει
728 2176 993 2246 γενναίως
1031 2175 1204 2249 θυμοῦ
1250 2179 1345 2232 καὶ
1397 2180 1715 2251 ἐπιθυμίας,
1761 2181 1854 2235 καὶ

2024 2182 2110 2236 17.
2158 2172 2461 2235 Iracundia
2507 2185 2566 2233 et
2612 2179 3075 2249 concupiscentia
3118 2193 3384 2249 generose
3431 2176 3534 2233 im-

282 2267 534 2339 πονηρῶν
562 2267 842 2340 λογισμῶν
864 2268 1098 2339 τάχιστα
1122 2269 1463 2341 ἀπαλλάττῃ.

1979 2288 2107 2338 »ει-ιι,
2159 2280 2215 2326 et
2277 2270 2607 2341 quantocius
2660 2287 2693 2326 a
2735 2269 2896 2327 malis
2940 2270 3370 2341 cogitationibus
3422 2269 3534 2324 eris

1952 2360 2188 2416 alienus.

349 2450 441 2513 ιη’.
498 2444 736 2514 Ἀναιρεϊ
777 2441 1086 2508 κενοδοξίαν
1117 2444 1151 2514 ἡ
1176 2447 1394 2516 κρυπτὴ
1456 2445 1714 2515 ἐργασία,
1752 2445 1853 2499 ἀπ-

2027 2449 2114 2504 18.
2152 2450 2374 2505 Inanem
2413 2448 2646 2520 gloriam
2687 2449 2957 2514 abolebis,
2994 2463 3161 2519 opera
3198 2448 3415 2503 occulte
3456 2446 3534 2501 l'a-

279 2534 490 2590 ελαύνει
527 2535 583 2589 δὲ
616 2534 993 2606 ὑπερηφανίαν
1013 2536 1074 2588 τὸ
1107 2535 1310 2606 μηδένα
1338 2535 1657 2600 ὲξουθενεῐν.
1736 2563 1743 2573 ·

1977 2539 2194 2606 :iendo;
2237 2539 2553 2610 superbiam
2588 2555 2753 2604 vero,
2802 2540 3081 2595 neminem
3105 2537 3532 2594 contemnendo.

354 2625 441 2678 ιϐ’.
486 2625 649 2679 Ἵδιον
697 2624 1003 2689 κενοδοξίας
1047 2625 1335 2694 ὑπόκρισις
1370 2626 1464 2680 καὶ
1502 2625 1727 2696 ψεῦδοςο
1758 2626 1855 2698 τῆς

2028 2633 2114 2688 19.
2142 2633 2326 2688 Inanis
2356 2633 2546 2703 gloria
2577 2633 2810 2687 comites
2839 2642 2973 2688 sunt
2994 2632 3275 2687 simulatio
3302 2641 3359 2687 et
3383 2648 3536 2687 men-

279 2713 334 2767 δὲ
357 2714 754 2784 ὑπερηφανίας,
779 2716 813 2784 ὴ
843 2715 1019 2785 οἴησις
1055 2715 1151 2768 καὶ
1179 2714 1390 2783 φθόνος.

1865 2769 1869 2773 .
1956 2723 2204 2790 dacium;
2232 2723 2511 2793 superbia
2540 2731 2748 2789 autem,
2789 2724 3034 2795 suspicio
3058 2731 3114 2779 et
3146 2723 3370 2777 invidia.

355 2813 424 2859 κ’.
468 2807 686 2877 ’Ἄρχων
725 2806 935 2870 ἐκεῖνος
982 2808 1012 2860 ὁ
1057 2807 1250 2861 ἑαυτοῦ
1303 2806 1498 2879 ἄρξας,
1550 2809 1646 2863 καὶ
1677 2808 1856 2880 ψυχὴν

2079 2813 2117 2866 ).
2149 2814 2455 2882 Imperator
2490 2814 2803 2869 censendus
2831 2822 2937 2881 est,
2981 2815 3077 2884 qui
3120 2815 3301 2870 anima
3329 2822 3386 2869 et
3413 2829 3538 2870 cor-
3624 2882 3634 2891 .

286 2898 380 2951 καὶ
419 2897 578 2968 σῶμα
604 2897 680 2968 τῷ
706 2898 851 2969 λόγῳ
872 2899 1171 2964 ὑποτάξας.
1840 2958 1841 2967 η

1840 2950 1881 2983 θ
1958 2919 2093 2974 pore
2137 2905 2340 2959 rationi
2379 2906 2664 2976 subjectis,
2697 2921 2757 2961 se
2789 2907 2969 2976 ipsum
2997 2906 3221 2962 rexerit.

259 3060 265 3072 Ι
354 2990 459 3045 κα⁹.
502 2992 820 3062 ,Γνησιότης
879 2992 1035 3062 φίλου
1093 2996 1152 3048 ὲν
1210 2994 1504 3066 πειρασμῷ
1562 2994 1814 3049 δείκνυτα

2034 2995 2125 3050 21.
2176 2994 2479 3053 Sinceritas
2532 2997 2695 3052 amici
2740 2998 2796 3052 in
2844 2999 3151 3053 tentatione
3204 2997 3537 3063 ostenditur,

283 3085 445 3154 ἡνίκα
468 3084 568 3154 τῆς
594 3083 841 3154 ἀνάγκης
866 3086 1232 3153 συγκοινωνὸς
1261 3086 1506 3157 γένηται.

1962 3086 2186 3155 quando
2221 3086 2436 3142 scilicet
2472 3088 2529 3142 in
2561 3089 2893 3146 necessitate
2920 3089 3314 3145 communicat.

359 3176 463 3246 κβ¹.
517 3175 840 3245 Ἀσφάλισαι
896 3177 995 3240 τὰς
1046 3178 1458 3249 αἶσθήσειςιτῷ
1528 3178 1717 3249 τρόπῳ
1758 3178 1914 3271 τῆς(

2034 3178 2123 3231 22.
2156 3176 2364 3233 Sensus
2386 3179 2562 3242 muni,
2593 3187 2651 3233 et
2669 3179 2843 3249 quieti
2872 3180 3227 3244 assuefacito,
3257 3181 3541 3252 cogitatio-

174 3302 199 3321 .
285 3268 537 3338 ἡσυχίας,
574 3269 670 3322 καὶ
709 3268 933 3322 δίκασον
959 3268 1085 3333 τοὺς
1129 3268 1426 3339 λογισμοὺς
1453 3267 1729 3337 ἐφεστῶτα

1630 3267 1768 3330 ῶτας
1795 3270 1861 3337 τῇ
1901 3266 1929 3271 ’⁷
1966 3282 2065 3321 nes
2100 3281 2231 3321 vero
2267 3266 2324 3319 in
2354 3275 2581 3336 pectore
2615 3279 2901 3323 versantes
2924 3269 3185 3339 justilica.

434 3361 448 3397 ι

434 3361 508 3414 ία.

288 3359 474 3519 κᾶε-ξ’..
507 3450 651 3522 Πρὸς
702 3450 828 3513 τοὺς
862 3447 1142 3520 λυπηροὺς
1192 3447 1508 3517 λογισμοὺς,
1554 3442 1843 3515 ἀμνησικάι

2035 3437 2125 3493 25.
2159 3436 2622 3508 Cogitationibus,
2666 3439 2714 3494 si
2759 3438 3041 3493 tristitiam
3076 3438 3278 3505 ferant,
3326 3438 3540 3508 placide

290 3561 400 3606 κως
457 3543 703 3598 ἀπάντα·
753 3542 891 3615 πρὸς
936 3543 992 3595 δὲ
1058 3542 1185 3604 τοὺς
1224 3538 1539 3609 φιληδόνους
1580 3532 1845 3607 ἐχθρωδῶε

1984 3538 2024 3584 ει
2078 3530 2289 3599 absque
2339 3530 2694 3585 acerbatione
2751 3544 3041 3596 occurras;
3069 3530 3153 3585 sin
3216 3530 3539 3599 voluptaria

287 3636 550 3690 διάκεισο,
1930 3620 1936 3627 ’
1966 3621 2175 3677 fuerint
2201 3621 2639 3686 et-illecebrosa,
2683 3621 2963 3676 hostiliter
2990 3636 3121 3692 erga
3153 3637 3246 3676 eas
3280 3620 3542 3677 atliciare.

362 3723 464 3778 κδ’.
516 3721 747 3793 Ἡσυχία
794 3722 887 3776 καὶ
924 3719 1222 3792 προσευχὴ,
1256 3718 1351 3773 καὶ
1396 3717 1611 3787 ἀγάπη.
1643 3716 1739 3769 καὶ
1770 3719 1867 3782 ἐγ·

2035 3713 2126 3767 24.
2169 3711 2486 3777 Silentium,
2536 3727 2752 3784 preces,
2798 3712 3042 3768 charitas
3076 3721 3133 3768 et
3177 3713 3540 3777 continentia,

291 3814 520 3883 κράτεια
548 3806 918 3883 τετράπλοκόν
949 3814 1098 3863 ἔστιν
1139 3808 1313 3880 ἅρμα,
1367 3808 1445 3870 είς
1491 3803 1752 3875 οὐρανοὺς
1779 3803 1843 3856 ἅν

1988 3807 2281 3878 [uadrijugi
2326 3806 2455 3877 equi
2500 3815 2629 3861 sunt
2668 3813 2911 3862 mentem
2964 3814 3023 3862 et
3063 3807 3119 3861 in
3156 3807 3358 3862 calum
3413 3807 3543 3862 sub—

289 3905 423 3973 άγον
444 3904 533 3958 τὸν
554 3903 698 3957 νοῦν.

696 3944 698 3953 ι
1968 3897 2251 3952 vehentes.

364 3995 461 4049 κε’.
502 3996 677 4066 Τῆξον
715 3995 816 4065 τὴν
864 3993 1041 4063 σάρκα
1081 4008 1176 4046 σου
1226 3992 1411 4061 ἀσιτίᾳ
1441 3990 1535 4043 καὶ
1569 3985 1865 4057 ἀγρυπνίᾳ,

2038 3989 2126 4043 25.
2161 3990 2407 4044 Extenua
2436 4004 2659 4044 carnem
2686 3989 2871 4045 inedia
2903 3997 2961 4044 et
2984 3989 3207 4059 vigiliis,
3249 3989 3544 4058 statimque

292 4091 390 4144 καὶ
421 4089 748 4152 ἀπελαύνεις
779 4089 868 4141 τὸν
890 4089 1084 4156 δήμιον
1118 4086 1219 4155 τῆς
1247 4084 1443 4156 ἡδονῆς
1469 4078 1759 4149 λογισμοῦ.

1971 4079 2284 4134 carniﬁcem
2325 4079 2624 4148 voluptatis
2667 4079 2973 4150 appetitum
3016 4079 3353 4135 eliminabis.

364 4181 617 4248 ἰς’-,Ὡς
652 4182 879 4247 τήκεται
919 4179 1088 4248 κηρὸς
1152 4176 1260 4231 ἀπὸ
1332 4174 1623 4244 προσώπου
1677 4169 1869 4239 πυρὸς,

2040 4169 2131 4223 26.
2167 4168 2309 4223 Sicut
2338 4170 2456 4240 ﬂuit
2482 4185 2603 4223 cera
2637 4188 2670 4224 α
2703 4169 2848 4238 'facie
2893 4170 3029 4240 ignis
3067 4182 3116 4234 ι,
3160 4169 3240 4224 sic
3287 4184 3317 4223 a
3352 4169 3549 4223 timore

290 4274 463 4336 οὕτως
494 4272 602 4325 ἀπὸ
628 4271 792 4339 φόϐου
816 4270 951 4324 Θεοῦ
985 4269 1291 4341 ἀκάθαρτος
1322 4268 1597 4336 λογισμός.

1142 4286 1291 4341 ιρτος
1322 4268 1597 4336 λογισμός.
1973 4260 2068 4313 Dei
2117 4260 2388 4329 impurior
2416 4259 2697 4331 cogitatio.

369 4361 470 4425 κζ’.
515 4361 671 4432 Κακὴ
707 4360 880 4431 ζημία
918 4358 1099 4429 ψυχῆς
1136 4360 1364 4430 συνετῆς
1411 4359 1725 4429 ἐγχρονίςαι
1770 4358 1873 4409 πάι

2045 4353 2134 4405 27.
2181 4352 2399 4407 Grande
2448 4353 2653 4407 malum
2681 4360 2739 4408 et
2780 4351 3194 4408 incommodum
3231 4351 3431 4406 anima
3468 4368 3554 4436 sa-

296 4454 380 4507 θει
405 4453 610 4523 ψεκτῷ.
650 4522 658 4528 _
1976 4448 2169 4515 pienti,
2201 4445 2243 4500 si
2269 4459 2422 4500 mens
2443 4443 2843 4528 exprobranda
2888 4442 3296 4514 perturbationi
3328 4442 3549 4498 diutine

1908 4559 1947 4612 ῃ
1980 4537 2322 4591 immoretur.

367 4625 474 4696 κη’.
526 4626 853 4695 ’Υπόμεινον
885 4624 983 4686 τὰς
1012 4613 1119 4675 τῶν
1156 4622 1417 4693 λυπηρῶν
1457 4624 1549 4675 καὶ
1591 4624 1869 4695 ὀδυνηρῶν

2038 4631 2129 4685 ‘28.
2152 4629 2415 4684 Tristium
2466 4626 3014 4698 arumnosorumque
3033 4635 3337 4681 eventuum
3360 4626 3547 4696 plagas

295 4719 621 4785 ἐπαγωγὰς·
654 4716 741 4770 διὰ
769 4716 878 4787 γὰρ
901 4712 1105 4768 τούτων
1136 4732 1197 4767 σε
1231 4713 1485 4787 καθαίρει
1525 4717 1559 4786 ἡ
1601 4716 1694 4769 τοῦ
1731 4714 1850 4768 Θεοί

2004 4724 2247 4778 ποιὶθηιιιν
2282 4719 2522 4784 sustine;
2574 4718 2778 4774 talibus
2820 4714 2968 4773 enim
3014 4716 3311 4786 prudentia
3356 4716 3559 4775 divina

297 4811 551 4882 πρόνοια.

1979 4825 2029 4869 te
2060 4813 2334 4884 purilicat.
3053 4806 3056 4809 ’
3430 4866 3438 4873 λ

369 4901 473 4957 κθ’,
525 4900 717 4971 Ῥίψας
758 4900 858 4971 τὴν
883 4899 1018 4972 ὓλην
1054 4902 1150 4955 καὶ⁵
1186 4900 1265 4972 τῷ
1291 4901 1483 4970 κόσμῳ
1516 4898 1870 4967 ἀποταξάμε-

2042 4905 2133 4961 ‘29.
2165 4903 2266 4960 Ubi
2307 4901 2595 4956 materiam
2629 4898 2927 4969 abieceris,
2969 4897 3293 4967 mund0que
3342 4898 3550 4952 dixeris

296 5015 417 5061 νος·
448 4994 718 5060 ἁπόταξαι
744 4995 930 5049 λοιπὸν
954 4996 1048 5048 καὶ
1075 4997 1188 5059 τοῖς
1215 4996 1474 5066 πονηροῖς
1498 4994 1798 5063 λογισμοῖς.

1998 4998 2134 5062 vale,
2191 4995 2488 5063 reliquum,
2518 4990 2800 5061 utpravis
2834 4999 2891 5045 et
2917 4989 3176 5044 inanibus
3203 4989 3372 5042 etiam
3405 4990 3553 5057 cogi.-

905 5077 913 5085 .
1989 5088 2291 5143 tationibus
2333 5085 2641 5139 reuunties.

370 5178 435 5232 λ’.
482 5175 643 5228 Ἴδιον
686 5174 847 5246 ἔργον
888 5174 1124 5245 ὑπάρχει
1161 5173 1253 5226 τοῦ
1287 5171 1401 5237 νοῦ,
1430 5171 1489 5224 τὸ
1525 5170 1707 5238 λόγοις
1740 5170 1873 5223 Θεοῦ

2054 5178 2143 5232 50.
2187 5175 2475 5245 Proprium
2518 5172 2720 5230 mentis
2768 5188 2908 5243 opus
2952 5182 3056 5237 est,
3099 5187 3295 5243 vacare
3343 5186 3562 5240 semper

304 5268 589 5339 σχολάζειν
614 5267 722 5323 ἀεί.

1981 5270 2166 5339 verbis
2212 5268 2327 5323 Dei.

375 5360 478 5412 λα’.
524 5357 734 5427 Ὠσπερ
784 5354 944 5426 ἔργον
989 5355 1125 5408 Θεοῦ
1165 5354 1442 5425 διοικῆσαι
1497 5356 1588 5408 τὸν
1650 5355 1874 5425 κόσμον,

2060 5359 2149 5413 51.
2190 5359 2258 5413 Ut
2305 5356 2398 5410 Dei
2423 5370 2562 5424 opus
2585 5360 2669 5408 est
2708 5366 2900 5422 regere
2931 5350 3224 5415 mundum,
3254 5350 3328 5405 ita
3355 5358 3410 5404 et
3442 5350 3561 5404 aui~

302 5450 447 5504 οὕτω
465 5450 571 5503 ικαὶ
598 5448 774 5519 ψυχῆς
796 5448 1065 5518 κυϐερνᾷν
1089 5446 1148 5499 τὸ
1176 5446 1354 5517 σῶμα.

1122 5446 1148 5498 ὺ
1176 5446 1354 5517 σῶμα.
1991 5467 2092 5505 ma
2123 5450 2428 5520 gubernare
2460 5460 2677 5514 corpus.

381 5538 482 5609 λβ’.
526 5539 663 5609 Ποία
713 5537 887 5591 ἐλπίδι
915 5537 993 5606 τῷ
1036 5536 1258 5605 Χριστῷ
1299 5537 1710 5607 άπαντήσομεν,
1761 5539 1882 5598 ταῖς

2059 5542 2149 5595 3‘2.
2183 5539 2299 5605 Qua
2329 5554 2424 5607 spe
2475 5531 3118 5597 occurremus.Christo,
3157 5532 3339 5587 adhuc
3367 5545 3564 5601 carpo-

309 5629 408 5699 τῆς
440 5629 639 5699 σαρκὸς
667 5629 880 5698 ἡδοναῖς
917 5628 1079 5696 μέχρι
1117 5626 1209 5680 τοῦ
1239 5627 1332 5681 νῦν
1354 5626 1693 5690 δουλεύοντες
1718 5644 1731 5691 ;

1355 5626 1693 5690 δουλεύοντες
1718 5644 1731 5691 ;
1992 5626 2101 5681 rcis
2148 5624 2521 5696 voluptatibus
2567 5620 2910 5677 servientes?

387 5820 404 5839 '
436 5808 576 5866 Psal.
615 5824 778 5874 vau,
810 5806 864 5862 5.
