3938 6148
426 402 560 465 1131

1631 376 2066 456 .THALASSII
2104 396 2422 455 ABBATIS

3593 374 3721 439 M32

487 508 579 564 35.
612 506 1002 561 Erumnarum
1037 504 1154 560 sive
1190 514 1387 574 sponte
1426 512 1860 573 assumptarum,
1887 504 2003 557 sive

2177 504 2279 569 λγ’.
2333 503 2575 572 Ἀναιρεϊ
2618 500 2809 571 ἡδονὴν
2868 494 3215 550 κακοπάθεια
3277 491 3387 546 καὶ
3453 489 3637 557 λύπη,
3689 489 3717 558 ἦ

354 660 359 667 ,
419 601 606 656 divina
624 597 971 669 providentia
992 597 1363 662 inductarum,
1384 596 1673 652 tolerantia
1692 604 1747 650 et
1771 610 1997 660 maeror,

420 690 924 761 concupiscentiam
968 680 1315 744 interimunt.

492 783 580 838 54.
616 782 862 837 Avaritia
900 797 1001 851 per
1041 796 1101 836 se
1144 781 1379 835 materia
1430 780 1818 844 aﬂ‘ectionum;
1862 796 2000 848 qua-

426 889 571 940 rum,
605 872 912 943 pnesertim
938 872 1409 933 illecebrosarum.
1433 871 1624 925 nullus
1650 869 1761 924 erit
1782 869 2000 932 modus,

425 968 474 1022 si
515 965 833 1023 iuvaluerit.

496 1057 585 1112 55.
618 1056 975 1126 Voluptatum
1002 1055 1236 1125 penuria
1260 1070 1462 1125 parens
1490 1062 1576 1109 est
1600 1053 1878 1116 tristitiae;
1910 1066 2006 1105 vo-

424 1148 625 1219 luptati
668 1163 801 1203 vero
829 1148 981 1202 nulla
1034 1163 1144 1202 non
1195 1148 1544 1217 perturbatio
1576 1146 1871 1215 conjuncta
1896 1150 2004 1197 est.

499 1239 589 1294 56.
630 1238 748 1304 Qua
785 1254 1043 1293 mensura
1086 1239 1307 1308 corpori
1351 1247 1448 1291 tuo
1490 1236 1725 1300 meritis,
1764 1233 2008 1289 vicissim

428 1330 528 1387 tibi
572 1330 898 1385 remetiatur
942 1330 1089 1385 Deus
1139 1330 1189 1382 ιν.

497 1420 588 1476 57.
624 1420 949 1475 Divinorum
997 1434 1167 1489 opera
1206 1417 1548 1489 iudiciorum
1587 1428 1739 1482 sunt,
1773 1416 2011 1471 retribu-

430 1510 612 1566 tiones
636 1525 831 1566 eorum
859 1525 983 1580 quae
1007 1525 1106 1578 per
1143 1523 1377 1577 corpora
1403 1515 1536 1563 sunt
1568 1515 1899 1576 perpetrata.

504 1600 595 1656 38.
623 1600 1096 1656 lmmortalitatem
1126 1599 1269 1668 parit
1297 1603 1475 1653 virtus
1498 1613 1564 1653 ac
1592 1598 1821 1654 scientia
1843 1614 1860 1663 ;
1882 1612 2015 1653 con-

434 1701 540 1758 tra,
586 1708 777 1747 earum
810 1692 1049 1762 privatio
1100 1690 1296 1747 mortis
1342 1700 1432 1745 est
1470 1700 1668 1745 mater.

503 1783 593 1839 59.
622 1782 871 1838 Tristitia
907 1797 1032 1852 quae
1061 1781 1369 1837 secundum
1413 1780 1589 1835 Deum
1617 1787 1723 1844 est,
1755 1777 2017 1833 libidines

433 1881 493 1929 et
536 1872 1023 1944 concupiscentiae
1047 1871 1292 1937 coniicit,
1320 1887 1555 1942 quarum
1588 1870 1869 1934 interitus,
1899 1868 2020 1923 ani-

436 1979 541 2021 ma:
584 1972 641 2019 et
682 1964 1039 2019 resurrectio.

506 2053 597 2109 40.
649 2054 1068 2124 lmpassibilitas
1111 2064 1196 2109 est
1240 2054 1482 2108 animam
1534 2068 1647 2106 non
1690 2052 1900 2105 moveri
1949 2049 2019 2104 ad

2108 595 2378 659 ἑκούσιος,
2412 594 2446 665 ἢ
2483 594 2547 647 ἐκ
2586 596 2684 664 τῆς
2712 590 2969 661 προνοίας
2992 585 3349 656 ἐπαγομένη.

2176 795 2270 852 λδ’.
2314 798 2453 867 ’Υλη
2514 795 2701 848 παθῶν
2756 791 3089 863 φιλαργυρία
3146 787 3468 857 τυγχάνει’
3510 784 3592 846 ὡς
3619 782 3715 835 αὑ-

2110 888 2305 959 ξητικὴ
2339 883 2473 942 οὖσα
2494 889 2592 958 τῆς
2620 883 2973 957 περιεκτικῆς
3005 881 3223 953 ἡδονῆς.

2181 1069 2272 1121 λε’.
2317 1068 2509 1136 Λὺπην
2536 1068 2709 1119 τίκτει
2734 1061 3004 1133 ἀποτυχία
3025 1060 3247 1132 ἡδονῆς·
3278 1055 3452 1127 ἡδονὴ
3482 1054 3544 1107 δὲ
3577 1070 3716 1106 παν-

2109 1162 2163 1213 τὶ
2192 1160 2351 1213 πάθει
2380 1157 2754 1223 συνέζευκται.

2182 1252 2289 1317 λς’.
2328 1248 2399 1320 ’ᾨ
2431 1251 2613 1319 μέτρῳ
2655 1247 2873 1319 μετρεϊς
2899 1240 2978 1312 τῷ
3017 1239 3231 1309 σώματί
3262 1255 3386 1302 σου,
3416 1232 3711 1302 ἀντιστρὸ-

2114 1359 2228 1412 φως
2258 1341 2411 1411 παρά
2433 1339 2572 1393 Θεοῦ
2595 1331 3134 1413 ἀντιμετρηθήσεται
3162 1347 3269 1383 σοι.

2183 1434 2280 1500 λζ’.
2322 1435 2495 1487 Θείων
2537 1432 2823 1503 κριμάτων
2854 1429 2992 1500 ἔργα
3033 1425 3293 1494 τυγχάνει
3336 1418 3715 1477 ἀνταπόδοσις

2112 1527 2301 1583 δικαία
2332 1525 2444 1578 τῶν
2475 1524 2564 1578 διά
2592 1521 2690 1578 τοῦ
2716 1520 2970 1590 σώματος
3011 1515 3448 1587 πεπραγμένων.

2184 1615 2286 1685 λη’.
2340 1611 2661 1666 Ἀθανασίαν
2717 1589 2892 1663 τίκτει
2931 1606 3101 1678 ἀρετὴ
3147 1603 3244 1655 καὶ
3292 1600 3534 1669 γνῶσις·
3568 1589 3650 1649 ὧν
3680 1596 3714 1665 ἡ

2119 1711 2397 1780 στέρησις,
2425 1708 2519 1761 τοῦ
2559 1707 2791 1761 θανάτου
2822 1702 3020 1773 γέγονε
3052 1699 3259 1770 μήτηρ.

2190 1801 2292 1854 λθ⁰.
2332 1801 2493 1871 Λὺπη
2524 1797 2668 1853 κατά
2707 1796 2840 1850 Θεὸν
2873 1794 3091 1863 ἀναιρεῖ
3128 1790 3353 1860 ἡδονήν
3382 1785 3587 1855 ἡδονῆς
3642 1780 3709 1832 δὲ

2118 1894 2414 1967 ἀναίρεσις,
2445 1892 2743 1954 ἀνάστασις
2768 1888 3005 1958 ὑπάρχει
3034 1882 3236 1954 ψυχῆς.

2195 2078 2269 2141 μ’.
2319 2067 2591 2122 Ἀπάθειά
2616 2069 2767 2119 ἐστιν
2794 2061 3058 2130 ἀκινησία
3085 2058 3267 2128 ψυχῆς
3298 2052 3432 2124 πρδς
3460 2048 3678 2103 κακίαν
3699 2060 3717 2076 ⁸

438 2146 647 2202 malum
674 2146 880 2212 ullum;
913 2162 1105 2201 verum
1135 2146 1281 2200 hanc
1301 2143 1647 2216 impossibile
1684 2153 1770 2199 est
1800 2141 2020 2210 assequi

2177 2179 2188 2225 ;
2223 2163 2408 2230 τυχεῖν
2438 2158 2725 2229 ἀμήχανον
2750 2156 2879 2209 ἄνευ
2910 2151 3096 2213 ἐλέους
3122 2143 3383 2219 Χριστοῦ.

438 2237 562 2295 sine
608 2235 998 2292 misericordia
1040 2235 1273 2291 Christi.

511 2331 603 2386 41.
640 2328 894 2384 Salvator
916 2337 1027 2382 tam
1059 2329 1232 2382 animi
1262 2343 1429 2398 quam
1460 2327 1711 2397 corporis
1749 2335 1837 2381 est
1859 2325 2022 2381 Chri-

443 2429 583 2485 stus,
620 2422 780 2493 cujus
808 2419 1043 2492 vestigia
1084 2418 1182 2489 qui
1219 2416 1491 2490 sequitur,
1520 2433 1552 2474 a
1579 2417 1738 2471 malls
1773 2416 2025 2472 redditur

442 2512 606 2570 liber.

512 2603 603 2663 42.
636 2604 882 2660 Salutem
918 2604 1005 2659 vis
1031 2604 1294 2673 assequi?
1329 2603 1590 2659 renuntia
1619 2602 2021 2672 voluptatibus,

444 2694 780 2763 anmlectere
815 2694 1142 2750 charitatem
1184 2708 1250 2748 ac
1295 2693 1695 2761 continentiam
1744 2709 1852 2748 una
1898 2707 2025 2747 cum

445 2798 673 2853 precum
721 2783 1071 2840 assiduitate.

518 2873 609 2928 45.
653 2874 884 2943 Propria
923 2881 1012 2930 est
1056 2875 1491 2945 impassihilitati
1536 2890 1666 2930 vera
1727 2875 2013 2934 discretio.

442 2964 600 3036 juxta
642 2978 810 3032 quam
841 2964 899 3018 in
941 2966 1131 3034 regula
1181 2980 1555 3035 mensuraque
1604 2965 2024 3021 facito’omnia.

519 3056 611 3109 44.
643 3055 914 3110 Dominus
954 3064 1144 3110 noster
1175 3064 1233 3109 et
1257 3056 1403 3110 Deus
1433 3064 1518 3111 est
1558 3056 1718 3111 Jesus
1744 3054 2024 3122 Christus;

447 3162 613 3223 quem
656 3147 702 3202 si
739 3162 897 3203 mens
939 3155 1227 3216 sequatur,
1276 3162 1398 3231 non.
1426 3156 1611 3202 manet
1662 3148 1719 3202 in
1756 3147 2021 3203 tenebris.
2052 3175 2096 3233 ο

514 3321 605 3378 45.
636 3322 914 3394 Recollige
952 3332 1194 3379 mentem
1245 3333 1417 3387 tuam,
1452 3333 1509 3379 et
1534 3325 1769 3381 observa
1814 3327 2026 3395 cogita-

448 3411 672 3467 tiones:
711 3421 767 3468 et
807 3413 854 3466 si
886 3428 1024 3483 quas
1059 3412 1364 3470 oﬂ‘enderis
1403 3414 1457 3468 in
1487 3415 1810 3471 aﬂ‘ectiones
1836 3417 2029 3471 noxias

448 3504 709 3568 transire,
749 3505 897 3574 ipsas
937 3521 1211 3576 expugna.

517 3594 609 3649 46.
640 3594 685 3649 A
724 3595 902 3650 tribus
935 3597 1298 3667 cogitationes
1326 3598 1652 3666 accipimus,
1685 3614 1715 3652 a
1741 3600 2027 3663 memoria,

450 3686 709 3740 sensibus
739 3694 796 3741 et
822 3687 1147 3744 habitudine
1166 3690 1451 3763 corporis;
1487 3689 1585 3746 sed
1613 3692 2033 3749 molestissimas

451 3775 611 3834 aﬁ'ert
645 3779 928 3833 memoria.
1177 3790 1187 3801 ‘

518 3952 623 4031 ότι
653 3950 935 4021 Sapientia
980 3950 1246 4021 prteditus
1286 3953 1440 4006 novit
1488 3953 1735 4008 rationes
1774 3954 2032 4025 incorpor

451 4058 697 4100 reorum.
728 4051 783 4098 et
814 4041 961 4113 quod
994 4043 1233 4107 initium,
1269 4052 1326 4098 et
1351 4044 1476 4113 quis
1511 4043 1638 4098 linis
1659 4045 1876 4099 mundi.

521 4133 612 4188 48.
658 4134 911 4188 Activam
935 4134 1105 4188 vitam
1150 4150 1220 4189 ne
1256 4135 1462 4189 habeas
1494 4135 1795 4205 neglectui,
1824 4145 1881 4196 et
1912 4137 2037 4192 illu-

454 4226 725 4280 strabitur
771 4241 928 4279 mens
966 4234 1080 4279 tua.
1122 4225 1215 4279 Ait
1243 4226 1437 4279 enim:
1492 4226 1784 4281 Thesauro;
1824 4228 2038 4282 abscon-

454 4316 591 4372 ditos
634 4326 685 4370 et
720 4315 1004 4371 invisibiles
1038 4317 1279 4387 aperiam
1304 4316 1398 4371 tibi
1439 4328 1486 4370 ο.

531 4409 618 4463 49.
654 4410 871 4465 Invenit
897 4409 1127 4479 gratiam
1168 4407 1316 4478 apud
1341 4408 1658 4474 Dominum,
1690 4412 1788 4479 qui
1827 4411 2037 4480 libera-

2198 2339 2307 2401 μα’.
2349 2327 2538 2398 Σωτὴρ
2577 2326 2814 2396 ὑπάρχει
2846 2321 3026 2393 ψυχῆς
3066 2317 3163 2371 καὶ
3213 2315 3464 2381 σώματος
3491 2314 3523 2364 6
3567 2312 3719 2380 Χριο

2126 2421 2271 2486 στος,
2300 2414 2360 2475 οὑ
2390 2421 2501 2483 τοῖς
2530 2418 2731 2488 ἴχνεσιν
2760 2417 2789 2467 6
2833 2409 3164 2474 ἀκολουθῶν,
3192 2403 3575 2474 ἐλευθεροῦται
3607 2418 3719 2454 κα-

2127 2532 2273 2578 κιας.

2201 2602 2306 2675 μ.βῖ
2346 2601 2631 2672 Σωτηρίας
2669 2600 2719 2652 εἰ
2766 2596 2942 2658 θέλεις
3012 2592 3219 2662 τυχεῖν,
3268 2586 3540 2652 ἀπόταξαι
3588 2587 3720 2646 ταῖς

2126 2674 2369 2764 ἡδοναῖς·
2406 2693 2501 2747 καὶ
2516 2690 2864 2761 ἐγκράτειαν,
2888 2685 2982 2739 καὶ
3006 2682 3250 2752 ἀγάπην,
3278 2678 3371 2732 καὶ
3400 2674 3720 2747 προσευχὴν

2124 2784 2418 2840 ἀναλαϐοῦ.
3056 2794 3061 2799 ’

2203 2874 2312 2945 μιί.
2353 2875 2515 2929 Ἴδιον
2549 2871 2839 2936 ἀπαθείας,
2871 2868 3145 2945 διάκρισις
3191 2861 3455 2933 ἀληθινήο
3486 2857 3614 2912 καθ’
3643 2859 3719 2929 ἦν

2137 2966 2318 3019 πάντα
2350 2966 2557 3035 πρᾶττε
2590 2962 2776 3033 μέτρῳ
2800 2962 2895 3013 καὶ
2921 2956 3126 3011 κανόνι.

2207 3054 2310 3126 μδ’.
2361 3055 2422 3106 ὐ
2467 3052 2672 3123 Κύριος
2717 3048 2872 3121 ἡμῶν
2914 3048 3012 3101 καὶ
3064 3044 3201 3109 Θεὸς
3255 3042 3467 3114 Ἰησοῦς
3505 3043 3653 3094 ἐστιν
3683 3042 3717 3093 6

2126 3146 2399 3216 Χριστόςυ
2435 3144 2527 3197 καὶ
2555 3142 2679 3206 νοῦς
2711 3144 2740 3196 6
2773 3136 3087 3195 ἀκολουθῶν
3129 3134 3303 3206 αὑτῷ,
3333 3135 3411 3206 μὴ
3459 3133 3619 3205 μείνῃ
3653 3134 3716 3185 ἐν

2126 3236 2192 3303 τῇ
2226 3233 2434 3304 σκοτίᾳ.

2206 3323 2308 3394 με’.
2345 3324 2623 3392 Συνάγαγε
2665 3322 2757 3374 τὸν
2789 3320 2917 3374 νοῦν
2949 3336 3066 3383 σου,
3109 3318 3206 3372 καὶ
3252 3317 3415 3387 τήρει
3451 3315 3579 3378 τοὺς
3627 3313 3715 3366 λο-

2128 3415 2381 3486 γισμοὺς,
2406 3416 2501 3468 καὶ
2520 3415 2615 3476 οὒς
2634 3411 3107 3483 εὑρῃςέμπαθεῖς,
3129 3407 3260 3461 πολέ
3269 3424 3444 3477 μησον
3465 3405 3599 3477 πρὸς
3619 3403 3715 3457 αὑ-

2130 3507 2278 3569 τούς.

2206 3597 2323 3668 μς·’.
2350 3597 2487 3667 Τρία
2515 3596 2822 3665 ὑπάρχουσι
2853 3595 3179 3664 πράγματα,
3211 3590 3281 3644 δι’
3313 3583 3391 3643 ὧν
3420 3589 3714 3670 λαμϐάνεκ

2130 3689 2458 3760 λογισμούς·
2486 3690 2520 3757 ἡ
2551 3686 2824 3757 αἴσθησις,
2855 3685 2951 3738 καὶ
2978 3686 3010 3756 ἡ
3043 3683 3257 3754 μνήμη,
3288 3683 3389 3735 καὶ
3435 3685 3471 3752 ὴ
3524 3682 3717 3752 κρᾶσις

2090 3807 2096 3811 ·
2132 3782 2225 3836 τοῦ
2258 3780 2511 3851 σώματος
2531 3793 2543 3806 °
2572 3775 2945 3849 χαλεπώτεροι
2970 3775 3028 3829 δέ
3056 3776 3106 3829 oi
3127 3774 3284 3827 αὐτοὶ
3313 3772 3427 3826 ἀπὸ
3449 3772 3553 3843 τῆς
3585 3772 3713 3842 μνή-

2138 3873 2438 4035 μηιῗξῗσέἶ).
2463 3958 2620 4029 ἐδόθη
2657 3957 2840 4028 σοφία,
2884 3956 3028 4024 ἔγνω
3054 3955 3248 4022 λόγους
3273 3955 3610 4023 ἀσωμάτων,
3634 3952 3720 4006 καὶ

2135 4056 2217 4116 τίς
2245 4054 2279 4124 ὴ
2308 4050 2451 4122 ἀρχὴ
2478 4050 2738 4118 ὑπάρχει,
2779 4048 2874 4100 καὶ
2902 4047 2955 4100 τί
2984 4046 3045 4098 τὸ
3069 4044 3221 4109 τέλος
3243 4043 3340 4098 τοῦ
3365 4044 3606 4114 κόσμου.

2213 4153 2322 4215 μη’.
2363 4143 2456 4215 Μὴ
2506 4141 2700 4213 ἀμέλει
2743 4139 3077 4210 πρακτικῆς,
3125 4138 3222 4191 καὶ
3261 4136 3722 4207 φωτισθήσεταιὸ

2137 4237 2261 4299 νοῦς
2297 4251 2412 4287 σου.
2455 4251 2474 4283 ι
2500 4228 2877 4298 Θησαυροὺς,
2935 4228 3123 4298 φησὶν,
3181 4229 3585 4296 ἀποκρύφους
3634 4223 3722 4278 καὶ

2138 4326 2435 4396 ἁοράτους
2471 4323 2694 4386 ἀνοίξω
2726 4336 2849 4375 σοι.
2873 4339 2893 4373 ι
2992 4326 2996 4329 ’

2214 4417 2321 4486 μθ’.
2363 4410 2506 4483 Εὗρε
2549 4413 2712 4482 χάριν
2760 4412 2916 4483 παρὰ
2952 4409 3092 4480 Θεῷ,
3131 4411 3159 4462 6
3193 4408 3385 4462 παθῶν
3437 4409 3725 4478 ἐλευθερω-

455 4512 547 4557 tus
586 4509 672 4556 est
709 4501 779 4555 ab
824 4499 1217 4555 aﬂ‘ectionibus
1253 4518 1268 4554 :
1306 4500 1539 4568 insuper
1579 4510 1638 4555 et
1682 4502 1774 4556 ille
1821 4503 2025 4557 miseri-

2177 4511 2277 4574 εὶς,
2306 4508 2402 4561 καὶ
2424 4507 2486 4559 τὸ
2521 4507 2663 4577 μέγα
2689 4504 2841 4567 ἔλεος
2867 4504 2896 4555 6
2919 4501 3175 4571 γνώσεως
3208 4500 3596 4567 καταξιωθείς.

458 4589 707 4645 cordiam
747 4597 1055 4654 assecutus,
1088 4589 1183 4659 qui
1211 4590 1499 4645 scientiam
1543 4592 1749 4645 meruit
1777 4592 2032 4661 adipisci.

527 4680 616 4735 50.
662 4672 815 4734 Mens
849 4680 1368 4748 perturbationibus
1408 4681 1637 4745 nudata,
1669 4682 1919 4752 quotidie
1948 4685 2036 4738 lu-

461 4771 737 4827 culentior
774 4770 980 4833 evadit,
1033 4779 1090 4825 et
1139 4771 1207 4825 ad
1256 4786 1346 4827 res
1393 4787 1516 4841 qua:
1562 4788 1693 4827 vere
1720 4781 1871 4839 sunt,
1910 4790 2040 4829 con-

454 4861 809 4932 templandas
842 4861 1169 4916 illustratur.

534 4954 623 5009 5i.
657 4952 778 5007 Lux
819 4952 1017 5008 animae
1046 4961 1133 5009 est
1187 4952 1430 5023 cognitio
1475 4965 1700 5023 sancta;
1730 4971 1852 5026 quae
1875 4956 1919 5011 si
1950 4958 2040 5011 cui

465 5043 710 5100 defuerit
749 5043 1111 5114 imprudenti,
1143 5042 1530 5098 obambulabit
1572 5047 1628 5100 in
1667 5047 1934 5114 tenebris.

528 5133 618 5189 52.
644 5108 971 5203 Imprudens
1000 5144 1088 5189 est
1115 5134 1209 5203 qui
1231 5135 1286 5189 in
1316 5136 1529 5190 malitia
1549 5147 1831 5203 versatur;
1864 5108 2041 5209 ipsum

464 5225 612 5280 enim
643 5225 966 5295 ignorantiae
994 5226 1238 5280 tenebra:
1280 5227 1576 5295 excipient.

539 5317 626 5372 55.
653 5316 840 5371 Jesum
875 5332 1085 5379 amans,
1113 5334 1143 5371 a
1173 5318 1384 5373 malitia
1403 5319 1753 5381 liberabitur,
1784 5316 1850 5374 et"
1865 5321 2042 5391 ipsum

469 5407 751 5479 sequendo
790 5422 977 5461 veram
1021 5408 1230 5463 videbit
1273 5411 1579 5465 scientiam.

528 5499 630 5555 5L
679 5499 832 5552 Mens
874 5513 905 5550 a
938 5499 1453 5567 perturbationibus
1485 5501 1684 5567 libera,
1720 5520 1842 5572 quae
1867 5506 2049 5560 consi-

473 5590 653 5653 derat,
712 5588 827 5641 sivc
865 5588 1073 5657 vigilet,
1136 5591 1252 5645 sive
1304 5592 1545 5647 dormiat
1589 5610 1842 5663 corpore,
1896 5597 2045 5651 videt

473 5681 753 5738 subtilius.

546 5797 574 5837 δ
603 5793 796 5850 Matth.
836 5808 930 5861 vn,
964 5793 1036 5859 2;
1075 5793 1328 5862 Marcuv,
1361 5798 1448 5851 24.
1529 5809 1548 5837 ε
1587 5799 1688 5854 lsa.
1723 5815 1845 5864 XLV.
1876 5802 1928 5856 5.

2214 4606 2277 4655 ν’.
2317 4597 2463 4661 Νοῦς
2502 4595 2692 4650 παθῶν
2716 4593 3124 4665 ἐλευθερωθεὶς,
3162 4591 3468 4663 φωτοειδὴς
3503 4591 3720 4658 γίνεται.

2144 4695 2266 4757 ταῖς
2299 4692 2409 4746 τῶν
2442 4690 2613 4745 ὄντων
2667 4686 2927 4757 θεωρίαις
2956 4683 3323 4746 ἀδιαλείπτως
3359 4682 3718 4752 καταλαμπό-

2150 4803 2330 4856 μενος.

2220 4970 2321 5017 να’.
2360 4963 2568 5029 Φὲγγος
2596 4959 2777 5030 ψυχῆς
2806 4959 2838 5028 ή
2873 4954 3073 5025 γνῶσίς
3103 4955 3276 5018 ἐστιν,
3321 4948 3394 5024 ἦς
3446 4951 3719 5022 στερηθεὶς

2150 5058 2178 5109 6
2207 5054 2396 5122 ἄφρων
2427 5051 2484 5103 ἐν
2514 5051 2695 5104 σκότει
2726 5044 3132 5117 διαπορεύεται.

2221 5144 2321 5213 νβ’.
2368 5145 2596 5212 Ἀφρων
2627 5140 2776 5194 ἐστὶν
2801 5141 2829 5193 6
2856 5140 2915 5191 ἐν
2960 5134 3144 5189 σκότει
3186 5133 3396 5202 διάγων
3421 5150 3433 5162 ·
3469 5134 3531 5186 ὃν
3565 5128 3723 5183 διαδέ-

2150 5253 2302 5311 χεται
2325 5235 2386 5288 τὸ
2418 5233 2610 5295 σκότος
2636 5228 2930 5299 ἀγνωσίας.
3120 5228 3131 5232 ’

2223 5333 2324 5394 νγ’.
2377 5324 2587 5393 Ἰησοῦν
2612 5324 2641 5375 6
2677 5320 2932 5389 ἀγαπῶν,
2965 5316 3468 5388 ἐλευθερωθήσεται
3494 5313 3681 5375 κακίας
3706 5327 3718 5341 α

2152 5420 2246 5473 καὶ
2283 5418 2311 5469 6
2341 5414 2653 5468 ἀκολουθῶν
2682 5411 2850 5480 αὑτῷ,
2886 5410 3077 5479 ὕψεται
3112 5408 3317 5476 γνῶσιν
3343 5405 3547 5476 ἀληθῆ.

2222 5507 2316 5561 νδ’.
2354 5503 2498 5566 Νοῦς
2550 5501 2739 5558 παθῶν
2781 5499 3193 5572 ἐλευθερωθεὶς,
3248 5497 3385 5568 ψιλά
3433 5496 3618 5568 βλέπει
3662 5492 3719 5546 τὰ

2152 5601 2425 5669 νοήματα,
2466 5595 2565 5647 καὶ
2613 5593 2979 5666 ἐγρηγορότας
3013 5587 3109 5646 τοῦ
3157 5588 3438 5662 σώματος,
3470 5587 3566 5642 καὶ
3596 5582 3719 5638 κατὰ

2152 5692 2276 5753 τοὺς
2301 5686 2502 5750 ὕπνους
2530 5684 2717 5741 αὑτοῦ.
3262 5697 3298 5726 ο
3622 5678 3647 5696 ‘
