3938 6148
194 398 219 463 1
235 398 329 462 ί33

1605 400 1998 460 CENTURIA
2038 400 2086 458 Ι.

3317 389 3451 454 1434

251 513 345 560 νε’.
397 506 458 559 '0
512 505 639 569 νοῦς
670 505 750 570 εις
789 507 960 576 ἄκρον
1004 504 1303 576 καθαρθεὶς
1349 506 1761 575 στενοχωρεῖται

1936 508 2024 560 55.
2059 506 2226 560 Menti
2275 505 2331 560 in
2376 521 2653 561 summum
2702 500 3028 574 puriﬁcataa,
3059 507 3291 569 angusta
3320 512 3449 556 sunt

181 598 292 661 τοῖς
321 592 440 650 οὖσι
465 611 481 626 ο
519 595 615 650 καὶ
660 594 766 661 ἔξω
811 596 953 651 θέλει
980 596 1249 666 ,γίνεσθαι
1292 597 1510 649 πάντων
1536 597 1644 649 τῶν
1672 614 1766 664 γε·

183 684 444 755 γονότων.

251 776 359 843 νς-’.
398 775 687 845 Μακάριος
714 777 743 829 6
770 766 982 844 φθάσας
1009 778 1091 841 είς
1114 778 1215 846 τὴν
1255 776 1561 846 ἀπέραντον
1599 778 1762 829 ἀπει-

187 868 339 940 ρίαν·
377 869 585 931 ἐκεῖνος
620 866 664 919 δ’
695 865 952 936 ἔφθασεν,
983 868 1012 920 6
1057 867 1127 921 τὰ
1165 868 1560 938 πεπερασμένα
1591 867 1764 938 περάι

186 976 304 1023 σας.

254 1051 351 1117 νζ’.
406 1051 640 1122 Ἑρευνᾷ
667 1050 864 1119 λόγους
902 1047 1037 1102 Θεοῦ
1068 1052 1096 1104 6
1128 1050 1420 1122 σεϐόμενος
1446 1051 1638 1105 αὐτόν’
1672 1051 1763 1103 εὐ-

187 1142 358 1214 ρίσκει
393 1143 448 1197 δὲ
475 1143 671 1205 αὐτοὺς
695 1143 723 1194 6
745 1143 843 1211 τῆς
872 1140 1133 1212 ἀληθείας
1171 1144 1431 1213 ἐραστής.

252 1229 352 1301 νη’.
393 1231 536 1294 Νοῦς
565 1229 625 1296 ἐξ
659 1231 950 1303 ὀρθότητος
972 1231 1311 1301 κινούμενος,
1340 1233 1586 1302 εὑρίσκει
1634 1232 1765 1303 ἀλή-

186 1320 334 1375 θειαν
354 1338 368 1352 ο
405 1324 434 1374 6
465 1322 521 1375 δὲ
550 1324 614 1375 ὲκ
646 1321 853 1386 πάθους
879 1323 1042 1386 τινὸς,
1074 1323 1432 1388 ἀποτεύξεται
1465 1323 1656 1392 αὐτῆς.

260 1412 355 1467 νϐ’.
400 1412 614 1484 Ὥσπερ
645 1416 712 1485 τῇ
743 1414 898 1486 οὐσίᾳ
922 1414 1201 1481 ἄγνωστος
1231 1414 1258 1466 6
1282 1413 1435 1477 Θεὸς,
1467 1413 1639 1478 οὑτως
1670 1416 1766 1468 καὶ

94 1552 99 1553 ,
183 1507 249 1576 τῇ
277 1505 621 1576 μεγαλοσύνῃ
649 1506 797 1558 ἐστὶν
826 1506 1151 1575 ἀπέραντος.

259 1593 322 1659 ξ’.
361 1586 469 1656 Ἧς
500 1594 688 1657 οὐσίας
717 1594 859 1664 ἀρχὴ
890 1595 983 1647 καὶ
1018 1594 1168 1658 τέλος
1196 1595 1293 1647 οὐκ
1318 1594 1485 1658 ἔστιν,
1519 1593 1641 1648 οὔτε
1667 1595 1765 1665 τῆς

185 1679 375 1746 σοφίας
408 1677 704 1749 ἐξεύρεσις.

256 1767 353 1832 ξαν.
396 1770 647 1838 Σωτηρία
691 1771 926 1842 ὑπάρχει
973 1773 1154 1840 πάσης
1212 1774 1463 1837 κτίσεως,
1518 1775 1550 1844 ἡ
1595 1776 1762 1846 ὑπερ-

184 1860 387 1928 άγαθος
409 1860 503 1913 τοῦ
532 1863 836 1934 κτίσαντος
868 1865 993 1935 περὶ
1025 1867 1198 1929 αὐτὴν
1229 1867 1473 1937 πρόνοια.

164 1958 177 1967 '
254 1950 351 2019 ξβν.
405 1950 796 2023 ’Υποστηρίζει
850 1956 1053 2024 Κύριος
1101 1961 1310 2020 πάντας
1357 1960 1482 2022 τοὺς
1528 1960 1764 2012 καταπί-
1801 1984 1814 1999 ο

180 2058 408 2104 πτοντας
446 2043 503 2094 ἐν
530 2045 852 2113 οἰκτιρμοῖς,
882 2045 972 2098 καὶ
1006 2046 1222 2116 ἀνορθοῖ
1245 2047 1451 2112 πάντας
1478 2050 1603 2113 τοὺς
1634 2067 1764 2102 κατι

178 2133 576 2203 εῤῥαγμένους.

252 2218 347 2288 ξγ⁸.
390 2222 626 2290 Χριστός
657 2221 777 2274 ἐστι
808 2222 1029 2286 ζώντων
1057 2224 1150 2276 καὶ
1178 2226 1388 2294 νεκρῶν
1419 2229 1636 2299 κριτὴς,
1667 2230 1762 2282 καὶ

178 2312 276 2381 τῆς
306 2313 542 2366 ἑκάστου
575 2315 829 2382 πράξεως
860 2314 1069 2377 δίκαιος
1093 2316 1486 2388 ἀνταπρδότης.

249 2402 342 2470 ξδ’.
384 2399 586 2474 Ἀρξαι
610 2380 658 2457 εί
690 2404 865 2468 θέλεις
892 2406 991 2475 τῆς
1015 2405 1194 2477 ψυχῆς
1228 2380 1323 2461 κάλ.
1352 2380 1447 2462 τοὺ
1482 2409 1757 2482 σώματος,

182 2494 467 2568 προλαϐὼν
488 2495 587 2559 τὰς
612 2496 720 2550 τῶν
752 2496 941 2550 παθῶν
976 2498 1156 2561 αἰτίας
1193 2500 1512 2568 περίκοπτε.

247 2588 344 2655 -ξε¹.
387 2588 652 2655 Σύζευξον
684 2593 805 2653 ταῖς
850 2592 1073 2661 ἀρεταῖς
1117 2590 1218 2655 τὰς
1250 2593 1349 2660 τῆς
1395 2593 1573 2663 ψυχῆς
1604 2593 1762 2647 δυνά-

182 2696 323 2748 μεις,
356 2680 451 2733 καὶ
484 2680 665 2750 πάσης
689 2681 789 2750 τῆς
818 2680 926 2734 τῶν
958 2681 1150 2734 παθῶν
1176 2681 1357 2754 ὁρμῆς
1395 2682 1762 2760 ἀποζεύγνυν-

164 2786 289 2826 ται.

255 2860 359 2929 Eg’.
402 2861 516 2925 Τὰς
558 2861 655 2932 τῆς
692 2859 989 2931 ἐπιθυμίας
1037 2862 1214 2933 ὁρμὰς
1262 2867 1563 2937 ἐγκρατείᾳ
1610 2869 1761 2939 χαλί-

182 2949 381 3007 νωσον·
417 2953 514 3015 τὰς
542 2951 598 3004 δὲ
628 2950 721 3004 τοῦ
750 2951 946 3022 θυμοῦ,
980 2953 1170 3027 ἀγάπῃ
1206 2963 1580 3031 πνευματικῇ.

253 3043 361 3107 ξζθ.
390 3042 620 3113 Ἡσυχία
650 3041 744 3096 καὶ
767 3045 1064 3115 προσευχὴ,
1090 3047 1325 3115 μέγιστα
1347 3049 1488 3105 ὅπλα
1516 3052 1720 3123 ἀρετῆς
1744 3070 1758 3083 .

183 3130 347 3191 αὗται
388 3136 497 3206 γὰρ
539 3135 631 3189 τὸν
676 3135 801 3189 νοῦν
836 3137 1222 3208 καθαίρουσαι,
1250 3139 1557 3211 διορατικὺν
1586 3145 1756 3215 ἁπερ-

183 3226 464 3297 γάζονται.

254 3321 355 3389 ξην.
398 3318 668 3391 Συντυχία
718 3318 924 3389 ὠφελεῖ
973 3319 1107 3391 μόνη
1157 3322 1192 3391 ἡ
1238 3325 1619 3395 πνευματική·
1651 3324 1760 3378 τῶν

183 3411 239 3466 δὲ
265 3407 470 3464 λοιπῶν
497 3411 689 3465 πασῶν
724 3409 1111 3485 προτιμωτέρα
1139 3410 1358 3480 ἡσυχία.

255 3500 353 3565 ξθθ.
394 3500 515 3554 Τῶν
544 3503 707 3554 πέντε
728 3501 950 3573 τρόπων
978 3502 1292 3572 συντυχίας,
1319 3503 1445 3564 τοὺς
1469 3506 1617 3574 τρεῖς
1643 3506 1762 3559 ἐπί·
1824 3548 1839 3555 -

182 3593 334 3658 λεξαι
359 3610 374 3626 ·
409 3592 486 3665 τῷ
523 3593 582 3673 δε
615 3595 861 3665 τετάρτῳ
909 3593 986 3663 μὴ
1031 3594 1305 3666 συχνάσῃς
1326 3609 1340 3624 ·
1375 3595 1468 3648 τοῦ
1509 3598 1761 3667 πέμπτου

183 3686 451 3756 ἀπόστηθι
463 3729 475 3741 .
1186 3746 1204 3771 κ

251 3780 312 3833 o'.
368 3779 628 3849 Ἦσυχίαν
670 3779 861 3848 ἀγαπᾷ
909 3781 937 3831 6
988 3777 1062 3847 μὴ
1113 3778 1341 3847 πάσχων
1394 3781 1533 3850 πρὸς
1568 3782 1639 3836 τά
1666 3783 1760 3837 τοῦ

179 3877 413 3945 κόσμου.
449 3876 560 3928 Καὶ⁹
589 3874 799 3937 πάντας
828 3874 954 3936 τοὺς
996 3872 1340 3943 ἀνθρώπους,
1372 3875 1400 3925 6
1433 3876 1600 3945 μηδὲν
1621 3877 1761 3945 ἀγα..

182 3968 301 4023 πῶν
328 3965 691 4038 ἀνθρώπινον.

252 4067 353 4114 οα’.
395 4058 726 4122 Διδάσκαλος
748 4057 955 4129 ἀληθὴς
976 4061 1009 4128 ἡ
1042 4059 1345 4130 συνείδησις
1375 4061 1631 4131 ὑπάρχει,
1736 4063 1764 4113 6

181 4150 475 4205 ὑπακούων
500 4151 850 4220 ἀπρόσκοπος
873 4150 1140 4220 διαμένει.

257 4240 361 4311 οβ’.
417 4239 693 4304 Ἐκείνους
730 4239 925 4309 μόνους
950 4242 1011 4294 οὐ
1040 4241 1217 4310 κρίνει
1252 4242 1313 4295 τδ
1346 4243 1607 4306 συνειδὸς,
1639 4242 1766 4304 τούς

182 4336 264 4398 είς
299 4332 361 4386 τὸ
390 4333 558 4404 ἀκρον
588 4334 688 4402 τῆς
729 4331 932 4403 ἀρετῆς
966 4331 999 4402 ἢ
1031 4332 1131 4402 τῆς
1171 4334 1372 4397 κακίας
1425 4334 1761 4403 φθάσαντας.

253 4514 356 4578 ογ’.
400 4507 581 4579 Ἀκρα
609 4505 850 4561 ἀπάθεια
872 4505 1004 4575 ψιλὰ
1032 4509 1178 4560 ποιεῖ
1200 4486 1269 4562 τά
1296 4511 1545 4579 νοήματα
1572 4524 1585 4538 ·
1616 4509 1762 4579 ἄκρα
1795 4512 1839 4567 D

182 4603 242 4659 δὲ
273 4602 475 4673 γνῶσις
501 4601 579 4673 τῷ
610 4601 1018 4673 ὑπεραγνώστῳ
1043 4601 1395 4674 παρίστησιν.

260 4779 355 4834 οδ’.
396 4779 554 4848 Λύπη
604 4778 724 4831 ἐστὶ
803 4776 980 4850 ψεκτὴ
1031 4779 1302 4850 ἀποτυχία
1359 4780 1581 4850 ἡδονῶν,
1618 4774 1693 4835 ὧν
1736 4785 1765 4835 6

187 4872 634 4942 καταφρονήσας,
669 4868 875 4933 ἄλυπος
898 4869 1167 4938 διαμένει.

259 5053 354 5100 σε’.
410 5045 474 5098 Ἦ
503 5044 649 5114 λύπη
679 5043 910 5098 καθόλου
943 5043 1198 5113 στέρησίς
1229 5044 1380 5098 ἐστιν
1405 5046 1619 5117 ἡδονῆς,
1657 5047 1763 5101 κάν

188 5152 252 5190 τε
278 5135 382 5206 τῆς
412 5137 555 5221 κατά
585 5135 741 5199 Θεὸν,
769 5133 874 5188 κᾶν
900 5135 999 5204 τῆς
1028 5132 1172 5187 κατὰ
1196 5135 1404 5202 κόσμον
1427 5137 1647 5209 νοήσῃς.

263 5305 375 5373 ος’.
417 5306 551 5361 Θεοῦ
581 5308 700 5360 ἐστι
746 5306 1014 5377 βασιλεία,
1052 5305 1326 5374 ἀγαθότης
1366 5305 1461 5359 καὶ
1493 5305 1674 5374 σοφία,
1698 5299 1771 5360 ὧν

188 5400 220 5452 6
248 5398 545 5469 ἐπιτυχὼν,
587 5400 647 5452 ὲν
675 5399 924 5469 οὐρανοῖς
949 5396 1310 5450 πολιτεύεται.

263 5492 367 5556 οξ.
418 5494 659 5556 Ἐκεῖνος
692 5491 877 5552 ἄθλιος
918 5490 1225 5559 ἄνθρωπος,
1271 5489 1299 5539 6
1331 5489 1431 5556 τῆς
1457 5489 1635 5559 ψυχῆς
1677 5490 1773 5558 μὲν

188 5581 257 5636 τδ
282 5582 465 5654 σῶμα,
502 5581 597 5637 τοῦ
629 5582 766 5636 Θεοῦ
797 5583 853 5635 δὲ
881 5582 972 5634 τὸν
1005 5581 1209 5649 κόσμον
1258 5582 1370 5642 τοῖς
1413 5579 1594 5651 ἔργοις
1636 5596 1774 5649 προ-

190 5675 454 5746 τιμήσας.

269 5790 297 5832 δ
322 5791 441 5847 Act.
475 5807 528 5859 κ,
561 5790 647 5845 42.
730 5800 754 5828 ο
781 5788 925 5844 Psal.
959 5801 1065 5855 LXI,
1096 5785 1203 5859 λδ.

1869 597 2053 651 omnia
2090 614 2212 666 quae
2240 607 2403 663 sunt;
2435 612 2766 667 semperque
2804 593 2957 665 cupit
2992 607 3113 649 esse
3144 600 3297 646 extra
3326 606 3447 646 om-

1868 687 1958 740 nia
1990 704 2113 756 quae
2143 697 2273 741 sunt
2305 687 2464 742 facta.

1940 780 2028 834 56.
2055 780 2254 836 Beatus
2279 788 2363 835 est
2393 780 2461 843 is,
2493 778 2587 849 qui
2622 778 2689 833 ad
2713 777 2982 832 inﬁnitam
3011 773 3447 829 immensitate-ni

1866 872 2150 939 pervenit;
2193 873 2241 928 is
2278 888 2408 927 vero
2437 869 2712 941 pervenit,
2744 867 2838 937 qui
2874 865 3188 937 penetravit
3218 880 3282 919 ea
3326 879 3448 933 quae

1866 962 2021 1016 ﬁnita
2061 972 2213 1017 sunt.

1937 1053 2024 1105 57.
2062 1051 2353 1108 Scrutatur
2391 1052 2561 1107 verba
2592 1051 2712 1115 Dei,
2754 1048 2849 1119 qui
2876 1063 3002 1102 eum
3038 1046 3203 1111 colit;
3231 1044 3445 1099 invenit

1865 1154 2072 1208 autem,
2105 1145 2199 1212 qui
2230 1152 2377 1197 amat
2417 1142 2731 1197 veritatem.

1934 1234 2021 1289 58.
2060 1234 2211 1288 Mens
2235 1234 2527 1288 veritatem
2558 1232 2790 1296 invenit,
2822 1231 2920 1286 sia
2952 1228 3285 1285 rectitudine
3311 1226 3446 1281 diri-

1864 1335 2049 1396 gatur;
2097 1325 2299 1378 amittit
2352 1332 2560 1382 autem.
2598 1322 2642 1376 si
2677 1322 2746 1376 ab
2789 1321 3082 1396 alicctione
3123 1320 3331 1388 aliqua.

1938 1414 2024 1468 59.
2059 1414 2130 1470 Ut
2172 1415 2316 1467 Deus
2345 1413 2653 1467 secundum
2685 1391 2981 1466 essentiam
3027 1408 3188 1463 nobis
3226 1416 3311 1461 est
3358 1407 3443 1459 in-

1865 1508 2149 1577 cognitus;
2178 1507 2254 1561 ita
2284 1505 2590 1560 secundum
2624 1505 2968 1573 majestatem
2999 1512 3085 1555 est
3115 1488 3442 1553 immensus.

1935 1600 2023 1651 60.
2054 1596 2308 1651 Essentia
2339 1612 2461 1666 quae
2501 1595 2781 1665 principio
2823 1604 2975 1649 caret
3003 1603 3058 1648 et
3096 1590 3223 1655 line,
3265 1604 3446 1658 neque

1865 1687 2157 1755 sapientia.
2204 1686 2626 1755 perscrulabilis
2674 1695 2777 1741 est.

1939 1778 2029 1830 61.
2073 1777 2234 1831 Salus
2259 1777 2441 1831 omnis
2477 1785 2870 1831 creaturze‘cst
2927 1775 3132 1845 optima
3163 1776 3450 1835 Creatoris

1866 1868 2014 1922 circa
2055 1868 2227 1936 ipsam
2272 1865 2647 1936 providentia.

1934 1960 2022 2013 6‘2.
2059 1957 2318 2012 Sull'ulcit
2356 1956 2621 2010 Dominus
2653 1956 3108 2011 miserationibus
3131 1971 3323 2011 omnes
3355 1973 3448 2012 va-

1863 2051 2139 2113 cillantes,
2189 2057 2246 2103 et
2275 2047 2586 2102 confractos
2616 2062 2810 2102 omnes
2852 2047 3035 2117 erigit.

1937 2208 2022 2260 6'5.
2047 2206 2303 2260 Christus
2324 2204 2629 2257 viventium
2655 2210 2713 2256 et
2739 2211 3084 2256 mortuorum
3103 2210 3186 2255 est
3203 2201 3373 2270 judex
3391 2200 3443 2265 ἀ,

1863 2316 1926 2353 ac
1964 2298 2148 2367 justus
2180 2295 2617 2363 uniuscujusque
2666 2293 2852 2362 operis
2883 2291 3190 2346 retributor
3228 2302 3272 2344 θ.

1932 2390 2021 2442 64.
2062 2388 2340 2455 Imperare
2385 2383 2471 2436 vis
2500 2382 2696 2437 anima:
2736 2392 2792 2436 et
2822 2381 3075 2451 corpori?
3102 2391 3230 2436 ante
3258 2378 3444 2434 omnia

1861 2479 2217 2535 ail‘ectionum
2263 2490 2461 2535 causas
2496 2473 2854 2528 circumcide.

1933 2572 2021 2626 65.
2053 2568 2268 2624 Adhibe
2315 2566 2462 2621 vires
2506 2566 2705 2620 anima:
2739 2564 2807 2618 ad
2855 2563 3038 2619 studia
3066 2564 3360 2630 virtutum,
3388 2572 3444 2617 et

1862 2665 1930 2719 ab
1969 2662 2118 2717 omni
2162 2659 2517 2714 aﬂ‘ectionum
2566 2657 2836 2711 violentia
2876 2655 3204 2710 absolveris.
3250 2687 3255 2692 ι

1930 2756 2018 2810 66.
2058 2750 2649 2821 Concupiscentiarum
2688 2749 2929 2818 impetus
2963 2747 3307 2802 continentia
3351 2761 3444 2800 re-

1860 2850 2097 2911 frenato,
2145 2841 2446 2898 iracundia:
2482 2856 2617 2896 vero
2659 2841 2849 2896 divina
2897 2839 3284 2910 spiritualique
3313 2837 3445 2891 cha~

1862 2943 2050 2994 ritate.

1931 3034 2020 3088 67.
2050 3031 2350 3087 Silentium
2392 3041 2450 3088 et
2489 3042 2685 3100 preces
2726 3025 2963 3079 maxima
2997 3023 3266 3077 virtutum
3294 3035 3446 3074 arma

1863 3135 2024 3189 sunt;
2077 3134 2322 3179 mentem
2370 3122 2519 3178 enim
2565 3118 2732 3174 simul
2765 3115 3090 3186 purilicant,
3135 3127 3200 3166 ac
3241 3108 3449 3181 perspi-

1866 3216 2139 3271 caciorem
2172 3214 2433 3268 reddunt.

1935 3307 2023 3362 68.
2058 3306 2250 3362 Solum
2276 3303 2564 3373 spirituale
2590 3299 2931 3368 colloquium
2956 3296 3182 3365 prodest
3215 3311 3227 3347 :
3263 3302 3320 3348 at
3345 3308 3450 3348 ca:-

1862 3398 2001 3453 teris
2053 3395 2314 3450 omnibus
2363 3392 2645 3448 silentium
2687 3387 3092 3460 praeferendum
3129 3392 3234 3439 est.

1930 3489 2018 3545 69.
2069 3488 2150 3542 Ex
2173 3486 2419 3556 quinque
2458 3482 2640 3537 modis
2677 3480 3082 3548 colloquiorum
3116 3484 3232 3530 tres
3270 3475 3444 3544 elige;

1865 3580 1920 3632 in
1953 3586 2153 3648 quarto
2198 3592 2265 3631 ne
2297 3576 2373 3630 sis
2403 3574 2697 3643 frequens;
2744 3585 2775 3624 a
2802 3569 2997 3639 quinto
3036 3580 3266 3636 prorsus
3320 3562 3449 3619 abs-

1863 3671 1997 3723 tine.

1926 3760 2021 3835 79.
2061 3759 2357 3815 Silentium
2384 3764 2552 3819 amat,
2585 3756 2681 3825 qui
2717 3753 2786 3808 ad
2809 3768 2873 3808 ea
2899 3766 3023 3822 quae
3063 3749 3231 3820 hujus
3254 3747 3446 3803 mundi

1864 3862 2013 3916 sunt,
2054 3867 2165 3907 non
2210 3848 2466 3904 afﬁcitur.
2511 3848 2717 3903 Omnes
2754 3853 2939 3899 autem
2993 3841 3249 3895 homines
3277 3848 3445 3904 amat,

1863 3946 1957 4016 qui
1996 3944 2133 3999 nihil
2177 3943 2481 3996 humanum
2530 3939 2589 3993 in
2641 3937 2724 3992 eis
2763 3942 2931 3991 amat.

1935 4039 2022 4091 71.
2070 4035 2322 4106 Magistra
2350 4046 2516 4087 verax
2548 4027 2892 4084 conscientia
2915 4035 3039 4089 est;
3082 4023 3171 4077 cui
3197 4022 3447 4092 quisquis

1864 4131 2210 4193 auscultarit,
2246 4127 2455 4194 absque
2485 4120 2735 4191 scrupuli
2764 4117 3105 4174 oﬂ‘endiculo
3125 4121 3433 4185 permanet.

1937 4223 2024 4277 72.
2073 4222 2203 4277 Illos
2241 4219 2391 4275 solos
2428 4214 2768 4271 conscientia
2826 4226 2926 4266 sua
2966 4224 3080 4263 non
3108 4207 3313 4277 arguit,
3347 4205 3444 4275 qui

1863 4314 1950 4369 vel
2002 4314 2059 4367 in
2086 4313 2378 4373 virtutum,
2408 4307 2494 4362 vel
2530 4306 2587 4361 in
2630 4305 2894 4360 vitiorum
2939 4297 3218 4370 fastigium
3252 4311 3451 4367 perve-

1867 4411 2094 4458 nerunt.

1908 4462 2034 4549 '75.
2078 4494 2306 4549 Summa
2354 4488 2765 4561 impassibilitas
2818 4482 3055 4541 subtiles
3089 4479 3255 4535 eﬂicit
3298 4479 3450 4551 cogi-

1876 4599 2057 4654 tatus;
2107 4584 2364 4643 sublimis
2411 4598 2546 4638 vero
2599 4580 2830 4637 scientia
2870 4577 2939 4633 ad
2971 4571 3317 4647 ignotissima
3350 4572 3451 4627 ad-

1873 4677 2045 4732 ducit.

1940 4769 2022 4821 74.
2056 4764 2317 4820 Mmstitia
2352 4778 2421 4817 ex
2455 4761 2797 4829 voluptatum
2828 4753 3047 4809 defectu
3076 4758 3341 4818 concepta
3372 4747 3455 4802 vi-

1872 4858 2196 4931 tuperabilis
2220 4864 2337 4911 est:
2366 4869 2462 4909 eas
2485 4853 2634 4908 enim
2650 4850 2747 4920 qui
2773 4842 3190 4914 contempserit,
3220 4838 3455 4904 inoﬂ'en:

1868 4967 1963 5007 sus
1998 4953 2286 5019 permanet
2318 4959 2383 4997 ac
2410 4940 2711 5014 iucundus.

1941 5014 2030 5095 τέ.
2084 5033 2394 5105 Voluptatis
2441 5030 2719 5101 repressio
2777 5035 2898 5088 est,
2947 5024 3127 5077 omnis
3191 5014 3453 5080 tristitia.

1866 5131 1985 5186 sive
2016 5144 2140 5199 qua:
2181 5123 2489 5182 secundum
2532 5123 2707 5176 Deum
2738 5126 2842 5181 est,
2875 5116 2994 5170 sive
3022 5129 3151 5184 qua:
3183 5110 3455 5167 mundum

1873 5223 2037 5292 sapit.
2954 5278 2964 5286 .

1944 5310 2034 5364 76.
2079 5309 2175 5363 Dei
2208 5320 2465 5377 regnum,
2506 5310 2591 5357 est
2628 5299 2847 5355 bonitas
2875 5310 2939 5350 ac
2973 5292 3278 5363 sapientia;
3316 5303 3453 5359 quas

1871 5402 1965 5472 qui
2019 5410 2237 5465 nactus,
2287 5396 2578 5465 municeps
2613 5402 2698 5449 est
2741 5391 2798 5445 in
2837 5387 3013 5444 cmlis.

1946 5493 2033 5544 77.
2070 5491 2166 5545 llic
2200 5490 2371 5544 miser
2414 5497 2501 5542 est
2530 5486 2745 5555 .homo,
2781 5482 2875 5553 qui
2924 5481 2978 5533 in
3027 5473 3291 5546 operibus
3340 5470 3459 5535 suis

1874 5598 2076 5650 corpus
2113 5597 2278 5650 quam
2327 5582 2589 5645 animam,
2645 5585 2701 5633 et
2746 5573 3015 5629 mundum
3060 5582 3223 5637 quam
3280 5563 3456 5618 Deum

1877 5671 2104 5743 majoris
2134 5670 2286 5724 facit.
