3938 6148
435 406 443 413 ,
534 344 676 415 1435
704 287 714 293 ’
1768 341 1990 402 ΤΙΙΑΙΑ

2208 338 2250 394 Α
2258 336 2448 395 ΒΒΑΤ
2459 337 2523 395 IS
3658 332 3752 401 1m

604 458 693 511 78.
743 455 1023 524 [Equalem
1057 455 1111 508 in
1142 469 1333 509 omnes
1354 454 1677 509 charilatem
1709 454 1971 523 possidet,
2004 448 2096 521 qui
2134 454 2159 504 Α

2273 446 2369 514 οη’,
2418 448 2568 515 ἐισην
2610 445 2706 514 τὴν
2756 444 2973 512 ἀγάπην
3018 445 3150 515 πρὸς
3196 443 3424 507 πάντας
3475 444 3753 514 κέκτηταιδ

531 546 693 602 bonis
740 560 848 598 non
890 543 1121 607 invidet,
1169 544 1551 613 malorumque
1590 545 1905 599 miseretur.

2207 537 2316 595 τοῖς
2366 535 2466 603 μὲν
2512 534 2819 596 σπουδαίοις
2868 534 2942 603 μὴ
2985 533 3215 602 φθονῶν,
3268 534 3410 597 τοὺς
3458 531 3517 587 δὲ
3563 535 3752 603 φαύλους

1262 682 1265 685 .
2206 624 2390 678 ἐλεῶν.

601 719 687 773 79.
733 718 907 785 Quam
948 734 1077 773 vere
1124 719 1359 776 idoneus
1384 731 1440 776 et
1477 723 1630 779 utilis
1676 724 1744 779 ad
1780 725 2102 795 regendum,

2275 715 2370 771 σθ’.
2411 712 2610 788 Ἀρξαι
2658 716 2735 780 ὡς
2776 714 2994 786 ἀληθῶς
3035 717 3239 781 ἐκεῖνος
3311 717 3576 785 ὤφειλεν,
3616 721 3642 772 ὀ
3682 722 3750 773 καὶ

531 809 627 879 qui
667 810 778 879 jam
819 818 979 863 antea
1028 810 1222 866 anima:
1260 813 1592 883 corporique
1628 829 1728 870 suo
1771 816 1993 871 virtutis
2022 818 2086 871 le-

2055 833 2103 871 ε-
2204 807 2347 879 ψυχῇ
2379 807 2475 860 καὶ
2504 807 2714 878 σώματι
2741 807 2811 862 τὰ
2842 808 2942 879 τῆς
2969 810 3173 881 ἀρετῆς
3201 810 3610 881 νομοθετήσας.

530 916 625 968 ges
659 900 811 954 tulitl
1557 904 1560 909 ’

602 990 690 1044 80.
726 991 821 1046 Ille
841 992 1142 1060 Spiritualis
1161 1002 1247 1049 est
1274 996 1604 1066 negotiator,
1634 999 1730 1068 qui
1755 1001 1942 1055 suavia
1970 1017 2101 1071 pro-

2276 991 2350 1038 π’.
2393 985 2830 1057 Πραγματευτὴς
2853 989 3228 1059 πνευματικὸς
3274 990 3503 1053 ἐκεῖνος
3535 991 3749 1061 ὑπάρχει,

531 1095 815 1149 διιοτιιίιιιο,
856 1082 1022 1152 hujus
1072 1084 1264 1138 mundi
1316 1095 1545 1157 propter
1599 1088 1786 1144 futura
1829 1107 1896 1145 ex
1947 1108 2086 1162 aequt

2205 1078 2233 1129 ὁ
2260 1075 2320 1141 ἐξ
2361 1077 2477 1129 ἴσου
2520 1076 2609 1129 διὰ
2653 1079 2721 1131 τά
2752 1078 3014 1147 μέλλοντα
3050 1080 3148 1132 καὶ
3175 1080 3289 1134 τῶν
3329 1081 3515 1152 ἡδέων
3545 1082 3632 1134 τοῦ
3662 1081 3749 1152 βίον

532 1171 855 1225 contemnit.

2205 1170 2300 1220 καὶ
2328 1166 2435 1221 τῶν
2476 1168 2780 1237 αὐστειρῶν
2810 1171 3242 1241 ἀποταξάμενος.

604 1261 689 1314 8l.
736 1263 935 1318 Anima
984 1266 1255 1323 charitatc
1296 1278 1355 1324 et
1404 1273 1769 1342 temperantia
1808 1274 2099 1342 ﬁrmatur;

2276 1265 2388 1311 πα’.
2438 1258 2697 1313 Ῥώννυσι
2724 1259 2900 1330 ψυχὴν
2929 1260 3049 1330 μὲν,
3080 1262 3270 1333 ἀγάπη
3322 1264 3427 1317 καὶ
3456 1264 3751 1334 ἐγκράτεια·

534 1367 687 1407 meus
703 1370 833 1409 vero
850 1357 1005 1424 puris
1017 1360 1274 1427 precibus
1289 1376 1352 1416 ac
1369 1361 2100 1435 spiritalicontemplatione.
2204 1346 2329 1399 νοῦν
2351 1347 2409 1435 δὲ
2436 1348 2712 1418 προσευχὴ
2741 1348 2978 1419 καθαρὰν
3014 1350 3112 1402 καὶ
3158 1349 3374 1421 θεωρία
3411 1352 3747 1423 πνευματική·

603 1445 692 1497 82.
732 1444 870 1499 Cum
911 1462 1222 1504 sermonem
1286 1453 1478 1508 utilem
1531 1456 1709 1522 audis,
1752 1434 1864 1511 non
1916 1459 2104 1529 judica

2274 1434 2382 1505 πβ’.
2439 1437 2675 1490 Ἀκούων
2718 1437 2874 1505 λόγον
2917 1437 3213 1509 ὠφέλιμον,
3260 1440 3346 1511 μὴ
3391 1444 3547 1511 κρῖνε
3576 1444 3658 1494 τὸν
3684 1442 3747 1495 λέ-

530 1534 828 1603 dicentem,
853 1553 923 1592 ne
950 1550 1002 1593 te
1028 1541 1211 1609 ipsum
1234 1545 1475 1612 pretiosa
1495 1545 1876 1602 admonitione
1897 1548 2081 1618 prives

2201 1543 2384 1595 γοντα,
2440 1527 2526 1580 ἵνα
2577 1529 2652 1599 μὴ
2703 1528 2802 1600 τῆς
2848 1529 3164 1598 ὲπωφελοῦς
3218 1531 3522 1594 νουθεσίας
3584 1533 3742 1584 ἑαυτὸν

2204 1619 2607 1689 ἀποστερήσῃς.

2204 1620 2607 1688 ἀποστερήσῃς.

601 1706 688 1760 85.
730 1709 1007 1766 Judicium
1043 1730 1274 1784 pravum
1303 1720 1443 1775 mala
1471 1722 1695 1792 cogitat,
1725 1733 1782 1779 et
1814 1724 2099 1781 benefacta
2137 1787 2156 1792 _

2277 1718 2386 1778 πγ’.
2428 1710 2627 1781 Γνώμη
2652 1712 2861 1782 πονηρά
2881 1713 3028 1767 κακά
3058 1712 3408 1783 ἐνθυμεῖται,
3437 1717 3531 1768 καὶ
3560 1717 3624 1768 τὰ
3651 1733 3751 1767 κατ-

529 1798 766 1864 proximi
814 1799 1113 1859 inﬁdeliter
1155 1810 1435 1865 narrando
1476 1787 1764 1870 elevatae
1804 1816 2079 1872 imminuit

2204 1802 2497 1873 ορθώματα
2529 1803 2631 1879 τοῦ.
2687 1802 2913 1874 πλησίον
2939 1806 3019 1867 είς
3046 1804 3311 1858 ἐλάττονα
3345 1806 3749 1875 παραγνωρίζει.

599 1886 687 1941 84.
716 1888 795 1944 Ne
821 1892 1126 1949 credideris
1154 1899 1418 1968 cogitatui
1451 1905 1593 1959 mala
1624 1905 1692 1960 de
1727 1888 1978 1975 proximo
2001 1924 2097 1963 co-

2276 1891 2379 1946 πᾶ.
2419 1892 2511 1962 Μὴ
2560 1893 2781 1946 πίστευε
2816 1894 2895 1963 τῷ
2939 1892 3186 1963 λογισμῷ
3229 1894 3487 1964 κρίνοντι
3519 1896 3606 1948 τὸν
3644 1896 3778 1962 πληι.

528 1976 724 2044 gitanti
755 1997 769 2033 :
805 1996 931 2036 nam
966 1985 1061 2054 qui
1099 1989 1304 2044 malum
1355 1992 1673 2050 thesaurum
1727 1998 1913 2065 habet,
1957 2002 2083 2055 mal:

2204 1985 2339 2049 σίον,
2368 1984 2449 2037 ὅτι
2480 1984 2716 2055 πονηρὸν
2760 1983 2899 2055 ἔχων
2929 1984 3224 2057 θησαυρὸν,
3257 1986 3487 2057 πονηρά
3513 1986 3602 2039 καὶ
3627 1986 3744 2052 λογί-

525 2067 693 2122 etiam
741 2072 965 2143 cogitat.

2201 2078 2372 2142 ζεται.
3156 2074 3170 2087 ’

597 2158 685 2212 85.
722 2159 932 2217 Bonum
963 2179 1062 2219 cor
1097 2166 1271 2225 bonas
1311 2173 1677 2242 cogitationes
1705 2179 1881 2233 nutrit
1914 2197 1927 2232 :
1960 2198 2099 2251 qua-

2272 2167 2376 2222 πε’.
2431 2168 2636 2241 Ἀγαθὴ
2674 2168 2871 2240 καρδία
2908 2167 3121 2236 ἀγαθὰς
3169 2169 3393 2232 ἒννοίας
3422 2168 3613 2239 φέρει*
3638 2168 3744 2237 πρὸς

524 2245 633 2300 lem
679 2249 829 2304 enim
862 2252 1181 2311 thesaurum
1217 2258 1403 2327 habet,
1433 2264 1570 2320 tales
1606 2265 1771 2321 etiam
1806 2245 2079 2326 habet'co-

2201 2256 2309 2329 γάρ
2329 2258 2423 2312 τὸν
2452 2259 2723 2328 θησαυρὸν
2745 2258 2932 2324 αὑτοῦ,
2971 2259 3064 2312 καὶ
3086 2259 3154 2312 τὰ
3195 2259 3570 2331 ἐνθυμήματα
3592 2258 3741 2313 αὑτοῦ.

560 2337 835 2397 itationes.

522 2353 835 2406 guauones.

594 2432 682 2486 86'.
715 2432 864 2489 Habe
907 2440 1177 2494 rationem
1212 2444 1610 2513 cogitationum
1665 2459 1903 2516 tuarum,
1936 2454 2077 2507 mali-

2272 2441 2389 2500 πς’.
2433 2436 2601 2507 Τήρει
2625 2437 2750 2500 τοὺς
2777 2436 3093 2507 λογισμοὺς,
3122 2440 3411 2511 καὶφεῦγε
3437 2442 3543 2496 ἀπὺ
3563 2442 3738 2503 κακίας·

522 2525 766 2595 tiamque
797 2528 957 2600 fuge;
1034 2548 1105 2589 ne
1142 2533 1380 2593 obscura
1431 2549 1617 2596 mente
1663 2542 1770 2597 alia
1820 2560 1922 2613 pro
1974 2545 2077 2599 alii:

2202 2527 2288 2580 ἵνα
2314 2528 2390 2599 μὴ
2415 2528 2716 2593 σκοτισθεὶς
2737 2532 2765 2583 ὁ
2796 2530 2919 2595 νοῦς
2956 2530 3092 2585 ἄλλα
3122 2532 3239 2585 ἀντ’
3269 2533 3458 2587 ἄλλων
3504 2533 3677 2605 βλέπῃ.

521 2615 726 2673 videas.

594 2707 680 2761 87.
727 2709 947 2768 Iudaeos
991 2721 1119 2770 ante
1160 2716 1353 2773 oculos
1392 2734 1666 2790 propone,
1708 2731 1870 2794 teque
1908 2726 2095 2795 ipsum

2270 2705 2377 2769 πζ’.
2432 2706 2632 2759 Ἐννόει
2657 2707 2784 2769 τοὺς
2818 2707 3127 2775 Ἰουδαίους,
3159 2709 3257 2764 καὶ
3282 2711 3583 2779 ἀσφάλισαι
3610 2727 3738 2764 σεαυ-

521 2796 757 2851 munias.
787 2798 1001 2856 Invidia
1024 2803 1175 2858 enim
1203 2805 1490 2874 obcacati,
1520 2809 1812 2867 Dominum
1838 2823 1896 2869 et
1924 2815 2076 2870 Deun

2199 2796 2308 2849 τόν.
2338 2799 2399 2849 0i
2420 2797 2483 2850 ὲκ
2525 2797 2620 2850 τοῦ
2664 2797 2859 2864 φθόνου
2890 2798 3295 2866 τυφλωθέντες,
3326 2802 3422 2854 τὸν
3453 2802 3639 2871 Κύριον
3663 2799 3733 2852 καί

522 2886 863 2943 Beelzebulis
900 2893 1125 2949 nomine
1162 2895 1505 2955 infamabant
1543 2901 1588 2954 ί.

2200 2886 2333 2939 Θεὸν
2357 2888 2436 2949 εἰς
2470 2886 2798 2949 Βεελζεσοὺλ
2828 2888 3275 2959 παρεγνώρισαν.

595 2978 682 3031 88.
714 2979 1073 3050 Suspiciones
1089 2988 1247 3042 malas
1264 2999 1503 3045 mentem
1520 2994 1830 3062 obfuscant,
1856 2998 2095 3055 faciunt-

2270 2976 2382 3047 πη’.
2433 2978 2691 3032 ’Υπόνοια
2759 2981 2975 3051 πονηρά
3031 2982 3271 3045 σκοτίζει
3362 2983 3612 3045 διάνοιαν,
3659 2980 3732 3033 καὶ

521 3082 630 3134 que
675 3077 735 3123 ut
773 3084 839 3125 ea
877 3088 1005 3142 quae,
1039 3085 1195 3132 extra
1242 3078 1388 3134 viam
1434 3093 1582 3151 sunt,
1622 3086 1917 3145 videantur
1971 3107 2076 3149 ESSt

524 3171 576 3194 In
611 3172 697 3194 νηὶ
896 3192 902 3194 -

2077 3110 2094 3149 3
2120 3133 2167 3194 ε
2200 3072 2363 3136 ποιεῖ,
2399 3069 2467 3123 τά
2497 3071 2643 3139 παρά
2671 3071 2770 3141 τὴν
2798 3071 2936 3138 ὁδὸν,
2970 3073 3092 3125 ἀντὶ
3117 3077 3216 3145 τῆς
3243 3074 3373 3129 ὀδοῦ
3404 3075 3632 3144 θεωρεῖν.

522 3171 578 3208 Ill
611 3172 720 3211 vna.
895 3192 903 3197 -

591 3248 679 3302 89.
714 3250 877 3308 Juxta
912 3268 1106 3312 omnes
1149 3259 1380 3317 virtutes
1409 3267 1721 3324 scaturiunt
1746 3279 1802 3326 et
1847 3273 2012 3341 vitia;
2035 3285 2093 3331 et

2272 3260 2379 3313 πθ’.
2419 3261 2549 3324 Ταῖς
2603 3261 2823 3330 ἀρεταῖς
2891 3260 3132 3325 ἁπάσαις
3192 3262 3646 3333 παραπεπήγασιν
3687 3256 3728 3310 αἱ

522 3338 652 3395 inde
696 3351 802 3408 est,
854 3361 1027 3415 quare
1069 3350 1197 3406 mali
1241 3353 1475 3412 virtutes
1531 3358 1587 3414 in
1627 3362 1826 3419 malam
1876 3338 2077 3436 partem

2200 3355 2390 3407 κακίαι
2408 3372 2419 3384 ·
2460 3353 2555 3406 καὶ
2577 3354 2665 3406 διὰ
2695 3352 2854 3406 τοῦτο
2877 3352 2976 3416 τὰς
3002 3353 3206 3423 ἀρετὰς
3240 3356 3295 3407 οἱ
3319 3354 3539 3422 πονηροὶ
3560 3353 3630 3415 είς
3654 3365 3726 3403 κα-

521 3431 978 3502 interpretantur.
1877 3431 1895 3436 —

1877 3431 1895 3436 ’
2200 3447 2323 3509 κὶας
2356 3464 2431 3499 πα
2439 3445 2853 3516 ραγνωρίζουσι.

594 3524 682 3579 90.
724 3527 958 3603 Mens-si
993 3530 1048 3585 in
1079 3548 1139 3588 re
1180 3535 1364 3606 aliqua
1398 3538 1608 3596 diutius
1638 3545 1724 3598 vel
1749 3546 1820 3600 ob
1834 3546 2088 3616 lectetur,

2270 3542 2341 3605 ιιν.
2395 3537 2584 3606 Ἡδονῇ
2626 3536 2659 3605 ἢ
2709 3536 2856 3609 λύπῃ
2897 3534 3227 3606 ὲγχρονίξων
3288 3539 3319 3590 ὁ
3367 3535 3509 3599 νοῦς,
3552 3531 3620 3602 τῷ
3656 3528 3729 3598 τῆς

519 3613 603 3666 Vel
653 3625 901 3683 maereat,
953 3621 1138 3676 statim
1168 3624 1225 3678 in
1254 3628 1458 3684 acediaa
1500 3646 1663 3701 grave
1697 3634 1899 3689 malum
1922 3638 2069 3693 cadit

1703 3634 1899 3689 malum
1922 3613 2088 3693 cadit;
2201 3627 2432 3697 ἀκηδίας
2462 3626 2625 3680 πάθει
2651 3629 2883 3696 τάχιστα
2911 3618 3258 3696 περιπίπτει.

593 3704 681 3757 91.
708 3704 1056 3767 Conscientia
1078 3729 1216 3783 pura
1243 3719 1480 3774 animam
1503 3724 1731 3788 excitat,
1760 3742 1925 3795 quam
1966 3745 2090 3783 rur-

2270 3716 2380 3783 ιμ’.
2421 3716 2735 3787 Συνείδησις
2764 3715 2984 3786 καθαρά
3008 3716 3269 3788 διεγείρει
3290 3718 3488 3789 ψυχὴν,
3512 3709 3724 3783 λογισμδς

521 3811 616 3850 sus
670 3797 726 3851 in
762 3809 966 3858 terram
1014 3806 1296 3865 immunda
1334 3816 1596 3886 cogitatio
1634 3818 1841 3889 dejicit.

1634 3818 1841 3889 dejicit.
2197 3810 2255 3863 δὲ
2288 3808 2529 3881 ῥυπαρὸς
2558 3807 2936 3878 καταχθονίςει
2963 3810 3156 3877 αὑτήν.

594 3886 683 3941 92.
704 3888 1002 3962 Exagitata:
1018 3900 1304 3964 passiones
1326 3907 1609 3975 expellunt
1626 3886 1819 3964 vanam
1841 3913 2089 3982 gloriam:

2216 3914 2227 3926 '
2270 3901 2376 3972 ιιβσ.
2416 3899 2727 3970 Κινούμενα
2752 3899 2821 3953 τὰ
2853 3900 3000 3969 πάθη
3026 3900 3403 3955 ἀπελαύνουσι
3437 3893 3718 3962 κενοδοξίαν*

520 3982 577 4030 at
620 3977 666 4032 si
713 3980 914 4049 quietae
960 3987 1287 4056 consistant,
1333 4008 1455 4048 eam
1513 4014 1706 4055 rursus
1751 4003 2075 4070 postliminit

1990 4005 2091 4059 Lnio
2200 3990 2569 4067 ἀναιρούμενα
2599 3991 2677 4058 δὲ,
2706 3990 2867 4063 πάλιν
2886 3991 3061 4060 αὐτὴν
3091 3990 3545 4063 ὑποστρέφουσιν.

517 4077 801 4124 revocant.

591 4160 680 4215 95.
721 4161 818 4217 Vis
846 4167 1018 4222 semel
1045 4169 1115 4224 ab
1162 4173 1421 4230 omnibus
1452 4178 1621 4232 animi
1651 4182 2089 4249 perturbationi-

2270 4182 2379 4245 ια’.
2420 4174 2482 4226 Εἰ
2523 4172 2740 4226 πάντων
2795 4170 2931 4241 ὁμοῦ
2984 4168 3094 4222 τῶν
3159 4170 3354 4226 παθῶν
3401 4164 3716 4231 ἀπαλλαγῆναι

517 4248 624 4306 bus
670 4252 936 4312 liberari?
960 4261 1291 4319 assuefacito
1317 4274 1370 4322 te
1397 4248 1678 4337 charitati,
1718 4274 2012 4329 contentiae
2035 4290 2065 4330 e

2201 4265 2393 4330 θέλεις,
2418 4260 2746 4332 ἐγκράτειαν
2780 4260 2874 4313 καὶ
2906 4259 3128 4329 ἀγάπην
3160 4262 3256 4314 καὶ
3298 4257 3590 4332 προσευχὴν
3616 4250 3713 4306 ἀνά-

518 4343 799 4411 precibus.

2199 4354 2354 4410 λαὸε.

582 4432 672 4488 94.
710 4433 865 4491 Mens
896 4437 1040 4508 apud
1073 4439 1249 4497 Deum
1288 4458 1499 4501 moram
1540 4448 1749 4507 faciens
1787 4458 2088 4524 precando,
2124 4474 2137 4531 ι

2155 4480 2169 4529 ι
2273 4449 2371 4517 ιιδν.
2410 4445 2553 4508 Νοῦς
2581 4444 2669 4498 διὰ
2702 4441 3009 4514 προσευχῆς
3038 4440 3118 4512 τῷ
3151 4441 3275 4513 Θεῷ
3302 4440 3622 4513 ἐγχρονίζων,
3644 4432 3710 4486 καὶ

518 4521 803 4580 all‘ectivas
845 4529 1044 4584 animae
1086 4533 1234 4588 vires
1274 4549 1305 4588 a
1360 4537 1713 4606 passionibus
1757 4544 1975 4602 liberat.

2076 4521 2083 4524 ⁷
2125 4521 2164 4532 ⁷
2186 4549 2249 4604 τὸ
2287 4539 2588 4609 παθητικὸν
2609 4537 2711 4605 τῆς
2743 4534 2921 4604 ψυχῆς
2946 4532 3057 4585 τῶν
3080 4532 3274 4587 παθῶν
3305 4533 3630 4589 ἀπαλλάττει.

590 4614 679 4668 95.
715 4614 870 4670 Sicut
914 4619 1062 4674 Deus
1101 4623 1360 4681 omnibus
1390 4643 1513 4698 quae
1557 4642 1709 4697 sunt,
1758 4634 1913 4691 dedit
1944 4655 2087 4708 esse,

2259 4642 2361 4704 ιιε’.
2411 4632 2469 4684 '0
2498 4629 2632 4691 Θεὸς
2660 4626 2721 4679 τὸ
2759 4619 2899 4677 εἶναι
2944 4625 3060 4687 τοῖς
3110 4623 3233 4677 οὖσι
3273 4621 3530 4683 δεδωκὼς,
3563 4616 3637 4669 καὶ
3664 4612 3708 4677 τῇ

521 4702 599 4757 ita
641 4712 699 4759 et
727 4707 916 4762 omnia
947 4711 1295 4779 providentia
1340 4732 1439 4772 sua
1479 4720 1644 4776 simul
1684 4725 1981 4797 colligavit.
2074 4702 2076 4708 Α

1851 4729 1981 4783 avit.
2074 4702 2083 4708 1
2189 4702 2416 4799 προνοίᾳ
2442 4720 2606 4777 αὐτοῦ
2647 4720 2764 4790 ἅμα
2783 4719 2851 4772 τὰ
2879 4717 3057 4770 πάντα
3081 4717 3406 4787 συνέδησεν.

595 4796 686 4853 96.
722 4797 791 4852 Et
823 4814 948 4855 cum
992 4814 1140 4859 esset
1172 4807 1457 4876 Dominus,
1503 4810 1679 4868 factus
1708 4796 1901 4873 servus
1933 4836 2086 4876 sum-

2236 4796 2370 4888 ἰτςκ
2392 4796 2687 4883 ῨΔεσπότης
2716 4811 2772 4864 δὲ
2803 4808 3087 4895 ὑπάρχων,
3113 4809 3207 4861 καὶ
3229 4808 3414 4870 δοῦλος
3455 4801 3706 4873 γενόμενος,

523 4907 668 4946 mam
695 4906 826 4963 erga
855 4905 1140 4954 creaturas
1169 4902 1571 4969 providentiam
1603 4907 1904 4965 declaravit
1933 4914 1980 4967 ε.

1933 4914 1980 4967 ⁸.
2193 4913 2254 4966 τὸ
2278 4911 2445 4981 ἄκρον
2475 4907 2576 4975 τῆς
2605 4902 2860 4975 προνοίας
2889 4903 2956 4971 τῇ
2988 4900 3165 4953 κτίσει
3191 4899 3470 4971 ἐξέφηνεν.

594 4986 684 5041 97.
716 4986 868 5041 Deus
896 4996 954 5042 et
978 4989 1219 5046 Verbum
1250 4994 1461 5066 absque
1499 4997 1585 5051 sui
1617 5003 1978 5059 conversione
2010 5006 2091 5060 in-

2267 4978 2368 5070 ιιςνζ
2420 5001 2479 5054 Ὀ
2503 4996 2635 5059 ea;
2659 4993 2752 5048 καὶ
2767 4991 2938 5060 Λόγος
2961 4990 3247 5060 ἀτρέπτων
3266 4988 3570 5063 ἒαρκωθεκ,
3593 4978 3704 5045 πάσῃ

523 5086 802 5143 carnatus,
839 5081 989 5134 omni
1034 5092 1300 5139 creatura:
1329 5100 1427 5154 per
1460 5103 1683 5144 carnem
1719 5092 1907 5149 unitus
1947 5106 2049 5151 est.

1622 5106 1683 5143 :m
1719 5092 1907 5149 unitus
1947 5106 2049 5151 est.
2194 5096 2260 5165 τῇ
2291 5092 2466 5146 κτίσει
2492 5088 2581 5143 διὰ
2609 5086 2710 5155 τῆς
2743 5083 2944 5153 σαρκὸς
2970 5080 3177 5152 ήνὼθη.

596 5171 684 5225 98.
715 5172 919 5225 Rarum
952 5172 1277 5229 miraculum
1321 5177 1378 5231 in
1416 5180 1555 5234 coelo
1592 5190 1648 5235 et
1677 5183 1732 5238 ln
1768 5193 1934 5251 terra,
1958 5189 2087 5256 quia

2234 5154 2372 5255 ’,ἵ-ιη’.
2414 5179 2573 5234 Ξένον
2596 5154 2778 5245 θαῦμα
2806 5175 2864 5226 ἐν
2894 5171 3109 5242 οὐρανῷ
3128 5172 3226 5223 καὶ
3250 5173 3346 5225 ἐπὶ
3372 5171 3485 5240 γῆς,
3518 5165 3586 5256 ὅτι
3600 5154 3700 5256 θεξς

526 5260 672 5313 Deus
700 5276 867 5331 super
892 5270 1116 5330 terram,
1164 5274 1220 5320 et
1252 5266 1418 5321 homo
1456 5270 1514 5323 in
1542 5272 1726 5338 cmlis;
1757 5283 1818 5329 ut
1841 5275 2081 5334 homines

2200 5244 2456 5344 tut-Tim
2508 5271 2608 5325 κᾶν
2633 5281 2659 5310 ι
2684 5244 2967 5337 ἄνθρωπος
3017 5265 3077 5316 ὲν
3127 5264 3408 5337 οὐρανοῖς·
3444 5261 3519 5312 ἵνα
3538 5244 3695 5344 ἀνθριξῖ-

529 5350 737 5421 angelis
770 5355 1197 5421 associarentur,
1242 5365 1296 5411 et
1330 5360 1479 5414 omni
1524 5373 1789 5420 creaturae
1835 5367 2084 5426 divinitas

2202 5336 2355 5430 οπους⁷
2383 5336 2639 5433 ἀγγέλοις
2682 5336 2942 5428 συνάψας,
2997 5357 3116 5427 ἅμα
3164 5336 3320 5431 πάσῃ
3348 5358 3409 5427 τῇ
3445 5349 3594 5407 κτίσει
3629 5336 3695 5405 τὴν

527 5440 887 5499 tribueretur.
1436 5524 1440 5528 δ

1436 5524 1440 5528 ,
2202 5454 2394 5514 θέωσιν
2422 5455 2734 5528 χαρίσηται.

606 5579 628 5620 ί
653 5581 786 5636 Luc.
818 5597 891 5639 xx.
936 5582 1020 5634 l5.
1101 5586 1124 5622 ε
1153 5585 1386 5656 Philipp.
1430 5604 1484 5654 ιι,
1516 5589 1567 5642 7.

612 5726 641 5756 ι
671 5716 797 5769 Κᾶν
830 5716 989 5770 Forte
1018 5717 1127 5769 καί.
