3938 6148
203 384 318 442 1437
1586 399 1758 458 (ἸΕΝἸ

1867 399 1970 458 ΗΛ
2013 401 2091 459 Il.
3289 400 3422 467 H38

262 488 354 557 ι,θ’.
405 491 702 566 Ἀγιασμὺς
747 503 838 556 καὶ
886 503 1082 568 θέωσις
1129 507 1377 574 ἀγγέλων
1404 512 1496 565 καὶ
1530 513 1742 584 ἀνθρώ·
1773 525 1814 574 Α

1917 511 2003 560 :19.
2047 507 2178 560 Ἰήιη
2222 507 2540 576 angelorum
2574 523 2738 578 quam
2778 507 3066 562 hominum
3106 510 3418 566 sanctiﬁca-

201 598 320 646 πων,
352 585 384 654 ἡ
426 585 626 652 γνῶσις
657 589 758 660 τῆς
784 593 946 662 ἁγίας
977 597 1071 650 καὶ
1102 599 1386 666 ὀμοουσίου
1410 603 1661 672 Τριὰδος.

1865 597 1924 649 .io
1969 610 2024 650 et
2069 596 2381 660 deiﬁcatio,
2433 607 2516 652 cst
2567 606 2772 654 sanctae
2820 600 3420 672 consubstantialisqne

1852 686 2141 742 Trinitatis
2171 688 2432 757 cognitio.

263 762 320 826 ρ’.
360 759 715 831 Συγχῶρησις
765 764 1070 837 ἁμαρτιῶν,
1121 769 1309 824 παθῶν
1349 772 1498 827 ἐστιν
1539 773 1752 829 ἐλευθε-

1929 778 2047 832 100.
2077 779 2434 840 Peccatorum
2459 779 2712 835 remissio
2730 780 3044 836 libertatem
3070 781 3140 836 ab
3171 779 3421 838 affectio-

199 849 299 918 ρία,
329 842 401 944 ὧν
432 851 460 902 ὁ
495 854 662 944 μὴπω
709 855 1044 926 ἀπαλλαγεὶς
1086 859 1292 931 χάριτι,
1327 863 1427 934 τῆς
1460 867 1750 938 συγχωρή·

1866 869 2016 923 tibus
2046 879 2268 938 praestat
2303 888 2318 924 :
2353 887 2517 941 quam
2553 872 2648 941 qui
2678 871 2924 926 nondum
2954 888 3053 942 per
3073 871 3303 944 gratiam
3336 889 3421 928 as-

199 954 322 1004 σεως
345 939 495 994 οὑπω
515 943 724 1012 ἔτυχεν.

1863 967 2077 1015 secutus
2123 971 2226 1024 cst,
2265 964 2334 1017 ab
2359 979 2427 1018 eo
2460 964 2627 1020 etiam
2664 974 2886 1033 peccata
2927 965 3172 1020 nondum
3205 965 3418 1021 discesn

1853 1059 2064 1102 serunt.

402 1222 1907 1257 Ἦ

1368 1389 2026 1486 ΕΚΑΤΟΝΤΑΣ
2103 1404 2210 1496 B'.

1473 1559 1582 1629 Ἦς
1616 1571 1647 1640 ἡ
1679 1571 1988 1642 ἀκροστιχὶς
2016 1573 2110 1643 ἥδε

507 1703 695 1778 Εὖξαι
719 1711 870 1783 ὑπὲρ
901 1715 1065 1785 ἐμοῦ,
1101 1717 1326 1788 ἀδελφέ
1350 1720 1669 1790 τιμιώτατε,
1704 1727 1793 1779 ὅτι
1812 1729 2048 1796 μεγάλα
2087 1732 2243 1786 κακὰ
2262 1730 2583 1799 προσδοκῶ
2610 1731 2750 1797 ἄξια
2779 1731 2891 1802 τῆς
2915 1729 3069 1802 ἐμῆς

933 1811 1353 1879 προαιρέσεως,
1387 1815 1587 1882 λύπας
1611 1817 1682 1885 τῇ
1705 1817 1898 1888 ψυχῇ,
1930 1821 2027 1874 καὶ
2057 1820 2279 1890 ὀδύνας
2303 1823 2382 1888 τῷ
2411 1823 2657 1893 σώματι.
2684 1846 2688 1850 λ

1379 2122 1987 2214 CENTURIA
2074 2131 2207 2246 ιι,

1007 2308 1177 2383 Cujus
1204 2329 1460 2368 versuum
1493 2317 1682 2385 prima:
1725 2317 1922 2373 litterae
1949 2319 2050 2374 has
2079 2334 2242 2375 voces
2278 2319 2541 2377 exhibent
2567 2338 2580 2376 ς

538 2457 666 2522 Ora
695 2477 819 2540 pro
870 2480 982 2534 me,
1025 2463 1230 2543 frater
1269 2464 1664 2543 dignissime;
1703 2469 1868 2530 mala
1893 2431 2073 2532 enim
2111 2479 2399 2549 exspecto
2435 2469 2706 2550 grandia
2746 2479 2806 2532 et
2841 2468 3035 2550 digna

766 2562 918 2624 meis
959 2561 1213 2638 studiis,
1265 2565 1565 2626 tristitias
1605 2568 1842 2632 scilicet
1881 2570 2080 2632 animi
2117 2582 2169 2632 et
2210 2568 2458 2632 dolores
2497 2569 2809 2648 corporis.

244 2855 311 2914 αν,
354 2858 587 2922 Ἐθέλεις
615 2856 706 2926 ὑφ’
743 2857 801 2910 ἓν
830 2855 938 2910 τῶν
971 2857 1178 2914 κακιῶν
1205 2859 1628 2932 ἀπαλλαγῆναιὲ
1658 2864 1725 2933 τῇ
1769 2867 1799 2920 Ῑ]

1908 2863 1959 2915 1.
1997 2861 2088 2916 Vis
2133 2861 2304 2917 semel
2334 2876 2364 2916 a
2411 2861 2568 2916 malis
2613 2861 2871 2916 omnibus
2916 2859 3142 2916 liberari
3180 2859 3204 2914 ?
3242 2863 3406 2918 matri

179 2954 345 3024 μητρὶ
370 2951 480 3004 τῶν
505 2948 694 3004 κακῶν
721 2950 789 3020 τῇ
823 2948 1082 3022 φιλαυτία
1117 2949 1410 3015 ἀπόταξαι.

1843 2953 2136 3019 malorum,
2167 2954 2341 3008 amori
2374 2953 2452 3008 tul
2493 2953 2668 3023 ipsius
2702 2951 2982 3008 renuntia.

245 3044 310 3115 β’.
352 3041 543 3111 Ὑγεία
589 3040 792 3111 ψυχῆς,
819 3039 1061 3095 ἀπάθεια
1088 3043 1182 3096 καὶ
1200 3041 1436 3111 γνῶσις,
1463 3037 1532 3115 ἧς
1557 3046 1740 3114 τυχεῖν

1909 3046 1964 3100 2.
1988 3043 2199 3100 Anima:
2255 3045 2462 3099 sanitas
2487 3051 2574 3098 est
2601 3041 3020 3112 impassibilitas
3051 3051 3109 3098 et
3148 3044 3408 3112 scientia,

172 3137 450 3207 ἀμήχανον
483 3133 573 3187 τὸν
594 3132 806 3204 ἡδοναῖς
830 3131 1174 3188 δουλεύοντα.

1839 3151 2003 3208 quam
2030 3153 2193 3192 nemo
2217 3135 2594 3205 voluptatibus
2617 3134 2863 3188 serviens
2891 3134 3110 3204 assequi
3135 3145 3333 3205 potest.

241 3225 311 3295 γ’.
345 3224 606 3296 Ξηραίνει
650 3222 750 3288 τὰς
792 3222 988 3294 ἡδονάς
1015 3223 1117 3286 τὰς
1165 3221 1483 3293 σωματικάς
1513 3239 1607 3287 τε,
1645 3223 1741 3277 καὶ

1908 3223 1961 3279 5.
1990 3225 2335 3280 Abstinentia
2383 3240 2508 3278 eum
2542 3223 2828 3293 patientia,
2891 3231 2947 3276 et
2991 3223 3232 3280 charitas
3281 3241 3405 3282 cum

167 3317 406 3388 ψυχικὰς
439 3317 736 3388 ἐγκράτεια
789 3313 908 3385 μεθ’
937 3313 1235 3384 ὑπομονῆς,
1259 3313 1355 3368 καὶ
1383 3313 1571 3383 ἀγάπη
1601 3312 1722 3384 μετὰ

1854 3315 2276 3384 longanimitate,
2303 3323 2413 3395 tam
2437 3327 2736 3382 corporeas
2761 3325 2926 3380 quam
2953 3311 3221 3368 animales
3249 3315 3409 3370 volu-

169 3407 580 3479 μακροθυμίας.
1517 3445 1520 3449 -

1517 3445 1520 3449 -
1839 3414 2018 3475 ptates
2049 3405 2347 3460 exsiccant.

236 3499 300 3552 δ’.
341 3497 510 3568 Ἀρχὴ
563 3496 752 3551 κακῶν
798 3497 867 3567 τῇ
917 3494 1064 3566 ψυχῇ
1095 3495 1128 3564 ἡ
1161 3494 1415 3565 φιλαυτία
1466 3495 1688 3565 γέγονεν
1721 3514 1733 3526 ·

1908 3497 1962 3551 ι.
1993 3495 2330 3565 Principium
2383 3493 2648 3548 malorum
2700 3493 2914 3555 animaz,
2955 3493 3059 3548 fuit
3113 3508 3268 3547 amor
3322 3493 3407 3549 sui

165 3591 430 3660 φιλαυτία
456 3589 513 3642 δέ
545 3589 694 3642 ἐστιν
717 3588 750 3658 ἡ
778 3585 873 3640 τοῦ
908 3585 1160 3658 σώματος
1190 3585 1363 3653 φιλία.

1852 3587 2046 3658 ipsius;
2097 3601 2250 3642 amor
2290 3593 2474 3640 autem
2529 3585 2614 3640 sui
2673 3584 2895 3655 ipsius,‘
2928 3599 3083 3640 amor
3144 3592 3230 3640 est
3282 3599 3407 3640 cor-

1839 3693 2014 3749 poris.
2711 3712 2718 3719 -

233 3772 298 3820 ε’.
333 3765 497 3818 Ἰδιον
526 3762 622 3817 τοῦ
646 3761 870 3832 λογικοῦ
893 3762 956 3816 τὸ
977 3763 1318 3834 ὑποταγῆναι
1339 3765 1416 3836 τῷ
1442 3765 1606 3836 λόγῳ,
1642 3767 1736 3820 καὶ

1908 3767 1960 3820 5.
1985 3765 2276 3835 Proprium
2321 3772 2407 3818 est
2436 3761 2754 3826 rationalis,
2783 3769 2845 3815 ut
2881 3761 3080 3815 rationi
3117 3760 3405 3829 subdatur,

158 3855 223 3908 τὸ
248 3853 573 3918 ὑποπιάσαι,
605 3852 699 3906 καὶ
727 3851 1146 3920 δουλαγωγῆσαι
1173 3853 1233 3906 τὺ
1267 3853 1450 3924 σῶμα.

1838 3857 2270 3928 castigatumque
2294 3869 2500 3924 corpus
2525 3853 2580 3908 in
2616 3851 2945 3907 servitutem
2991 3851 3223 3924 redigat.

236 3953 314 4010 ς’.
344 3945 540 4017 ’Υόρις
571 3942 649 4014 τῷ
677 3941 883 4013 λογικῷ
912 3941 1252 4012 ὑποταγῆναι
1297 3943 1374 4016 τῷ
1413 3945 1614 4017 ἀλόγῳ.
1643 3946 1736 4000 καὶ

1910 3946 2197 4018 6.1njuria
2246 3944 2308 4000 ﬁt
2340 3943 2595 3999 rationali
2661 3941 2901 3996 hominis
2945 3942 3113 4011 parti,
3155 3945 3200 3997 si
3231 3944 3406 4015 subji—

160 4037 427 4108 πρόνοιαν
455 4035 620 4090 αὑτοῦ
655 4034 926 4088 ποιεῖσθαι
955 4036 1036 4098 είς
1059 4034 1355 4106 ἐπιθυμίας
1375 4039 1625 4108 αἰσχράς.

1848 4040 2013 4095 ciatur
2037 4039 2214 4092 bruta:
2241 4034 2399 4090 alteri
2436 4042 2494 4089 et
2523 4032 2757 4088 rationis
2778 4031 3016 4101 experti,
3049 4031 3403 4102 prudentiam

1455 4179 1463 4202 ,
1768 4192 1804 4202 Δ
1839 4147 1992 4188 suam
2016 4127 2345 4185 insumendo
2380 4125 2449 4180 ad
2477 4123 2748 4195 explenda
2790 4123 2972 4193 turpia
3002 4123 3277 4178 desideria

227 4221 299 4287 ζ’.
337 4222 578 4294 Πονηρὺν
602 4222 765 4292 ἔργον
799 4221 980 4293 ψυχῆς
1012 4219 1260 4290 λογικῆς,
1292 4192 1730 4289 καταλιμπάνειν
1759 4193 1782 4252 (

1907 4223 1959 4276 7.
1999 4221 2199 4276 Malum
2225 4217 2510 4274 rationalis
2533 4192 2731 4270 anima:
2767 4192 2932 4284 opus,
2967 4224 3054 4270 est
3104 4215 3399 4286 reliquisse

147 4314 247 4368 τὸν
267 4314 570 4376 κτίσαντα,
601 4315 698 4368 καὶ
724 4311 1014 4384 λατρεύειν
1040 4311 1118 4382 τῷ
1144 4309 1378 4381 σώματι.

1244 4328 1378 4366 tam.
1808 4313 2210 4391 .Conditorem,
2233 4321 2290 4366 et
2316 4309 2528 4366 servire
2561 4305 2799 4376 corpori.

223 4408 302 4473 η’.
349 4403 710 4474 Ἐκελεὺσθης
735 4403 798 4456 τὸ
819 4402 978 4471 σῶμα
1010 4401 1290 4472 ὑπηρέτην
1323 4400 1490 4471 ἔχειν,
1524 4400 1586 4454 οὑ
1624 4400 1730 4471 μὴν

1946 4447 1955 4460 .
1989 4404 2184 4460 Iussus
2209 4417 2270 4457 es
2302 4414 2504 4470 corpus
2533 4396 2771 4452 ministri
2799 4395 2922 4450 loco
2952 4394 3180 4461 habere,
3209 4404 3266 4451 et
3287 4411 3400 4452 non
3496 4462 3501 4468 _

144 4491 208 4550 δὲ
241 4495 370 4557 ταῖς
399 4492 616 4562 ἡδοναῖς
637 4491 802 4546 αὑτοῦ
830 4489 986 4564 παρὰ
1007 4490 1168 4562 φύσιν
1201 4478 1495 4547 δουλεύειν.

1844 4505 1894 4553 ut
1917 4495 2066 4552 illius
2095 4491 2282 4568 (supra
2303 4507 2469 4562 quam
2499 4489 2670 4560 exigit
2709 4487 2928 4557 natura)
2988 4487 3198 4543 servias
3240 4487 3399 4558 cupi-

1831 4592 2124 4648 ditatibus.

221 4664 294 4719 0'.
341 4665 533 4736 Ῥῆξον
577 4665 646 4720 τὰ
695 4665 873 4738 δεσμὰ
909 4666 1010 4739 τῆς
1053 4668 1190 4739 πρὸς
1215 4669 1276 4722 τὸ
1312 4667 1473 4739 σῶμα
1507 4669 1727 4740 φιλίας,

1898 4683 1952 4738 9.
1975 4679 2244 4736 Amicitiae
2267 4693 2400 4749 erga
2436 4690 2639 4746 corpus
2662 4675 2883 4729 vincula
2941 4682 3289 4743 rumpantur,
3339 4683 3396 4730 et

139 4762 248 4816 καὶ
320 4760 489 4831 μηδὲν
547 4760 836 4832 παράσχῃς
887 4760 968 4833 τῷ
1017 4760 1210 4833 δούλῳ,
1254 4763 1284 4814 ὃ
1336 4779 1389 4816 τι
1451 4762 1525 4834 μὴ
1581 4765 1694 4817 πᾶσ

1840 4788 1942 4828 non
1983 4769 2268 4840 indulgeas
2289 4781 2470 4832 servo,
2523 4763 2633 4820 nisi
2665 4763 2815 4833 quod
2857 4763 3038 4818 omnis
3093 4763 3395 4821 necessitas

136 4853 395 4920 ἀνάγκη.

1830 4863 2081 4936 requirit.

218 4947 278 4996 ι’.
315 4941 636 5012 Ἐγκλεισον
683 4939 784 5004 τὰς
829 4939 1091 5011 άσθὴσεις
1121 4941 1179 4993 ὲν
1237 4939 1317 5008 τῷ
1351 4941 1597 5013 φρουρίῳ
1625 4943 1726 5013 τῆς

1898 4947 2228 5004 10.1ηοΙιι‹1θ
2262 4959 2462 5002 sensus
2489 4944 2632 4999 intra
2675 4941 2878 5012 quietis
2906 4943 3292 5009 munitionem,
3322 4957 3391 4998 ne

134 5025 408 5096 ἡσυχίας,
439 5027 528 5080 ἵνα
573 5027 650 5098 μὴ
678 5026 772 5082 τὸν
814 5026 940 5081 νοῦν
972 5027 1321 5099 περισπῶσιν
1351 5030 1432 5094 είς
1463 5032 1559 5094 τὰς
1590 5031 1689 5086 ίδία

1396 5031 1432 5094 ἱς
1463 5032 1559 5094 τὰς
1590 5031 1726 5096 ιδίας
1828 5041 1884 5096 in
1917 5045 2016 5096 sua
2042 5036 2321 5095 desideria
2347 5041 2589 5091 mentem
2618 5032 2951 5089 distrahant.

133 5115 314 5170 ἐπιθυ
322 5117 472 5187 μίας.

217 5205 314 5262 ια’.
349 5209 598 5275 Μέγιστα
626 5207 767 5262 ὅπλα
817 5207 911 5263 τοὺ
955 5209 1071 5280 μεθ’
1098 5209 1378 5281 ὑπομονῆς
1427 5211 1726 5282 ἡσυχάζον-

1896 5215 1984 5269 Η.
2008 5214 2080 5271 Ut
2109 5213 2208 5270 tibi
2223 5213 2382 5285 quies
2397 5223 2454 5270 et
2469 5215 2728 5285 patientia
2761 5217 3104 5288 contingant,
3124 5217 3180 5270 in
3197 5231 3383 5284 prom—

129 5314 260 5360 τος,
296 5299 596 5370 ἐγκράτεια
639 5301 736 5354 καὶ
771 5300 964 5370 ἀγάπη
1015 5299 1110 5353 καὶ
1160 5301 1439 5374 προσευχὴ
1466 5305 1562 5357 καὶ
1599 5304 1684 5358 ἀνά

1838 5315 1922 5374 ptu
1963 5305 2062 5360 tibi
2091 5305 2203 5360 sint
2247 5307 2644 5374 temperantiae,
2689 5307 3000 5374 charitatis,
3059 5322 3288 5378 precum
3335 5314 3393 5362 et

128 5405 374 5456 γνωσις.
1823 5396 2079 5451 lectionis
2108 5412 2280 5462 arma,
2311 5412 2444 5452 sane
2466 5399 2639 5452 multo
2667 5398 2951 5463 ﬁdissima.

211 5478 310 5548 ιβ’.
343 5481 420 5533 Οὑ
481 5480 712 5535 παύεται
763 5482 792 5534 ό
847 5482 973 5545 νοῦς
1029 5482 1158 5553 περὶ
1227 5484 1326 5548 τὰς
1377 5485 1568 5552 ἡδονὰς
1625 5503 1720 5538 κυ-
1755 5546 1766 5558 Ι

1895 5487 1984 5541 12.
2010 5487 2182 5552 Mens,
2214 5487 2556 5558 voluptatum
2588 5490 2733 5544 escis
2783 5505 2920 5558 quas
2955 5488 3144 5553 ambit,
3179 5488 3389 5544 inhiare

129 5546 386 5635 κλενὺων,
437 5570 595 5642 ἄχρις
622 5567 683 5628 οὗ
715 5571 812 5644 τὴν
852 5573 1028 5644 σάρκα
1061 5546 1482 5646 δουλαγωγὴσας
1521 5546 1682 5645 θεωρέ

1837 5594 1937 5632 non
1969 5585 2170 5642 cessat,
2219 5577 2396 5634 donec
2427 5595 2658 5650 corpore
2714 5581 2768 5635 in
2798 5581 3121 5636 servitutem
3167 5580 3392 5637 redacto

129 5661 494 5730 σχολάζεται.
663 5679 673 5689 ·

1693 5669 1703 5678 '
1826 5667 2275 5738 contemplationi
2298 5679 2476 5726 vacet.

215 5755 314 5816 ιγ’.
364 5751 535 5829 ξΥπὲρ
560 5753 666 5808 τῶν
698 5753 925 5808 ἐντολῶν
959 5753 1374 5824 ἀγωνιζώμεθα,
1407 5757 1492 5811 ἵνα
1529 5757 1715 5812 παθῶν

1900 5761 1981 5815 15.
2017 5760 2072 5813 1η
2113 5763 2402 5832 praeceptis
2441 5764 2724 5820 servandis
2775 5763 3155 5821 desudandum
3193 5771 3296 5825 est,
3334 5767 3395 5816 ut
