3938 6148
539 297 681 363 1439

1775 295 2134 357 THALASS]
2150 294 2174 351 Ι
2214 296 2532 357 ABBATIS

3645 292 3738 359 Ῑίίῦ

537 408 607 463 ab
638 406 807 461 animi
852 405 1238 461 allectionibus
1292 405 1622 471 liberemur;
1669 406 1726 460 in
1773 406 1975 460 divinis
2004 420 2104 459 au-

2240 403 2716 477 λευθερ[ωθ]ὡμεν
2743 421 2755 434 ⁸
2793 403 2931 473 ὑπὲρ
2953 402 3010 455 δὲ
3046 398 3150 454 τῶν
3178 398 3351 452 θείων
3373 398 3659 468 δογμάτων,
3682 401 3737 454 iv:

538 510 650 554 tem
680 499 972 567 dogmatis,
1001 507 1060 552 ut
1088 498 1382 553 scientiam
1415 497 1579 568 digne
1631 513 1964 552 mereamur.

610 586 697 639 M.
729 586 790 639 In
824 586 1260 655 impassibilitate
1284 596 1339 639 et
1368 586 1680 655 cognitione
1706 586 1960 639 consistit
1986 584 2107 636 ani-

539 691 643 730 ma:
672 677 1062 745 tranquillitas,
1085 693 1248 746 quam
1281 677 1623 747 voluptatum
1653 676 1942 745 mancipiis
1976 690 2107 729 con-

422 832 436 843 .
540 766 751 835 tingere
776 775 863 821 est
886 767 1248 836 impossibile.

613 857 699 910 15.
725 856 785 909 In
821 858 1140 912 servitutem
1167 873 1297 927 coge
1353 874 1555 927 corpus
1589 857 1968 926 voluptatibus
1999 857 2109 910 cir-

543 947 935 1017 cumscriptis,
980 958 1037 1002 et
1097 948 1362 1002 liberabis
1410 958 1650 1003 mentem
1699 964 1729 1002 a
1781 949 1933 1017 gravi
1991 964 2111 1003 scr-

541 1036 740 1089 vitute.

616 1127 700 1180 16.
734 1126 902 1182 Liber
936 1129 1195 1184 conditus
1223 1147 1302 1197 es,
1328 1140 1383 1183 et
1422 1132 1477 1184 in
1525 1131 1837 1184 libertatem
1874 1132 2113 1184 accersi-

548 1224 685 1291 tus:
753 1218 937 1287 pigeat
1005 1220 1174 1291 igitur
1242 1222 1477 1291 impuris
1547 1221 1924 1290 voluptatibus
1998 1238 2116 1275 ser-

545 1307 685 1362 vire.

620 1398 707 1452 17.
744 1399 1037 1457 Doloribus
1064 1410 1121 1456 et
1151 1403 1545 1472 voluptatibus,
1568 1403 2035 1472 concupiscentiis
2054 1418 2118 1457 ae

549 1487 847 1550 timoribus
868 1490 1193 1547 devinciunt
1218 1493 1499 1549 daemones
1527 1502 1767 1549 mentem
1800 1509 1995 1549 eorum
2022 1495 2118 1564 qui

552 1582 811 1638 sensibus
830 1584 1104 1639 serviunt.

622 1673 711 1728 i8.
764 1674 951 1729 Timor
1005 1677 1223 1731 Domini
1285 1676 1582 1733 desideriis
1653 1679 2006 1743 dominatur,
2062 1688 2119 1735 et

555 1765 780 1820 tristitia
834 1783 955 1836 quae
1004 1769 1310 1823 secundum
1366 1770 1561 1835 Deum,
1632 1769 2119 1839 concupiscentias

551 1857 789 1926 repellit.

624 1943 710 1996 l9.
745 1945 1092 2008 Desidermm
1127 1948 1410 2017 sapientia:
1442 1950 1697 2003 timorem
1729 1949 1996 2019 despicit;
2024 1965 2124 2004 cu-

550 2032 755 2100 piditas
807 2044 990 2091 autem
1017 2036 1263 2092 scientiae
1309 2038 1625 2109 voluptates
1688 2040 1905 2110 repellit
1937 2049 1993 2095 et
2024 2041 2124 2095 tri-

552 2121 783 2174 stitiam.

621 2211 711 2265 20.
744 2211 991 2277 Quatuor
1009 2223 1191 2269 autem
1220 2216 1272 2271 in
1301 2216 1602 2287 Scripturis
1627 2219 1919 2274 traduntur
1941 2219 2122 2274 :Man-

550 2299 700 2363 data,
735 2300 957 2370 placita,
991 2303 1156 2359 minze
1174 2312 1231 2361 et
1257 2307 1743 2377 repromissiones.

620 2477 711 2533 2i.
743 2478 1235 2551 Concupiscentias
1258 2486 1461 2542 sistunt
1487 2488 1825 2545 abstinentia
1851 2498 1910 2545 et
1938 2490 2115 2557 labor;

552 2566 811 2640 minuunt
835 2578 1022 2624 autem
1051 2573 1211 2641 quies
1234 2587 1290 2630 et
1314 2576 1537 2632 divinus
1569 2596 1745 2635 amor.

599 2659 716 2713 '22.
781 2660 1037 2727 Cavesis,
1082 2681 1153 2719 ne
1217 2667 1444 2722 fratrem
1517 2672 1703 2727 verbis
1764 2676 2126 2746 amigmaticis

553 2746 873 2819 impugnes;
899 2766 1077 2820 neque
1097 2753 1246 2807 enim
1296 2765 1355 2810 tu
1385 2756 1581 2822 ferres,
1623 2760 1672 2813 si
1729 2761 1810 2816 sic
1836 2763 2064 2819 audires
2089 2779 2121 2819 e

553 2836 796 2893 diverso.

622 2929 713 2982 25.
746 2929 886 2982 Iram
913 2932 1522 3005 sistuntlonganimitas
1548 2949 1604 2993 et
1628 2941 1958 3012 injuriarum
1986 2946 2129 3001 obli-

555 3018 669 3081 vio,
697 3019 958 3074 minuunt
981 3022 1224 3079 charitas
1249 3036 1304 3079 et
1330 3032 1659 3098 compassio.

626 3110 717 3165 24.
742 3111 842 3167 Cui
872 3114 1103 3169 scientia
1133 3117 1260 3173 data
1286 3128 1392 3185 est,
1417 3116 1606 3176 datum
1639 3132 1726 3183 est
1772 3129 2009 3183 mentale
2037 3131 2113 3184 lu-

559 3218 721 3263 men:
771 3204 921 3274 quod
950 3206 993 3261 si
1025 3207 1152 3277 quis
1193 3208 1594 3277 dehonestarit,
1644 3231 1747 3285 pro
1776 3232 1843 3273 eo
1870 3221 2128 3276 tenebras

557 3294 790 3349 videbit.

628 3384 717 3438 25.
743 3378 1070 3443 Observatio
1113 3391 1498 3448 mandatorum
1547 3397 1644 3451 Dei
1685 3400 1830 3468 parit
1877 3399 2126 3470 impassi-

558 3473 859 3542 biiitatem;
898 3476 1321 3547 impassibilitas
1367 3494 1552 3541 autem
1612 3488 1828 3555 animat,
1885 3492 2128 3546 custodit

557 3565 870 3620 scientiam.
896 3589 902 3593 ·

629 3656 722 3711 ‘26.
786 3656 1018 3711 Sensilia
1055 3660 1327 3717 traducito
1378 3680 1598 3720 sursum
1656 3668 1711 3722 in
1758 3671 2127 3740 cognitionem

560 3746 1012 3814 intellectualem,
1045 3759 1094 3805 et
1123 3766 1319 3809 sensus
1354 3756 1558 3811 evehes
1583 3772 1748 3827 supra
1777 3774 1840 3813 ea
1860 3776 1980 3829 quze
2007 3778 2130 3816 sen-

560 3837 680 3890 silia
708 3845 859 3892 sunt.

619 3929 710 3983 27.
747 3929 1024 3988 Naturalis
1049 3941 1105 3988 et
1133 3950 1256 4003 qua;
1302 3936 1523 3991 videtur
1580 3938 1801 4002 mulier,
1859 3940 2132 4009 signiﬁcat

561 4015 903 4082 operativam
927 4019 1202 4075 animam:
1229 4022 1296 4076 ad
1324 4039 1489 4092 quam
1519 4024 1565 4080 si
1597 4040 1753 4081 mens
1783 4044 1904 4097 quae
1927 4030 2128 4092 virest,

560 4106 881 4172 accesserit,
910 4124 977 4163 ex
1001 4125 1065 4164 ea
1086 4111 1325 4167 virtutes
1354 4114 1522 4183 parit.

628 4192 718 4248 ‘28.
755 4194 1051 4264 Inquisitio
1088 4200 1435 4269 eloquiorum
1464 4204 1581 4269 Dei,
1631 4204 1796 4261 docet
1838 4208 2127 4263 scientiam

559 4283 657 4337 Dei
704 4302 822 4349 eos,
850 4288 943 4357 qui
1008 4290 1096 4358 pie
1146 4307 1211 4345 ac
1238 4292 1624 4350 desideranter
1650 4299 1939 4353 veritatem
1967 4318 2130 4355 scru-

558 4384 765 4433 tantur.

626 4468 718 4523 29.
750 4468 907 4535 Quod
959 4471 1052 4525 lux
1095 4483 1179 4527 est
1203 4475 1523 4532 videntibus
1554 4488 1609 4534 et
1639 4480 1793 4544 visis,
1841 4481 1947 4537 hoc
1981 4481 2128 4540 Deus

554 4566 647 4611 est
670 4558 1109 4629 intelligentibus
1127 4572 1184 4617 et
1213 4565 1531 4623 intellectis.

632 4648 721 4702 50.
752 4650 982 4706 Visibile
1005 4637 1130 4708 coeli
1159 4653 1590 4724 ﬁrmamentum,
1628 4659 1755 4715 ﬁdei
1815 4662 1996 4733 signat
2034 4662 2131 4717 ﬁr—

560 4751 925 4808 mamentum,
973 4742 1030 4797 in
1083 4760 1193 4814 quo
1231 4762 1426 4805 omnes
1454 4750 1631 4805 sancti
1674 4767 1775 4806 ceu
1827 4753 2128 4810 luminaria

562 4830 772 4885 lucent.

626 4923 689 4976 5i
705 4963 719 4976 .
751 4924 1092 4981 Hierusalem
1111 4939 1201 4985 est
1225 4933 1648 5001 supercoelestis
1674 4934 2127 5005 incorporearum

563 5028 750 5068 rerum
812 5018 1256 5087 contemplatio,
1320 5022 1376 5076 in
1419 5038 1526 5092 qua
1580 5024 1723 5079 visio
1787 5028 1936 5094 pacis
1998 5044 2125 5097 spe-

561 5113 761 5160 clatur.

630 5195 718 5249 '52.
751 5197 999 5251 Activam
1027 5199 1197 5254 vitam
1253 5216 1387 5256 cave
1436 5204 1765 5274 neglexeris,
1809 5207 2056 5278 alioquin
2082 5219 2136 5265 et

564 5287 797 5343 scientia
826 5288 1210 5359 decresceret;
1266 5293 1373 5349 hoc
1409 5296 1557 5350 enim
1587 5307 1754 5361 esset,
1802 5309 1923 5353 orta
1958 5301 2119 5366 fame,

566 5372 619 5426 in
649 5376 942 5448 Aigyptum
968 5379 1307 5439 descendere
1339 5385 1391 5440 ιι.

635 5467 720 5521 '55.
754 5470 1007 5526 Libertas
1049 5484 1135 5529 est
1191 5476 1517 5546 spiritualis,
1554 5494 1584 5533 a
1615 5481 2129 5549 perturbationibus

641 5645 669 5685 ιι
701 5645 840 5701 Gen.
871 5660 1015 5711 xxvr,
1049 5650 1095 5713 l,
1136 5651 1191 5703 2.

2213 494 2466 562 γνώσεως
2494 493 2838 564 ἀξιιυθῶμεν.

2286 586 2368 638 ιδ’.
2410 584 2706 655 Ἀταραξία
2760 582 2940 653 ψυχῆς
2982 581 3220 635 ἀπάθεια
3282 581 3387 632 καὶ
3454 577 3739 651 γνῶσις·ἧ;

2211 680 2394 747 τυχεῖν
2456 678 2739 747 ἀμήχανον
2799 675 2890 728 τὸν
2950 674 3168 744 ἡδοναῖς
3220 671 3575 726 δουλεύοντα.

2270 865 2371 927 ιε’.
2405 856 2748 924 Δουλαγώγει
2782 856 2842 908 τὸ
2894 854 3054 924 σῶμα
3098 851 3382 923 περιελὼν
3430 853 3528 916 τὰς
3578 852 3743 922 ἡδονάς,

2216 955 2309 1007 καὶ
2342 950 2647 1015 ἀπάλλαξον
2674 950 2805 1005 αὐτὸ
2834 949 3114 1020 μοχθηρᾶς
3140 948 3419 1010 δουλείας.

2293 1130 2387 1196 ις’.
2431 1129 2744 1200 Ἐλεύθερος
2794 1127 3056 1192 κτισθεὶς,
3091 1127 3187 1180 καὶ
3227 1126 3322 1178 ἐπ’
3352 1125 3627 1195 ἐλευθερίᾳ
3650 1122 3744 1191 κλῃρ

2221 1223 2333 1285 θεὶς
2367 1263 2381 1286 ,
2462 1223 2536 1292 μὴ
2606 1221 2820 1291 ἀνάσχῃ
2892 1218 3169 1272 δουλεύειν
3244 1216 3492 1269 πάθεσιν
3559 1213 3744 1285 ἀκαθάρ-

2219 1331 2353 1368 τοις.

2253 1332 2353 1368 οι·.

2296 1351 2382 1470 :C‘.
2414 1405 2626 1467 Λύπαις
2665 1404 2761 1458 καὶ
2803 1403 3037 1473 ἡδοναῖς,
3072 1401 3401 1471 ἐπιθυμίαις
3452 1401 3540 1452 καὶ
3588 1398 3745 1467 φόϐοις,

2227 1495 2581 1566 συνδεσμοῦσι
2643 1494 2735 1547 τὸν
2790 1493 2915 1547 νοῦν
2973 1494 3085 1555 τοῖς
3158 1491 3451 1562 αἰσθητοῖς
3500 1492 3547 1543 oi
3606 1490 3748 1558 δαίμο-

2225 1604 2390 1748 νεῖῇι.
2424 1676 2591 1747 φόϐος
2615 1636 2751 1730 Θεοῦ
2782 1676 3339 1748 κρατείὲπιθυμιῶν,
3369 1677 3469 1730 καὶ
3488 1676 3620 1745 λύπη
3644 1674 3746 1728 κατὰ

2152 1734 2196 1791 Β
2222 1734 2356 1820 Θεὸν
2385 1734 2679 1820 ἀπελαῦνει
2701 1767 2802 1836 τὴν
2823 1734 3045 1836 ἦδονήν.

2292 1946 2381 2000 ιθ’.
2422 1943 2716 2014 Ἐπιθυμία
2771 1946 2966 2013 σοφίας
3012 1945 3357 2014 καταφρονεῖ
3407 1942 3587 2011 φόϐου,
3624 1943 3743 2012 καὶὴ

2220 2037 2351 2107 δόκη
2384 2036 2640 2106 γνώσεως
2671 2034 2966 2090 ἀποδιώκει
2997 2033 3202 2103 λύπην.

2290 2225 2361 2270 κ’.
2394 2217 2476 2271 Τά
2521 2216 2763 2287 τέσσαρα
2806 2215 2979 2268 ταῦτα
3033 2216 3091 2268 αἱ
3148 2215 3370 2286 Γραφαὶ
3430 2214 3737 2284 περιέχουσι·

2220 2312 2320 2373 τὰς
2375 2309 2612 2375 ἐντολάς,
2634 2308 2702 2362 τά
2752 2308 3018 2376 δόγματα,
3049 2306 3148 2371 τὰς
3199 2305 3461 2372 ἀπειλὰς,
3482 2306 3575 2367 τὰς
3615 2305 3741 2369 ἐπειγ-

2221 2399 2428 2468 γελίας.

2289 2495 2400 2542 κα’.
2431 2488 2646 2556 Ἱστησι
2678 2485 2779 2556 τὴν
2806 2485 3102 2556 ἐπιθυμίαν
3132 2485 3439 2555 εὐκράτεια
3478 2485 3566 2537 καὶ
3593 2482 3734 2541 κόπος

2226 2577 2371 2647 μειοῖ
2393 2574 2449 2627 δὲ
2478 2574 2649 2646 αὐτὴν
2681 2574 2901 2643 ἡσυχία,
2935 2574 3030 2625 καὶ
3069 2572 3214 2636 θεῖος
3247 2573 3416 2644 ἔρως.

2294 2667 2400 2737 κβ’.
2426 2667 2517 2736 Μὴ
2545 2666 2724 2733 λόγοις
2747 2666 2816 2717 δι’
2850 2666 3190 2734 αἰνιγμάτων
3218 2666 3318 2719 τὸν
3363 2666 3578 2733 ἀδελφὸν
3610 2664 3737 2731 πλῆτ-

2222 2777 2283 2814 τε
2318 2776 2330 2789 ·
2395 2759 2455 2811 οὐ
2529 2757 2606 2828 μὴ
2673 2756 2782 2827 γὰρ
2838 2755 3110 2827 βαστάξῃς
3180 2758 3255 2812 τὰ
3306 2760 3469 2828 ὃμοια
3521 2755 3733 2825 ἀντιδεκό-

2224 2867 2403 2917 μενος.

2295 2945 2403 3012 κγ’.
2438 2945 2650 3015 Ἰστησι
2709 2943 2800 2997 τὸν
2836 2942 3005 3013 θυμὸν
3042 2944 3403 3014 μακροθυμία
3440 2944 3528 2996 καὶ
3550 2944 3732 3013 ἀμνησι-
3836 3004 3837 3007 η

2151 3066 2199 3127 C
2228 3038 2450 3127 κακία
2469 3036 2692 3127 μειοῖλδὲ
2724 3035 2887 3127 αὐτον
2916 3035 3115 3127 ἀγάπη⁸
3138 3035 3238 3088 καὶ
3273 3034 3596 3127 συμπάθεια.

2298 3128 2395 3182 κδ’.
2423 3120 2494 3197 Ὦ
2546 3125 2705 3191 ἐδόθη
2751 3124 2972 3191 γνῶσις,
3006 3124 3163 3195 ἐδόθη
3217 3126 3340 3195 φῶς
3388 3124 3590 3194 νοερόν*
3616 3121 3663 3184 δς
3693 3120 3732 3172 δὲ

2226 3218 2406 3272 λαϐὼν
2428 3216 2708 3287 ἀτιμάζει,
2736 3215 2927 3293 ὄψεται
2961 3214 3173 3279 σκότος.

2299 3392 2398 3447 κε’.
2449 3394 2692 3463 Τήρησις
2743 3390 2972 3447 ἐντολῶν
3035 3391 3197 3455 Θεοῦ,
3247 3393 3425 3446 τίκτει
3478 3388 3727 3445 ἀπάθειαν·

2228 3487 2467 3541 ἀπάθεια
2495 3486 2553 3538 δὲ
2579 3484 2756 3555 ψυχῆς
2792 3485 3053 3557 συντηρεξ
3078 3482 3311 3552 γνῶσιν.

2300 3663 2411 3728 κε’.
2460 3662 2728 3730 Ἀνᾶγαγε
2776 3661 2844 3714 τὰ
2902 3658 3136 3730 αἰσθητὰ
3184 3658 3280 3710 ἐπὶ
3325 3655 3514 3729 νοητὴν
3541 3647 3726 3711 θεωρίαν.

2231 3755 2325 3807 καὶ
2373 3752 2675 3827 ἁνθέλκειςί
2705 3751 2803 3822 τὴν
2872 3750 3126 3818 αἴσθησιν
3173 3747 3369 3804 ὲπάνω
3430 3746 3529 3801 τῶν
3594 3731 3727 3796 claei“

2230 3862 2351 3898 των.

2300 3932 2501 3997 κζ’.Τδ
2536 3929 2791 4000 αἰσθητὸν
2846 3928 3064 3998 γύναιον
3126 3929 3393 4001 σημαίνει
3443 3925 3598 3997 ψυχὴν
3618 3934 3725 3988 ’πρα-

2231 4024 2427 4094 κτικήν
2455 4039 2468 4053 ·
2624 4020 2654 4072 ό
2710 4018 2833 4083 νοῦς
2891 4018 3288 4089 συγγενόμενος
3362 4016 3613 4072 ἀποτίκτει
3660 4007 3726 4064 τὰς

2231 4115 2450 4188 ἀρετάς.
3641 4114 3669 4188 ξ
3707 4178 3722 4188 ,

2301 4214 2408 4278 κη’.
2434 4205 2669 4276 Ἔρευνα
2718 4199 2891 4268 λόγων
2935 4194 3092 4260 Θεοῦ,
3130 4194 3376 4248 διδάσκει
3423 4192 3599 4259 γνῶσιν
3633 4186 3724 4236 Θεοῦ

2233 4301 2323 4354 τὸν
2348 4301 2404 4352 ὲν
2433 4293 2659 4366 ἀληθεία
2687 4290 2969 4363 ζητοῦντα,
3001 4286 3059 4341 ὲν
3092 4286 3355 4358 εὐλαϐείᾳ
3386 4285 3474 4340 καὶ
3497 4280 3633 4347 πόθῳ.

2308 4476 2408 4530 κθ⁸.
2440 4476 2619 4543 Ὅπερ
2651 4468 2768 4521 ἐστὶ
2790 4467 2850 4520 τὸ
2877 4466 2994 4534 φῶς
3018 4466 3131 4529 τοῖς
3155 4464 3328 4534 ὁρῶσι
3353 4465 3443 4519 καὶ
3478 4454 3718 4531 ὁρωμένοις.

2236 4569 2395 4623 τοῦτο
2442 4564 2535 4617 καὶ
2575 4565 2603 4614 ὁ
2647 4559 2779 4621 Θεὸς
2824 4559 2935 4619 τοῖς
2979 4555 3181 4619 νοοῦσι,
3212 4555 3309 4608 καὶ
3367 4551 3647 4620 νοουμένοις.

2308 4657 2372 4714 λ’.
2410 4656 2483 4709 Τὸ
2524 4650 2779 4720 αἰσθητὸν
2819 4648 3107 4718 στερέωμα
3136 4687 3150 4707 .
3180 4647 3244 4699 τὸ
3282 4646 3388 4714 τῆς
3433 4642 3629 4697 πίστεως
3652 4647 3719 4697 ση-

2244 4748 2421 4819 μαίνει
2465 4742 2770 4815 στερέωμα,
2801 4739 2860 4791 ὲν
2898 4730 2942 4805 ᾧ
2989 4734 3190 4799 πάντες
3230 4736 3280 4787 οξ
3323 4736 3467 4803 ἃγιοι
3500 4729 3625 4796 δίκην
3648 4735 3720 4787 φω-

2241 4840 2457 4923 στῂρων
2485 4834 2781 4904 λάμπουσι.
3046 4920 3055 4923 Α
3233 4914 3246 4923 Δ
3515 4908 3536 4923 η
3604 4922 3612 4923 7
3650 4896 3695 4923 ὦ

2307 4912 2408 4983 λα’.
2461 4923 2812 5000 Ἰερουσαλήμ
2850 4922 2996 4974 ἐστιν
3042 4914 3371 4987 ἐπουράνιος
3394 4956 3408 4981 ,
3447 4912 3614 4981 γνῶσις
3649 4912 3721 5000 “ili”

2237 5022 2542 5092 ἀσωμάτων
2570 5037 2582 5049 ·
2612 5020 2669 5071 ὲν
2708 5016 2843 5085 αὐτῇ
2890 5012 2997 5081 γάρ
3042 5008 3412 5080 θεωρεῖται·ή
3452 5005 3625 5074 ,ὅρασις
3653 5004 3716 5056 εης

2244 5116 2487 5186 εἰρήνης·
3596 5178 3615 5188 -

2313 5169 2530 5274 Apul“;
2590 5198 2783 5271 ἀμέλει
2828 5196 2934 5264 τῆς
2986 5192 3277 5264 πράξεως,
3333 5191 3451 5245 ἐπεὶ
3494 5169 3715 5274 μειοῦται-ιθῆ

2241 5263 2441 5367 γνιῖλσις
2478 5311 2489 5323 ·
2519 5263 2643 5345 ’καί
2679 5286 2839 5360 λιμοῦ
2872 5263 3172 5356 γενομένου
3209 5280 3540 5338 καταϐαίνεις
3573 5270 3633 5329 εἰς
3655 5263 3715 5314 Ai-

2245 5402 2469 5457 γυπτον.

2311 5477 2413 5548 λγ’.
2455 5471 2766 5541 Ἐλευθερία
2793 5468 2905 5524 ἐστὶ
2937 5465 3125 5537 νοητὴ,
3157 5468 3191 5537 ἢ
3226 5467 3338 5521 τῶν
3366 5461 3530 5519 παθῶν
3550 5442 3710 5510 ἀπαλλα-
