3938 6148
187 201 315 270 i441

1552 192 1937 257 CENTURIA
1982 190 2062 249 ῐῐ.

3288 184 3421 258 1H2

182 318 250 387 Υή
277 332 289 344 ⁶
323 310 391 386 ἧς
417 311 590 374 οὐδεὶς
657 309 1013 381 ἐπιτυγχάνει
1076 309 1205 366 ἄνευ
1242 309 1426 371 ὲλέους
1487 305 1742 397 Χριστοῦ.

1891 317 1974 355 sse
2020 300 2285 364 liberum,
2315 318 2433 370 qua;
2458 306 2592 359 nulli
2621 307 2832 378 absque
2882 307 3262 365 misericordia
3289 312 3420 368 Jcsu

250 513 339 565 λδ.
368 513 440 579 Γῆ
466 513 614 564 ἐστιν
644 510 978 580 ἐπαγγελίας
1005 513 1037 580 ἡ
1064 511 1317 580 βασιλεία
1346 511 1456 565 τῶν
1484 509 1748 583 οὐρανῶν,

181 597 247 675 ἦς
278 602 536 674 πρόξενοι
584 603 825 669 γίνονται
853 602 1093 657 ἀπάθεια
1125 603 1221 655 καὶ
1248 602 1470 670 γνῶσις.

253 749 343 807 λε’.
388 752 665 820 Αἴγυπτός
713 753 830 805 ἐστι
868 752 1064 824 νοητὴ,
1090 754 1118 805 ὁ
1163 751 1472 822 σκοτασμὺς
1509 749 1619 803 τῶν
1646 769 1751 804 πα-

174 844 286 895 θῶν
315 860 328 873 ο
386 844 465 906 εἰς
516 844 581 914 ἦν
635 842 813 906 οὐδεὶς
864 842 1283 905 καταδαίνει,εί
1346 843 1420 913 μὴ
1466 842 1612 913 λιμῷ
1653 859 1752 894 πε-

178 932 393 1006 ριπέσῃ.

250 1023 332 1089 λς’
371 1025 565 1091 Λόγοις
641 1025 1031 1094 πνευματικοῖς
1093 1022 1473 1093 ὲπισυχνάσεις
1537 1023 1599 1076 τὸ
1653 1018 1746 1085 οῦς

178 1133 292 1179 σου,
325 1117 421 1169 καὶ
462 1117 740 1188 λογισμῶν
773 1117 1108 1187 ἀκαθάρτων
1147 1118 1537 1187 ἀπομακρυνεῖ
1565 1117 1592 1169 ὁ
1623 1115 1748 1177 νοῦς

177 1224 287 1259 σου.

224 1295 344 1356 λλζθ.
389 1296 619 1364 umet;
650 1296 747 1350 καὶ
790 1296 952 1366 σοφὸς
986 1296 1147 1365 φύσει
1179 1295 1338 1365 μόνος
1367 1297 1395 1349 ὁ
1435 1295 1570 1358 Θεός
1595 1312 1609 1325 ·
1665 1296 1752 1363 γί-

180 1404 330 1439 νεται
357 1387 415 1440 δὲ
446 1389 663 1459 μεθέξει
700 1390 795 1443 καὶ
819 1391 846 1441 ὁ
876 1388 1020 1454 νοῦς,
1048 1388 1143 1441 ἐὰν
1172 1386 1467 1459 σπουδάσῃ.

250 1581 347 1651 λη’.
376 1583 586 1654 Κράτει
627 1584 865 1655 γαστρὸς
922 1585 1015 1637 καὶ
1061 1583 1257 1648 ὕπνου,
1292 1584 1387 1636 καὶ
1416 1581 1589 1652 θυμοῦ
1611 1622 1627 1645 ,
1652 1582 1744 1636 καὶ

171 1670 423 1742 γλώσσης
445 1687 461 1703 ⁶
492 1674 582 1727 καὶ
613 1675 673 1727 οὐ
711 1675 785 1745 μὴ
814 1674 1144 1751 προσκόψεις
1173 1673 1308 1743 πρὸς
1324 1671 1473 1726 λίθον
1495 1672 1586 1725 τὸν
1610 1672 1746 1725 πόδα

174 1779 291 1816 σου.
1520 1820 1540 1837 ο

247 1851 342 1904 λθ’.
406 1852 700 1920 Ἀγωνίζου
756 1854 1045 1923 ἀγαπῆσαι
1110 1852 1288 1906 πάντα
1348 1850 1634 1921 ἄνθρωπον
1688 1850 1748 1917 ἐξ

173 1941 310 2005 ἴσον,
349 1942 443 1994 καὶ
469 1941 798 2004 ἀπελαύνεις
827 1942 1129 2014 συλλήϐδην
1158 1942 1338 1995 πάντα
1364 1942 1432 1996 τά
1472 1942 1637 2013 πάθη.

247 2037 317 2100 μ’.
351 2033 522 2101 Κοινὴ
552 2030 644 2084 νοῦ
668 2033 764 2085 καὶ
789 2032 1098 2101 αἰσθήσεως
1119 2033 1153 2102 ή
1187 2031 1391 2102 θεωρία
1417 2030 1524 2083 τῶν
1553 2029 1746 2098 αἰσθη-

167 2123 280 2175 τῶν
314 2138 328 2153 °
371 2122 476 2176 ἰδία
497 2122 553 2175 δὲ
580 2122 676 2176 τοῦ
705 2121 799 2176 νοῦ
830 2124 864 2193 ἡ
898 2123 1101 2191 γνῶσις
1128 2122 1236 2176 τῶν
1261 2123 1479 2193 νοητῶν.

246 2285 355 2346 μα’.
401 2279 687 2332 Ἀδύνατον
726 2283 817 2333 τὸν
868 2279 994 2333 νοῦν
1059 2279 1317 2349 σχολάσαι
1360 2281 1474 2340 τοῖς
1513 2278 1742 2345 νοητοῖς,

165 2372 218 2422 εί
252 2369 326 2439 μὴ
360 2370 458 2440 τὴν
493 2372 677 2440 σχέσιν
713 2372 814 2441 τὴν
862 2372 998 2441 πρὸς
1056 2370 1158 2441 τὴν
1205 2368 1460 2439 αἴσθησιν
1486 2409 1499 2434 ,
1537 2367 1633 2420 καὶ
1680 2367 1748 2420 τὰ

164 2459 407 2530 αἰσθητά
435 2461 706 2532 ἀποκόψῃ.

249 2549 358 2618 μβ’.
394 2551 781 2620 Προσπάθειαν
832 2550 1125 2623 φυσικὴνὴ
1154 2552 1408 2622 αἴσθησις
1452 2549 1567 2620 ἔχει
1609 2549 1745 2621 πρὸς

164 2642 239 2691 τά
259 2639 518 2708 αἰσθητὰ,
544 2641 640 2694 καὶ
676 2641 1040 2710 συμπερισπᾷ
1071 2640 1164 2692 τὸν
1194 2639 1320 2693 νοῦν
1352 2639 1743 2709 περισπωμένη

168 2731 300 2801 περὶ
332 2730 493 2784 αὐτά.
882 2744 888 2753 ”

245 2818 352 2893 μγ¹.
392 2819 576 2891 Ῥίψον
600 2821 699 2892 τὴν
725 2820 978 2890 αἴσθησιν
1006 2822 1133 2891 περὶ
1172 2820 1272 2891 τὴν
1299 2820 1392 2873 τοῦ
1418 2818 1509 2872 νοῦ
1541 2819 1743 2889 ὑπουρ-

167 2915 299 2983 γίαν
325 2954 340 2979 ,
383 2915 478 2967 καὶ
517 2914 591 2984 μὴ
622 2914 729 2984 δῷς
759 2914 895 2984 αὐτῇ
928 2914 1118 2984 καιρὸν
1150 2912 1611 2984 ἀντιπερισπάσαι
1644 2912 1743 2963 αὺ-

128 3044 135 3051 .
163 3004 277 3058 τόν.

251 3094 355 3165 μδῖ
383 3096 554 3151 Ὅταν
600 3094 783 3166 συμϐῇ
809 3095 901 3148 τὸν
931 3094 1056 3148 νοῦν
1093 3094 1355 3165 σχολάσαι
1408 3095 1520 3155 τοῖς
1553 3090 1738 3162 αἰσθη-

160 3190 301 3250 τοῖς,
327 3189 699 3258 άντιπερίσπα
730 3189 832 3258 τὴν
876 3186 1151 3259 αἴσθησιν,
1179 3187 1316 3258 πρὸς
1352 3186 1478 3239 νοῦν
1525 3185 1743 3253 ἀνάγων

164 3278 239 3333 τά
265 3279 668 3350 παρακείμενα.

147 3424 151 3426 ι
243 3369 348 3440 με’.
380 3371 637 3439 Σημείον,
667 3371 749 3425 ὅτι
774 3369 1026 3441 σχολάζει
1053 3371 1081 3423 ὁ
1106 3368 1231 3431 νοῦς
1271 3369 1403 3438 περὶ
1450 3366 1520 3420 τά
1549 3364 1737 3435 νοητὰ,

161 3460 229 3513 τὸ
286 3463 506 3515 πάντων
566 3462 933 3532 καταφρονεῖν
984 3460 1087 3514 τῶν
1144 3458 1259 3533 τὴν,
1302 3458 1554 3528 αἴσθησιν
1620 3473 1741 3510 σαι-

165 3552 228 3606 νό
236 3570 388 3606 ντων.

240 3649 358 3711 μς’.
396 3643 809 3713 Διανοιγὸμενος
851 3645 879 3696 ὁ
905 3642 1030 3708 νοῦς
1061 3644 1191 3714 περὶ
1239 3641 1337 3712 τὴν
1383 3640 1490 3693 τῶν
1533 3639 1741 3710 νοητῶν

168 3735 457 3803 θεωρίαν,
520 3735 972 3789 δυσαπόσταστον
1056 3735 1169 3805 ἔχει
1230 3734 1329 3805 τὴν
1393 3734 1523 3804 περὶ
1603 3733 1741 3786 αὐτὰ

164 3825 391 3896 ἡδονήν.
1498 3846 1503 3849 ·

241 3915 350 3986 μζν.
385 3914 552 3968 Ὅταν
604 3918 633 3969 ὁ
697 3918 822 3980 νοῦς
875 3918 1158 3990 πλουτήσῃ
1210 3915 1309 3988 τὴν
1352 3916 1450 3987 τῆς
1510 3914 1740 3985 μονάδος

160 4005 391 4072 γνῶσιν,
428 4005 548 4057 τότε
578 4009 670 4059 καὶ
697 4007 795 4078 τὴν
826 4006 1083 4078 αἴσθησιν
1129 4008 1304 4078 πάντη
1332 4000 1740 4076 δεδουλωμένην

158 4097 300 4167 ἔχει.

240 4219 355 4281 μη’.
388 4211 576 4265 Κὼλυε
615 4213 707 4266 τὸν
745 4210 871 4266 νοῦν
902 4227 998 4264 σου
1029 4211 1316 4265 κυκλεύειν
1377 4209 1446 4263 τὰ
1482 4209 1737 4279 αἰσθητὰ,

162 4301 254 4354 ἶνα
287 4301 364 4372 μὴ
395 4301 587 4372 ἡδονάς
619 4302 713 4356 καὶ
741 4301 922 4364 λύπας
944 4302 1002 4353 ὲν
1031 4302 1215 4364 αὐτοῖς
1252 4299 1636 4372 καρπώσηται.

246 4503 355 4574 μθθ.
390 4496 493 4557 Ὧν
519 4506 547 4557 ὁ
578 4504 701 4567 νοῦς
726 4506 784 4557 ὲν
805 4506 920 4566 τοῖς
940 4503 1105 4567 θείοις
1138 4504 1388 4576 σχολάζει
1427 4505 1739 4569 διαπαντὸς,

159 4595 372 4650 τούτων
439 4597 534 4649 καὶ
580 4597 640 4649 τὸ
697 4598 997 4669 παθητικὸν
1058 4598 1226 4669 μέρος
1302 4597 1445 4652 θεῖον
1520 4601 1741 4669 γέγονεν

160 4688 350 4741 ὅπλον.

198 4783 299 4831 'v'.
347 4776 630 4830 Ἀδύνατον
680 4778 772 4830 τὸν
818 4777 945 4832 νοῦν
983 4780 1049 4850 τῇ
1081 4778 1280 4848 γνώσει
1331 4782 1661 4852 ποιωθῆναι,
1691 4785 1741 4836 εί

163 4871 240 4937 μὴ
268 4869 531 4940 πρότερον
562 4869 623 4921 τὸ
666 4866 966 4940 παθητικὸν
993 4873 1113 4935 ταῖς
1162 4871 1388 4936 οἰκείαις
1420 4874 1643 4943 ἀρεταῖς
1683 4875 1741 4941 ἐξ

163 4959 333 5012 αὑτοῦ
367 4961 614 5013 πελάσει.
1485 4960 1489 4965 ’

236 5069 340 5123 ναΐ.
370 5068 532 5135 Ξένος
584 5070 694 5122 τῶν
742 5071 838 5124 τοῦ
884 5072 1089 5142 κόσμου
1122 5073 1150 5125 ὁ
1178 5070 1304 5136 νοῦς
1336 5073 1456 5126 τότε
1505 5075 1736 5140 γίνεται,

158 5166 292 5217 ὅταν
339 5162 437 5231 τὴν
492 5161 628 5232 πρὸς
675 5164 774 5232 τὴν
800 5162 1053 5234 αἴσθησιν
1079 5165 1263 5235 σχέσιν
1290 5165 1570 5236 παντελῶς
1600 5170 1739 5221 ἀπο-

160 5257 328 5326 κόψῃ.

235 5372 339 5441 νβ’.
376 5374 536 5428 Ἰδιον
580 5369 674 5423 τοῦ
715 5365 1028 5437 λογιστικοῦ
1073 5366 1174 5436 τῆς
1220 5367 1420 5437 ψυχῆς,
1456 5370 1736 5439 σχολάζειν

155 5461 366 5530 γνώσει
415 5460 550 5513 Θεοῦ
578 5476 591 5489 ’
623 5457 717 5511 τοῦ
758 5457 813 5509 δὲ
860 5453 1166 5523 παθητικοῦ
1204 5457 1395 5526 αὐτῆς,
1425 5458 1615 5528 ἀγάπη
1642 5464 1732 5513 καὶ

132 5552 473 5621 ἐγκράτεια.

1854 395 2057 449 Christi
2091 394 2382 465 contingit.

1925 486 2013 539 5t.
2041 484 2212 540 Terra
2242 488 2709 554 repromissionis,
2740 504 2971 559 regnum
2996 499 3081 544 est
3109 492 3417 556 caelorum;

1855 577 1909 629 in
1933 592 2097 645 quam
2128 584 2370 632 mentem
2394 579 2663 634 inducunt
2702 580 3120 650 impossibilitas
3146 592 3203 637 et
3241 583 3422 638 scien-

1880 669 1891 681 ,
3218 652 3239 673 κ

1854 679 1948 724 ua.
2564 743 2573 749 .

1918 761 2008 816 55.
2032 761 2300 832 [Egyptus
2328 760 2665 829 spiritualis,
2712 763 3097 819 obtencbratio
3133 767 3424 836 perturba-

1852 851 2065 906 tionum
2089 869 2103 918 ;
2131 853 2187 905 in
2223 866 2391 921 quam
2439 869 2623 916 nemo,
2660 854 2768 910 nisi
2801 864 2964 910 antea
2988 856 3134 912 fame
3181 857 3418 923 laboret,

1858 941 2168 998 descendit.

1924 1033 2012 1088 56.
2050 1035 2254 1090 Aurem
2288 1045 2435 1092 tuam
2494 1035 2879 1105 spiritualibus
2921 1037 3275 1091 sermonibus
3308 1037 3422 1091 frc-

1851 1132 2085 1192 qucnter
2110 1126 2490 1188 accommoda,
2522 1133 2579 1179 et
2612 1134 2854 1181 mentem
2904 1126 2972 1180 ab
2999 1127 3299 1182 immundis
3332 1142 3423 1182 co-

1852 1214 2218 1283 gitationibus
2236 1217 2541 1287 elongabis.
3268 1292 3273 1297 _

1930 1304 2019 1357 57.
2055 1306 2222 1359 Solus
2268 1308 2417 1362 Deus
2441 1316 2639 1362 natura
2675 1308 2856 1362 bonus
2876 1317 2961 1363 est
2996 1323 3059 1362 ac
3082 1309 3333 1378 sapiens;
3362 1308 3423 1361 tit

1857 1401 2041 1448 autem
2091 1410 2248 1449 mens
2296 1396 2722 1465 participatione
2769 1398 2915 1463 talis,
2974 1400 3140 1453 modo
3173 1400 3422 1454 studiosa

1851 1484 1944 1538 sit.
2880 1498 2886 1507 '

1923 1575 2012 1629 58.
2080 1575 2296 1645 Impera
2348 1577 2552 1639 ventri,
2597 1592 2813 1642 somno,
2867 1579 2963 1634 ira:
3001 1587 3057 1634 et
3100 1579 3336 1650 linguae;
3367 1589 3425 1634 et

1856 1682 2143 1736 nunquam
2170 1667 2444 1738 impinges
2472 1668 2541 1722 ad
2578 1669 2819 1738 lapidem
2845 1670 3041 1740 pedem
3074 1679 3256 1725 tuum.

1918 1820 2007 1875 59.
2030 1820 2255 1876 Eniterc
2280 1829 2342 1876 ut
2373 1837 2569 1879 omnes
2602 1824 2860 1880 homines
2882 1827 3171 1895 aequaliter
3194 1826 3420 1896 diligas,

1848 1912 2247 1983 passionesque
2276 1929 2473 1969 omnes
2491 1915 2657 1970 simul
2683 1931 2712 1970 a
2739 1925 2792 1971 te
2832 1918 3042 1987 abiges.

1920 2001 2010 2056 40.
2047 2000 2407 2056 Sensibilium
2452 2018 2640 2059 rerum
2671 2007 3066 2075 contemplatio
3109 2010 3423 2080 communis

1848 2100 1933 2145 est
1964 2092 2137 2146 menti
2163 2100 2221 2147 et
2244 2098 2470 2160 sensui;
2507 2096 2969 2157 intellectualium
3014 2108 3196 2153 auten
3234 2100 3421 2155 εοίοο-

1851 2184 1924 2237 tia
1948 2183 2049 2237 soli
2081 2185 2257 2238 menti
2296 2168 2576 2242 convenit.

1918 2275 2007 2328 41.
2038 2275 2388 2345 lmpossibile
2443 2287 2530 2334 est
2562 2290 2804 2336 mentem
2839 2298 3033 2337 vacare
3070 2283 3418 2339 intellectua-

1847 2365 2013 2429 libus,
2045 2365 2151 2421 nisi
2177 2368 2480 2424 amicitiam
2514 2385 2643 2442 erga
2671 2388 2868 2430 sensus
2913 2385 2969 2431 et
3010 2378 3293 2432 sensibilia
3319 2395 3419 2432 an-

1849 2465 1937 2511 tea
1969 2459 2290 2527 amputarit.

1918 2548 2007 2602 42.
2070 2548 2276 2606 Sensus
2320 2561 2522 2607 natura
2573 2555 2937 2613 sensibilibus
3002 2557 3272 2627 adicitur;
3321 2561 3418 2615 sed

1847 2654 1974 2693 cum
2002 2640 2149 2696 circa
2179 2658 2244 2698 ea
2271 2643 2625 2714 distrahitur,
2651 2648 2985 2709 distrahitur
3022 2661 3079 2707 et
3131 2667 3305 2708 mens.

1917 2832 2005 2886 45.
2029 2829 2177 2901 Coge
2200 2846 2397 2887 sensus
2424 2832 2478 2887 in
2496 2836 2697 2890 mentis
2726 2836 3079 2907 obsequium,
3105 2849 3162 2895 et
3186 2855 3294 2893 non
3321 2839 3420 2893 des

1772 2964 1813 3019 C
1848 2920 1983 2991 ipsis
2005 2922 2355 2977 occasionem
2386 2938 2507 2978 eam
2534 2923 2899 2984 distrahendi.

1911 3093 2002 3146 44.
2053 3093 2285 3158 Quando
2333 3102 2577 3150 mentem
2632 3098 2995 3156 sensibilibus
3028 3116 3246 3157 -vacare
3287 3118 3421 3157 con-

1844 3183 2030 3253 tingit,
2083 3184 2296 3239 obsiste
2359 3187 2652 3253 sensibus,
2689 3196 2748 3242 et
2804 3189 3023 3260 objecta
3069 3191 3125 3245 in
3176 3181 3418 3247 mentem

1840 3273 2074 3327 subduc.

1907 3365 1997 3418 45.
2031 3364 2258 3435 Signum
2307 3365 2509 3420 mentis
2536 3366 2684 3422 circa
2714 3367 3080 3438 intelligibilia
3123 3385 3416 3440 occupare.

1840 3460 1923 3507 est
1953 3453 2293 3509 tioccifacere
2317 3454 2501 3508 omnia
2529 3469 2651 3523 quae
2672 3470 2867 3512 sensus
2905 3458 3198 3513 oblectant.

1910 3632 2000 3687 46.
2057 3631 2336 3703 Occupata
2375 3650 2533 3691 mens
2589 3636 2645 3691 in
2698 3638 3167 3708 contemplatione
3216 3657 3410 3696 eorum

1841 3737 1963 3791 quae
1996 3732 2146 3787 sunt,
2171 3723 2405 3779 solidam
2424 3725 2498 3795 Ain
2526 3726 2607 3781 eis
2630 3727 2970 3796 voluptatem
2991 3731 3303 3799 experitur.

1913 3916 2002 3969 47.
2047 3915 2277 3982 Quando
2317 3932 2475 3974 mens
2514 3918 2748 3974 unitatis
2802 3921 3035 3974 scientia
3081 3922 3415 3991 locupletata

1840 4004 2027 4071 fuerit,
2062 4016 2192 4062 tunc
2222 4023 2422 4072 sensus
2458 4011 2688 4066 omnino
2713 4011 2767 4064 in
2804 4012 3127 4067 servitutem
3162 4013 3418 4069 redactos

1843 4107 2010 4153 tenet.
3086 4102 3094 4113 ’

1913 4213 2002 4268 48.
2048 4214 2288 4269 Prohibe
2317 4225 2559 4272 mentem
2612 4226 2763 4271 tuam
2804 4217 3014 4272 circum
3049 4217 3273 4272 sensilia
3313 4234 3411 4272 va-

1776 4300 1821 4355 D
1853 4305 1992 4375 gari,
2028 4322 2098 4360 ne
2132 4307 2477 4377 voluptatum
2509 4308 2749 4363 tristitiae
2793 4307 3004 4363 fructus
3022 4308 3188 4363 simul
3236 4324 3301 4364 ex
3327 4309 3411 4363 eis

1841 4395 2121 4466 decerpat.

1915 4507 2004 4562 49.
2049 4507 2294 4575 Quorum
2322 4524 2479 4565 mens
2503 4520 2769 4580 perpetuo
2802 4512 3007 4567 divinis
3039 4523 3219 4580 vacat,
3255 4515 3323 4570 iis
3348 4525 3408 4571 et

1842 4596 2109 4652 aii‘ectivae
2132 4598 2328 4653 animae
2356 4600 2505 4654 vires
2561 4600 2746 4654 divina
2778 4600 2918 4655 ﬁunt
2946 4617 3118 4656 arma.

1909 4789 1996 4844 50.
2024 4790 2369 4860 lmpossibile
2388 4804 2473 4850 est
2503 4805 2745 4852 mentem
2776 4797 3007 4877 scientia
3055 4796 3266 4866 perﬁci,
3303 4799 3412 4853 nisi

1844 4884 2003 4949 prius
2031 4881 2284 4940 aﬂ‘ectiva
2336 4888 2531 4943 anima:
2553 4889 2734 4958 portio
2759 4890 2874 4944 suis
2900 4890 3259 4945 admoveatur
3305 4892 3416 4947 vir-

1843 4972 2074 5028 tutibus.
2586 4988 2589 4991 ’

1915 5083 2004 5138 51.
2034 5085 2185 5139 Mens
2241 5101 2355 5142 non
2400 5098 2564 5144 antea
2590 5091 2698 5145 erit
2728 5093 3020 5162 peregrina
3071 5109 3263 5148 eorum
3290 5111 3413 5164 qua:

1845 5185 1979 5229 sunt
2014 5175 2070 5228 in
2097 5176 2203 5229 hoc
2228 5177 2455 5242 mundo,
2489 5179 2595 5234 nisi
2624 5181 2802 5235 modis
2822 5183 3081 5237 omnibus
3107 5184 3411 5240 amicitiam

1843 5280 1973 5334 erga
1999 5280 2194 5319 sensus
2212 5270 2541 5323 resecuerit.

1911 5376 1998 5430 52.
2029 5378 2323 5446 Proprium
2371 5391 2458 5435 est
2478 5383 2732 5437 rationali
2764 5384 3002 5452 portioni
3068 5384 3285 5449 animm,
3315 5402 3410 5439 νο·-

1839 5482 1963 5520 care
1987 5468 2285 5535 cognitioni
2314 5469 2659 5535 Dei;activ:e
2710 5484 2918 5542 autem,
2978 5476 3304 5532 charitatem
3352 5486 3411 5532 et

1840 5558 2236 5613 continentiam
2270 5562 2591 5629 amplexari.
