3938 6148
223 189 335 256 1445

1545 187 1932 250 CENTURIA
1973 187 2054 247 ΙΙ.

3220 151 3238 164 “
3277 176 3414 242 me

217 303 296 354 mi.
323 303 458 354 πᾶσα
503 298 880 370 συγχώρησις,
911 300 999 353 διὰ
1051 301 1150 371 τὴν
1198 298 1567 352 κακοπάθειαν
1601 336 1615 360 ,
1654 295 1748 348 καὶ

1923 293 2162 348 mittitur
2215 299 2398 348 autem
2447 305 2548 360 per
2601 291 2874 348 malorum
2927 288 3314 345 sustinentiam
3356 301 3419 346 et

214 391 377 445 λύπην.

279 411 377 462 την.
1391 411 1400 420 ·

279 481 354 535 σε’.
403 482 706 544 ’Λκουσίοις
737 483 924 544 πόνοις
949 482 1094 535 κατὰ
1125 481 1382 552 πρόνοιαν
1411 477 1748 548 περιπίπτει,

216 577 241 628 6
261 574 318 627 δι’
351 573 612 628 ἑκουσίων
638 573 816 627 πόνων
845 575 1128 644 μετανοεῖν
1165 571 1608 642 μὴ-ἀνεχόμενος.

273 757 364 816 οςν.
398 751 592 820 Σωτήρ
641 753 788 804 ἐστιν
826 751 855 804 6
913 751 1148 822 Χριστὸς
1179 750 1276 803 τοῦ
1318 749 1632 817 σύμπαντος
1664 744 1754 798 κό-

221 859 338 912 σμου
361 859 375 874 ο
410 842 504 894 καὶ
523 841 623 912 τὴν
653 843 942 913 μετάνοιαν
985 843 1064 906 είς
1096 841 1372 912 σωτηρίαν
1395 843 1507 902 τοῖς
1549 836 1757 906 ἀνθρώ-

214 950 318 996 ποις
336 933 639 1004 ἐχαρίσατο.
929 980 944 990 .
1044 983 1048 986 .

277 1021 360 1086 οζν.
394 1021 638 1091 Τηρησιν
673 1020 904 1074 ἐντολῶν
945 1019 1119 1074 τίκτει
1148 1019 1404 1090 μετάνοια
1435 1034 1451 1050 ο
1483 1019 1517 1088 ἠ
1543 1017 1600 1070 δὲ
1651 1017 1757 1070 τῶν

214 1113 419 1166 ἐντολῶν
441 1113 696 1183 τήρησις,
725 1112 904 1184 ψυχῆς
932 1115 1079 1166 ποιεῖ
1105 1111 1202 1182 τὴν
1230 1110 1518 1192 κάθαρσιν.

277 1286 366 1357 οη’.
409 1285 473 1338 Ἡ
506 1286 604 1357 τῆς
632 1261 809 1357 ψυχῆς
841 1265 1132 1356 κάθαρσις,
1164 1285 1353 1338 παθῶν
1390 1287 1542 1337 ἐστιν
1585 1282 1763 1357 ἀπαλ-

219 1345 340 1446 λαγῆ
367 1389 382 1404 ·
420 1377 453 1447 ή
481 1376 540 1428 δὲ
561 1345 932 1431 ’.τῶνῃπσθῶν
969 1345 1283 1446 ἀπαλλαγὴ,
1315 1374 1538 1444 ἀγάπην
1586 1345 1759 1425 τίκτει

206 1461 346 1514 Θεοῦ.
1071 1484 1078 1491 ·

279 1551 369 1606 οϐ’.
404 1553 564 1624 Ψυχὴ
620 1552 836 1625 καθαρὰ
890 1554 925 1625 ὴ
982 1552 1073 1606 τὸν
1125 1552 1260 1606 Θεὸν
1313 1552 1608 1622 ἀγαπῶσα,
1666 1551 1766 1604 καὶ
1797 1595 1836 1625 7.

212 1642 322 1706 νοῦς
349 1645 494 1697 ἐστιν
521 1624 775 1715 καθαρὸς
794 1646 822 1696 6
842 1624 1068 1712 ἀγνοίας
1090 1637 1406 1714 χωρισθείς.
1793 1624 1835 1677 Β

273 1740 342 1788 π’.
381 1734 554 1806 ’Υπὲρ
599 1737 708 1788 τῶν
759 1734 990 1788 ἐντολῶν
1040 1733 1134 1788 τοῦ
1169 1733 1302 1788 Θεοῦ
1341 1735 1504 1805 μέχρι
1532 1733 1760 1786 Θανάτου

209 1824 485 1894 ἀγώνισαι,
533 1828 621 1880 ὃτι
682 1825 750 1880 δι’
811 1825 990 1879 αὐτῶν
1029 1825 1326 1894 καθαρθεὶς
1362 1826 1442 1886 είς
1477 1823 1578 1893 τὴν
1619 1821 1764 1892 ζωὴν

215 1917 504 1989 εἰσελεύσῃ.

280 2009 386 2057 πα’.
417 2005 635 2074 Χρῆσαι
672 2004 748 2074 τῷ
773 2003 987 2074 σώματι
1015 2005 1090 2067 ὡς
1117 2004 1365 2074 ὑπηρέτῃ
1391 2003 1500 2056 τῶν
1515 2001 1762 2068 ἐντολῶν,

211 2093 460 2146 ἀνώδυνον
489 2094 620 2148 αύτδ
642 2093 826 2164 τηρῶν
857 2094 952 2146 καὶ
985 2093 1174 2148 ἄνοσον
1202 2095 1301 2164 ὅση
1335 2093 1588 2163 δύναμις.

278 2267 380 2338 πβξ
417 2269 481 2322 Ἡ
509 2269 611 2339 τῆς
637 2269 839 2340 σαρκὸς
871 2269 1263 2335 ἐπανάστασις,
1297 2268 1357 2336 ἐξ
1399 2268 1658 2340 ἀμελείας
1685 2268 1771 2336 γίσ

206 2373 348 2411 νεται
398 2359 497 2428 τῆς
555 2361 869 2430 προσευχῆς
921 2376 981 2413 τε
1034 2359 1131 2413 καὶ
1181 2360 1409 2430 διαίτης,
1457 2361 1552 2412 καὶ
1599 2357 1771 2427 καλῆς

210 2449 446 2519 ἡσυχίας.

279 2538 567 2608 πγ’.·Καλά
606 2538 812 2608 ἔγγονα
841 2540 1015 2594 τίκτει
1049 2543 1082 2610 ἠ
1115 2539 1254 2613 καλὴ
1292 2541 1492 2611 ἡσυχία
1519 2555 1534 2570 ο
1573 2538 1772 2608 ἐγκρά-

209 2648 356 2684 τειαν
444 2632 540 2684 καὶ
587 2632 810 2702 ἀγάπην
885 2633 980 2686 καὶ
1052 2633 1149 2702 τὴν
1228 2631 1534 2704 προσευχὴν
1605 2631 1774 2684 καθα·

214 2739 324 2793 ραν.

277 2815 378 2866 τίδ’.
431 2813 764 2882 Ἀνάγνωσις
817 2815 910 2868 καὶ
973 2814 1252 2886 προσευχὴ
1303 2813 1428 2868 νοῦν
1480 2812 1772 2884 καθαίρου-

1853 384 2085 438 luctum.

1925 475 2010 529 75.
2045 475 2306 545 Quisquis
2328 474 2708 544 pmnitentiam
2729 458 2892 545 agere
2905 487 3006 543 per
3027 472 3246 527 labores
3273 469 3420 540 ultro

1853 579 2138 635 susceptos
2167 566 2444 629 renititur,
2477 567 2524 621 is
2551 573 2772 620 coactus
2823 565 2878 618 in
2913 563 3131 618 labores
3166 561 3261 632 qui
3307 563 3420 632 jam

1857 653 2184 723 praadeliniti
2216 663 2364 718 sunt,
2402 655 2630 720 incidet,
2663 671 2802 724 quos
2830 663 2887 708 et
2917 653 3123 709 invitus
3153 653 3313 720 feret.

1929 745 2021 798 76.
2049 745 2304 800 Christus
2327 745 2496 800 totius
2531 745 2718 799 mundi
2743 745 3013 810 Salvator,
3041 753 3128 799 est
3158 751 3216 798 et
3243 743 3422 812 paeni-

1857 837 2084 892 tentiam
2117 837 2185 891 iis
2216 838 2310 905 qui
2356 852 2478 891 eam
2515 835 2690 890 acturi
2727 845 2876 900 sunt,
2925 837 2978 889 in
3024 835 3255 890 salutem
3288 848 3423 888 con-

1855 926 2023 981 cessit
2049 937 2098 977 ιι.

1930 1019 2016 1072 77.
2038 1017 2444 1086 Ρτιεοοριοτιιιη
2477 1015 2882 1070 observantiam
2907 1015 3052 1084 parit
3065 1014 3422 1085 paenitentia;

1857 1117 2258 1178 prreceptorum
2293 1123 2426 1162 vero
2453 1107 2802 1162 observantia
2843 1107 3041 1160 anima:
3067 1113 3288 1175 praestat
3317 1119 3423 1174 pu-

1859 1198 2241 1252 riﬁcationem.

1931 1290 2020 1343 78.
2045 1289 2299 1342 Animam
2321 1286 2635 1356 puriﬁcare,
2671 1295 2756 1342 est
2784 1303 2904 1342 eam
2938 1287 3008 1342 ab
3040 1285 3430 1343 aﬂ‘eetionibus

1860 1380 2129 1444 liberare;
2165 1393 2229 1432 ea
2283 1385 2465 1432 autem
2496 1377 2725 1432 libertas
2753 1378 3078 1432 charitatem
3115 1377 3214 1432 Dei
3267 1375 3433 1431 nobis

1860 1472 2023 1540 parit.

1934 1561 2021 1615 79.
2044 1562 2236 1616 Anima
2277 1578 2412 1632 pura
2448 1573 2554 1626 est,
2576 1578 2698 1632 quae
2724 1563 2899 1616 Deum
2921 1560 3099 1632 diligit
3123 1577 3138 1626 ;
3171 1546 3328 1614 mens
3342 1573 3436 1612 ve-

1865 1667 1928 1706 ro
1953 1668 2110 1721 pura.
2146 1669 2267 1722 quze
2297 1653 2364 1706 ab
2396 1653 2708 1722 ignorantia
2743 1653 2991 1708 secessit.

1936 1743 2022 1798 80.
2049 1745 2155 1798 Pro
2188 1745 2460 1799 mandatis
2481 1745 2688 1799 Christi
2727 1761 2903 1816 usque
2933 1745 3003 1800 ad
3055 1752 3291 1799 mortem
3312 1757 3435 1797 cer—

1869 1841 1918 1886 ta
1955 1850 1968 1886 :
2004 1850 2103 1904 per
2159 1850 2224 1889 ea
2283 1834 2432 1890 enim
2494 1834 2817 1905 puriﬁcatus
2889 1834 2958 1889 ad
3008 1835 3179 1888 vitam
3252 1833 3437 1900 ingre-

1865 1924 2054 1979 dieris.

1947 2017 2034 2070 8L
2064 2015 2304 2086 Corpore
2331 2015 2398 2070 ad
2430 2017 2795 2072 ministerium
2841 2018 3224 2073 mandatorum
3256 2027 3434 2081 utere.

1869 2101 2095 2161 servans
2125 2106 2328 2176 ipsum,
2356 2115 2622 2176 quantum
2653 2107 2768 2163 ﬁeri
2797 2109 3120 2177 potest,sine
3153 2109 3440 2164 doloribus

1849 2189 1924 2254 ὀι
1951 2199 2068 2252 sine
2101 2199 2312 2252 morbo.

1941 2290 2031 2344 82.
2079 2288 2276 2344 Carnis
2327 2287 2646 2353 seditiones,
2681 2305 2750 2344 ex
2797 2289 3128 2360 negligentia
3189 2307 3436 2361 precum,

1878 2379 2056 2434 diaeta:
2079 2379 2434 2450 honestaeque
2467 2381 2670 2451 quietis
2691 2382 2968 2436 oriuntur.

1944 2556 2034 2611 85.
2067 2556 2361 2611 Formosos
2395 2554 2600 2612 liberos
2635 2557 2872 2614 formosa
2900 2558 3044 2628 parit
3067 2559 3256 2629 quies:
3283 2573 3442 2616 nem-

1879 2659 1946 2713 pe
1977 2645 2396 2710 continentiam,
2430 2647 2781 2713 charitatem,
2816 2665 3093 2720 purasque
3120 2667 3332 2720 preces.

1944 2821 2032 2874 8i.
2062 2818 2250 2874 Lectio
2273 2828 2328 2875 et
2346 2835 2573 2890 precum
2606 2823 2822 2892 puritas
2848 2832 3090 2880 mentem
3125 2825 3443 2894 puriﬁcant;

211 2918 294 2954 σιν
323 2918 336 2930 ⁸
365 2901 554 2972 ἀγάπη
622 2901 679 2956 δὲ
723 2902 818 2956 καὶ
867 2904 1164 2974 ἐγκράτεια
1220 2906 1282 2955 τι)
1332 2902 1635 2972 παθητικὸν
1674 2905 1772 2972 τῆς

1919 2909 2076 2964 nima:
2109 2916 2294 2963 autem
2333 2909 2643 2964 aﬂ‘ectivam
2677 2919 2888 2982 partem
2927 2911 3167 2966 charitas
3190 2921 3247 2966 et
3267 2915 3450 2965 conti-

205 2992 399 3062 ψυχῆς.

278 3099 382 3136 πε.
420 3081 570 3150 Ἱσην
621 3081 913 3144 διαπαντὸς
951 3081 1108 3150 τήρει
1163 3079 1264 3150 τὴν
1313 3079 1660 3150 ἐγκράτειαν,
1689 3079 1776 3132 ἵνα

213 3173 286 3242 μὴ
320 3175 384 3242 τῇ
407 3173 675 3248 ἀνομαλίᾳ
701 3173 780 3234 είς
805 3172 873 3224 τά
896 3171 1111 3225 ἐναντία
1144 3172 1340 3243 πέσῃς.

281 3265 400 3328 πς’.
453 3263 515 3316 ὐ
573 3262 880 3332 νομοθετῶν
910 3261 1089 3334 ἐαυτῷ
1122 3263 1199 3333 μὴ
1225 3263 1445 3332 παραδῇ
1483 3260 1674 3313 ἑαυτὸν
1699 3277 1712 3290 θ
1746 3261 1776 3312 6

207 3351 316 3422 γὰρ
365 3351 560 3404 ἑαυτὸν
623 3348 1148 3422 παραλογιζόμενος,
1179 3351 1372 3404 ἐαυτὸν
1394 3353 1598 3420 ἀπατᾷ.

279 3527 387 3592 πζ’.
419 3529 631 3598 Δυσμαί
679 3529 788 3581 εἱσι
853 3527 1062 3599 νοηταὶ,
1095 3513 1266 3598 ψυχαί
1309 3529 1576 3597 ἐμπαθεῖς
1607 3541 1620 3556 ⁸
1661 3529 1778 3589 ταῖς

203 3621 313 3692 γὰρ
344 3618 628 3686 τοιαύταίς
660 3621 749 3674 ἔδυ
775 3620 873 3692 τῆς
892 3620 1242 3690 δικαιοσύνης
1270 3621 1299 3671 6
1321 3619 1492 3688 ἥλιος.

189 3699 194 3704 ’
271 3716 390 3779 mf.
429 3709 554 3773 Υἱός
611 3710 762 3763 ἐστιν
817 3709 952 3762 Θεοῦ
1002 3711 1031 3762 6
1083 3707 1372 3780 ὁμοιωθεὶς
1419 3707 1498 3778 τῷ
1552 3705 1670 3778 Θεῷ
1711 3707 1778 3760 δι’

198 3801 558 3872 ἀγαθότητος,
595 3801 689 3854 καὶ
719 3801 820 3871 τῆς
847 3800 1060 3871 σοφίας,
1087 3803 1181 3854 καὶ
1218 3799 1520 3870 δυνάμεως,
1572 3799 1668 3852 καὶ
1704 3800 1780 3852 δι-

201 3893 522 3962 καιοσύνης.
578 3944 584 3946 .

276 3981 391 4036 πθ’.
428 3983 603 4046 Νόσος
641 3983 760 4036 ἐστὶ
831 3981 1029 4052 ψυχῆς,
1060 3983 1093 4052 ἡ
1125 3983 1226 4054 τῆς
1267 3985 1465 4051 κακίας
1503 3986 1637 4056 ἕξις,
1683 3987 1780 4042 θά-

202 4088 366 4132 νατος
397 4073 453 4124 δὲ
485 4073 518 4143 ή
551 4074 672 4124 κατ’
697 4071 973 4141 ἐνέργειαν
1003 4073 1268 4143 ἁμαρτία.

274 4167 352 4230 ιιι.
399 4161 780 4234 Ἀκτημοσύνη
837 4163 986 4217 ἐστὶν
1045 4165 1232 4236 νοητὴ,
1261 4167 1296 4235 ή
1325 4168 1592 4240 παντελὴς
1639 4169 1784 4224 ἀπάέ

1878 3001 2087 3058 nentia.

1945 3092 2034 3146 85.
2070 3089 2354 3160 Equalem
2389 3091 2788 3146 continentiam
2841 3106 3058 3161 semper
3097 3091 3349 3154 observa,
3383 3107 3450 3160 ne

1873 3196 1976 3251 per
2012 3181 2441 3250 inazqualitatem
2464 3181 2520 3234 in
2550 3181 2830 3236 contraria
2863 3181 3093 3236 incidas.

1947 3272 2035 3326 86.
2088 3273 2168 3326 Ne
2209 3271 2586 3341 praevariceris
2613 3271 2871 3340 teipsum.
2904 3287 3029 3325 cum
3073 3273 3171 3326 tibi
3221 3273 3323 3342 ipsi
3369 3273 3448 3326 le-

1879 3377 2000 3432 gem
2031 3362 2329 3426 statueris;
2371 3361 2616 3430 seipsum
2645 3361 2792 3416 enim
2817 3361 2970 3416 falsis
3003 3361 3314 3416 rationibus
3331 3365 3450 3432 pal-

1825 3503 1829 3508 .
1880 3465 2037 3520 pans,
2069 3451 2312 3519 seipsum
2343 3447 2577 3503 seducit.

1948 3538 2036 3592 87.
2065 3536 2307 3593 Occasus
2335 3536 2610 3605 spiritales
2639 3543 2787 3598 sunt,
2825 3535 3024 3590 animae
3079 3533 3452 3604 perturbatio?

1879 3630 2047 3684 nibus
2071 3629 2330 3699 inquieta:
2355 3644 2370 3693 ;
2399 3628 2478 3682 sol
2508 3627 2656 3681 enim
2675 3627 2906 3698 justitiaa
2937 3627 3045 3680 illis
3083 3627 3306 3682 occidit.

1951 3719 2038 3774 88.
2072 3719 2249 3772 Filius
2279 3717 2373 3771 Dei
2399 3717 2526 3786 quis
2555 3725 2660 3780 est,
2688 3716 2761 3770 ob
2794 3716 3094 3772 bonitatem
3143 3728 3200 3772 et
3233 3720 3452 3788 sapien-

1885 3809 2038 3874 tiam,
2073 3815 2129 3862 et
2173 3805 2502 3877 potentiam,
2559 3813 2614 3862 et
2655 3806 2926 3876 justitiam
2945 3813 2993 3868 ο,
3017 3806 3216 3862 similis
3260 3809 3310 3863 ei
3370 3810 3454 3862 fa-

1881 3907 2025 3953 ClllS.
3230 3941 3236 3945 .

1953 3986 2043 4040 89.
2077 3985 2296 4040 Malitia
2326 3983 2550 4039 habitus
2574 3983 2802 4038 morbus
2821 3990 2906 4038 est
2934 3983 3130 4037 animae
3149 3999 3164 4048 ;
3185 3998 3334 4038 mors
3352 3999 3454 4039 au-

1885 4086 1994 4132 tem
2018 4092 2120 4147 per
2148 4075 2524 4146 operationem
2553 4074 2762 4144 peccati
2791 4074 3163 4129 introducitur
3194 4085 3240 4128 ιι.

1951 4163 2039 4219 90.
2067 4163 2372 4233 Paupertas
2399 4162 2679 4231 spiritalis,
2703 4171 2788 4217 est
2807 4172 3183 4218 consummata
3207 4163 3488 4234 impassi-'

197 4255 350 4317 θεια,
383 4253 506 4307 καθ’
545 4255 614 4324 ἣν
645 4252 938 4322 γενόμενος
967 4253 996 4305 6
1047 4253 1172 4316 νοῦς
1223 4254 1500 4327 ἀναχωρεῖ
1547 4257 1656 4310 τῶν
1695 4261 1774 4312 ὲν-

1919 4255 2118 4320 ιίιὶιεες
2153 4267 2274 4324 qua:
2301 4254 2348 4309 si
2373 4252 2545 4308 menti
2575 4254 2920 4320 conceditur,
2947 4253 3018 4308 ab
3056 4253 3145 4308 his
3198 4269 3321 4324 qua:
3364 4254 3457 4308 hic

195 4342 424 4400 ταῦθα.

276 4435 396 4504 ιιια’.
437 4434 772 4506 Συμιρώνους
824 4434 982 4506 τήρει
1019 4434 1118 4498 τὰς
1161 4434 1264 4504 τῆς
1304 4435 1484 4508 ψυχῆς
1547 4438 1779 4510 ἀρετάς·

191 4533 259 4584 ἐκ
324 4529 522 4583 τούτου
567 4528 688 4598 γὰρ
745 4525 990 4578 τίκτεται
1044 4527 1073 4578 6
1129 4525 1228 4607 τῆς
1275 4525 1620 4600 δικαιοσύνης
1644 4547 1782 4594 καρ-

215 4624 300 4674 p6-

215 4659 231 4674 ι
270 4659 326 4675 .0

215 4641 326 4675 .o-.

188 4641 230 4675 τ
267 4659 388 4782 ἰβν.
421 4709 558 4780 Τὴνο
593 4709 704 4761 τῶν
763 4706 968 4780 νοητῶν
1025 4706 1280 4779 θεωρίαν,
1309 4707 1598 4780 ἀσώματον
1643 4705 1784 4765 εἷναί

170 4813 396 4872 φασιν,
423 4800 500 4862 ὡς
532 4798 666 4868 ὕλης
691 4799 788 4852 καὶ
823 4799 1000 4862 εἴδους
1024 4798 1204 4868 πάντη
1229 4799 1676 4873 ἀπηλλαγμένην.

269 4988 393 5052 κγ’.
425 4981 640 5048 ’Ὠσπερ
678 4978 747 5032 τὰ
777 4978 1020 5044 τέσσαρα
1047 4981 1286 5048 στοιχεῖα
1311 4979 1378 5032 ἐκ
1399 4979 1498 5049 τῆς
1532 4977 1667 5048 ῦλης
1697 4980 1790 5032 καὶ

185 5075 297 5128 τοῦ
331 5073 516 5134 εἴδους
547 5087 561 5102 ·
590 5069 656 5122 οὗ
669 5088 768 5134 τως
797 5072 890 5124 καὶ
913 5070 982 5123 τά
1007 5070 1068 5134 ἐξ
1093 5069 1278 5124 αὐτῶν
1309 5071 1538 5143 σώματα
1581 5075 1645 5127 ἐκ
1681 5072 1791 5127 τῶν

185 5164 396 5218 αὐτῶν
434 5160 786 5226 συνέστηκεν.
1630 5155 1635 5161 ’

275 5257 390 5322 ιιδν.
451 5252 597 5322 Σάρξ
663 5252 956 5322 γενόμενος
1005 5251 1094 5306 διὰ
1147 5251 1248 5324 τὴν
1296 5253 1704 5324 φιλανθρωπίαν
1761 5255 1790 5307 ὁ

188 5355 418 5422 Λόγος,
441 5349 566 5402 οὔτε
593 5348 623 5401 ὃ
659 5345 726 5420 ἦν
755 5347 1069 5418 μετέϐαλεν,
1097 5333 1204 5399 ούδτ
1235 5345 1264 5398 ὃ
1293 5346 1534 5414 γέγονεν,
1568 5345 1792 5414 ἠλλοίω-

119 5475 125 5480 '
193 5466 327 5502 σεν.

1889 4358 2038 4415 sunt,
2061 4349 2294 4406 secedit.

1959 4443 2047 4496 9i.
2079 4439 2362 4496 Consonas
2412 4439 2610 4494 animae
2642 4437 2878 4494 virtutes
2901 4438 3158 4514 custodi:
3210 4454 3276 4494 ex
3322 4440 3458 4509 ipsis

1889 4536 2038 4589 enim
2068 4531 2316 4588 nascitur
2336 4530 2550 4586 fructus
2579 4529 2826 4602 iustitiae.

1957 4710 2045 4766 92.
2077 4707 2610 4778 Contemplationem
2637 4721 2828 4763 eorum
2869 4721 2991 4776 quae
3009 4721 3162 4762 mens
3193 4705 3457 4775 concipit,

1895 4803 2064 4878 aiunt.
2096 4800 2323 4856 omnino
2351 4799 2738 4868 incorpoream
2777 4811 2922 4862 esse,
2953 4803 3144 4866 ut'pote
3174 4811 3297 4866 quae
3325 4797 3397 4851 sit
3428 4813 3459 4851 a

1893 4892 2123 4948 materia
2147 4879 2438 4959 formaque
2471 4891 2798 4944 abalienata.

1964 4981 2053 5038 95.
2089 4979 2244 5034 Sicut
2267 4987 2503 5048 quatuor
2529 4978 2800 5032 elementa
2823 4991 2891 5031 ex
2921 4975 3151 5030 materia
3183 4983 3240 5028 et
3261 4973 3458 5036 forma,

1891 5073 1970 5128 sic
1997 5080 2054 5127 et
2081 5085 2312 5140 corpora
2365 5084 2487 5136 quae
2519 5084 2586 5124 ex
2619 5068 2751 5138 ipsis
2781 5075 2930 5130 sunt,
2999 5082 3065 5121 ex
3097 5066 3230 5136 ipsis
3295 5065 3462 5119 ctiam

1893 5171 2024 5219 sunt
2051 5155 2383 5218 constituta.’

1969 5255 2059 5308 94.
2081 5251 2322 5308 Verbum
2339 5257 2563 5319 propter
2579 5246 3014 5302 misericordiam
3037 5261 3168 5301 caro
3191 5245 3392 5299 factum
3409 5255 3462 5306 η,

1897 5358 2075 5413 neque
2106 5341 2253 5412 quod
2285 5349 2401 5395 erat
2429 5337 2832 5403 transmutavit,
2857 5351 3036 5407 neque
3062 5336 3208 5406 quod
3237 5335 3464 5401 factum,

1897 5429 2168 5487 alteravit.

261 5571 295 5602 ι’
331 5558 534 5617 Mattb.
559 5571 631 5624 Iv,
665 5555 752 5609 l7.
835 5556 861 5596 ιι
893 5553 1039 5611 Psal.
1075 5569 1194 5620 Lxx,
1228 5553 1316 5620 18,
1352 5552 1438 5606 l9.
1518 5563 1544 5603 ρ
1574 5553 1774 5606 Rom.\'

1919 5592 1926 5603 .
2005 5558 2032 5596 (ι
2059 5545 2216 5600 Joan.
2249 5559 2284 5608 ι,
2316 5541 2405 5594 14.
