3938 6148
335 254 476 321 1449

1669 267 2056 331 CENTURIA
2095 272 2209 331 III.

3454 289 3590 355 1450

405 369 472 423 θ’.
531 368 686 423 Κίνει
714 370 804 424 τὸν
852 372 976 425 νοῦν
1020 373 1103 436 εὶς
1161 376 1467 447 προσευχὴν
1502 379 1762 449 συνεχῶς,
1815 398 1877 433 κα

2081 382 2133 435 9.
2162 382 2396 439 Mentem
2437 386 2657 443 assidue
2679 388 2748 444 ad
2773 391 3043 447 orandum
3076 392 3266 461 incita,
3284 404 3345 451 ut
3375 400 3583 470 cogita-

328 458 664 530 διαφθείρεις
708 464 832 526 τοὺς
874 463 1168 536 λογισμοὺς
1219 467 1529 536 ἐφεστῶτας
1585 473 1651 540 τῇ
1687 471 1900 543 καρδίᾳ.

374 557 458 623 ηιθ.
523 552 833 622 ’Υπομονῆς
884 555 1177 610 δεῖταικαὶ
1218 558 1597 630 μακροθυμίας
1634 562 1900 633 ἄσκησιςο

327 638 519 710 χρονίᾳ
543 639 649 710 γὰρ
681 641 967 714 φιλοπονίᾳ
989 645 1269 714 φιληδονία
1295 647 1618 717 ὲξορίζεται.

397 798 487 873 ια’.
517 818 741 890 Ῥᾳδίως
758 838 825 889 γυ
833 820 1010 894 μνάξῃ
1026 826 1106 887 είς
1128 826 1253 889 τοὺς
1268 827 1364 898 τῆς
1379 828 1663 899 ἀσκήσεως
1683 831 1899 897 πόνους,

325 908 425 965 ὲάν
447 911 622 965 πάντα
643 911 720 983 τῷ
747 912 930 984 μέτρῳ
962 914 1055 966 καὶ
1086 915 1270 969 κανόνι
1298 917 1589 989 διαπράξῃ.

399 1082 487 1152 ιβ’.
517 1083 660 1136 Ἴσον
685 1084 745 1137 τὸ
772 1084 969 1157 μέτρον
989 1087 1084 1157 τῆς
1112 1089 1400 1159 ἀσκήσεως
1416 1068 1673 1181 φύλαττε,
1699 1099 1793 1151 καὶ
1825 1100 1899 1171 μὴ

323 1170 494 1244 λύσῃς
526 1175 727 1228 κανόνα
756 1177 916 1240 ἐκτὸς
939 1177 1041 1250 τῆς
1071 1179 1336 1252 ἀνάγκης.

396 1355 485 1416 ιγ’.
522 1352 735 1422 ’Ὠσπερ
766 1353 1062 1426 λογισμοὺς
1086 1355 1340 1431 καθαίρει
1358 1362 1544 1435 ἀγάπη
1568 1366 1664 1418 καὶ
1692 1369 1898 1437 ἐγκρά-

320 1456 464 1505 τεια,
514 1442 687 1507 οὕτως
737 1447 847 1501 πᾶν
886 1447 1097 1519 ,ὕψωμα
1154 1451 1518 1523 ἐπαιρόμενον
1560 1454 1897 1527 θεωρίαξκαὶ

321 1533 618 1605 προσευχή.

389 1889 475 1945 ιε’.
527 1893 587 1947 '0
626 1895 733 1950 τῶν
775 1899 1049 1956 ἀκουσίων
1087 1907 1411 1977 πειρασμῶν
1456 1909 1555 1972 τὰς
1598 1912 1890 1982 ἐπαγωγὰς

318 1979 625 2052 ὑπομένων,
671 1990 1075 2063 ταπεινόφρων,
1120 1997 1218 2049 καὶ
1245 1997 1488 2069 δόκιμος,
1536 2004 1630 2054 καὶ
1673 1979 1890 2071 εῠελπις

316 2073 546 2141 γίνεται.
1253 2159 1259 2165 θ

393 2166 502 2232 ις’.
526 2169 802 2243 ’Υπομονή
832 2176 979 2230 ἐστιν
1009 2179 1293 2246 φιλοπονία
1323 2182 1503 2256 ψυχῆς
1522 2202 1535 2215 ·
1575 2191 1887 2246 συνίσταται

313 2261 373 2317 δὲ
429 2262 569 2335 αὕτη
622 2265 681 2332 ἐξ
729 2268 994 2323 ἑκουσίων
1059 2273 1237 2327 πόνων
1289 2277 1384 2329 καὶ
1437 2279 1710 2335 ἀκουσίων
1768 2301 1888 2337 πει-

318 2370 562 2426 ρασμων.

385 2535 472 2598 ιζ.
518 2533 703 2587 Τίκτει
745 2537 979 2592 ἀκακίαν
1028 2541 1211 2625 ἡτῶν
1245 2541 1432 2605 δεινῶν
1464 2550 1751 2620 καρτερία,
1795 2556 1888 2609 καὶ

312 2622 610 2679 ἀπόλλυσιν
651 2627 850 2691 κακίας
879 2630 961 2692 εἰς
987 2631 1049 2683 τὸ
1082 2622 1236 2697 τέλος
1274 2636 1306 2705 ή
1350 2636 1512 2707 μέχρι
1537 2638 1724 2705 τέλους
1754 2643 1887 2699 ὐποο

314 2717 475 2879 μοῖτὲ
523 2810 784 2883 Δίσθησιν
821 2812 996 2885 ’ὀδυνᾷ
1041 2815 1223 2871 πόνων
1247 2821 1534 2893 ἐπαγωγὴ,
1563 2826 1658 2879 καὶ
1692 2827 1886 2900 ἡδονὴν
1980 2826 1985 2831 ’

218 2910 225 2914 ’
310 2903 526 2975 ἀναιρεῖ
551 2905 726 2975 λύπης
745 2908 1003 2979 ἐπιφορά.

383 2991 468 3049 ιϐ’.
525 2994 782 3064 Τέσσαρά
829 2997 945 3050 ἐστι
986 2998 1325 3065 γενικώτατα
1359 3003 1529 3076 πάθη,
1582 3004 1664 3072 οἷς
1707 3010 1885 3079 σοφῶς

308 3083 431 3138 κατ’
464 3084 707 3155 ἀλλήλων
741 3086 962 3141 ὑπόνοια
992 3088 1274 3160 κέχρηται.

379 3181 452 3229 κ’.
492 3176 713 3247 Ἡδονὴν
765 3178 875 3249 γὰρ
933 3181 1213 3234 συστέλλει
1259 3183 1440 3254 λύπης
1467 3187 1752 3259 ἐπαγωγὴ.
1788 3193 1882 3247 καὶ

305 3262 606 3334 ἐπιθυμίαν
644 3268 900 3338 μαραίνει
930 3270 1094 3339 φόϐος
1133 3273 1429 3330 κολάσεων.

375 3443 484 3499 κα’.
509 3444 653 3509 Νοῦς
690 3449 954 3518 φρόνιμος
971 3450 1235 3520 γυμνάζει
1262 3452 1438 3526 ψυχὴν
1461 3456 1647 3524 αὐτοῦ,
1677 3461 1771 3515 καὶ
1797 3463 1876 3525 είς

303 3534 493 3588 πᾶσαν
519 3535 753 3607 ἄσκησιν
785 3538 952 3603 ἐθίζει
982 3540 1041 3593 τὸ
1070 3541 1230 3613 σῶμα
1263 3545 1449 3601 αὑτοῦ.

375 3624 479 3694 κβ’.
512 3625 756 3680 Σπεῦσον
777 3627 946 3694 δεῖξαι
979 3632 1232 3703 μοναχὸν,
1279 3635 1353 3705 μὴ
1406 3637 1495 3691 τὸν
1520 3637 1626 3704 ἔξω
1661 3640 1873 3713 ἄνθρω-

302 3728 427 3779 πον,
455 3715 590 3769 ἀλλά
615 3719 709 3771 καὶ
741 3719 973 3807 τὸνθέσω
996 3721 1106 3776 τῶν
1137 3724 1323 3778 παθῶν
1352 3727 1727 3784 ἀπαλλάττων.

375 3898 480 3958 κγ’.
525 3894 801 3967 Ἀποταγὴ
860 3900 1052 3971 πρώτη
1088 3904 1118 3974 ή
1160 3904 1270 3959 τῶν
1321 3910 1662 3979 πραγμάτων
1696 3914 1872 3968 ἀπαλ-

300 3978 466 4050 λαγὴ,
510 3982 737 4055 δευτέρα
765 3985 822 4040 δὲ
862 3988 956 4041 καὶ
985 3990 1143 4085 τρίτη
1185 3997 1217 4057 ἡ
1264 3978 1375 4051 τῶν
1406 3999 1597 4054 παθῶν
1635 4003 1726 4059 καὶ
1770 4004 1872 4075 τῆς

372 4183 471 4237 κδ’.
516 4185 741 4256 Ῥᾳδίως
769 4206 853 4253 τις
881 4191 1164 4264 βουληθεὶς
1192 4198 1302 4252 τῶν
1327 4204 1666 4273 πραγμάτων
1697 4209 1869 4263 ἀπαλ-

232 4337 239 4344 η
299 4268 572 4338 λάττεται,
633 4277 733 4328 ούκ
782 4278 947 4351 ὀλίγῳ
993 4282 1051 4334 δὲ
1104 4268 1511 4356 καμάτῳξτῶν
1539 4294 1679 4375 πρὸς
1730 4300 1788 4352 αὖ

298 4362 447 4435 παθη
455 4366 661 4436 μάτων.

368 4489 466 4535 κε’.
496 4485 730 4551 Κρατῶν
758 4488 1073 4560 ἐπιθυμίας,
1106 4494 1201 4547 καὶ
1230 4496 1404 4569 Θυμοῦ
1433 4486 1693 4576 περιέσῃ·
1730 4508 1866 4582 αὕτη

296 4568 406 4642 γὰρ
434 4573 579 4628 αἰτία
608 4575 707 4646 τῆς
729 4579 821 4630 τοῦ
858 4579 1030 4651 θυμοῦ
1069 4568 1336 4656 ταραχῆς.

367 4781 478 4838 κς’.
511 4752 658 4841 Ἆρα
687 4778 1080 4852 ἀπηλλάγημεν
1118 4785 1227 4838 τῶν
1265 4788 1528 4856 ὲμπαθῶν
1555 4798 1863 4865 νοημάτων,

292 4868 390 4917 καὶ
415 4866 514 4935 τῆς
543 4868 789 4938 καθαρᾶς
820 4873 912 4924 καὶ
948 4874 1118 4928 ἀΰλου
1158 4878 1502 4952 ἀπολαύομεν
1533 4890 1863 4961 προσευχῆς,

297 4954 542 5025 ῆοῦπω;

360 5066 464 5131 κζ’.
503 5070 690 5140 Μέγας
732 5075 873 5139 νοῦς,
920 5079 947 5130 ὁ
988 5079 1096 5133 τῶν
1144 5083 1333 5139 παθῶν
1374 5089 1729 5161 ἀπαλλαγεὶς,
1770 5100 1864 5154 καὶ

291 5155 399 5211 τῶν
430 5159 602 5216 ὄντων
624 5167 933 5235 χωρισθεὶς,
979 5172 1071 5224 καὶ
1115 5174 1173 5227 ὲν
1200 5174 1278 5245 τῷ
1308 5176 1426 5248 Θεῷ
1453 5155 1680 5251 διάγων.

361 5340 467 5406 κη’.
522 5338 610 5391 Ἐν
644 5343 755 5403 τοῖς
789 5345 936 5413 τρισὶ
964 5345 1177 5405 τούτοις
1206 5353 1233 5403 ὁ
1281 5354 1608 5413 προκόπτων
1639 5362 1858 5429 φιλοσο-

290 5429 399 5494 φεῖ,
453 5430 511 5481 ὲν
542 5434 659 5496 ταῖς
690 5435 950 5504 ἐντολαῖς,
995 5441 1055 5493 ὲν
1095 5446 1208 5508 τοῖς
1248 5446 1504 5518 δόγμασι,
1542 5454 1635 5506 καὶ
1680 5457 1737 5509 ὲν
1786 5462 1854 5531 τῇ
1958 5481 2007 5518 m

244 5562 253 5565 _
288 5515 466 5572 πίστει
491 5521 591 5590 τῆς
614 5524 865 5593 Τριάδος.

356 5611 456 5666 κθ’.
492 5614 634 5677 Νοῦς
664 5616 852 5670 παθῶν
888 5626 1194 5692 γυμνωθεὶς
1242 5633 1299 5686 ἐν
1347 5634 1558 5703 τούτοις
1601 5641 1848 5712 εὑρίσκε-

600 5709 868 5775 Parnm.
898 5717 1011 5776 Gn.
1063 5722 1214 5785 XCI.

2011 472 2191 529 tiones
2231 476 2287 530 in
2328 486 2549 546 pectore
2577 479 2937 537 obversantes
2963 483 3283 554 disperdere
3315 502 3505 556 queas.

2077 563 2164 618 10.
2197 565 2534 624 Exercitatio
2562 569 2840 640 religiosa,
2869 572 3136 642 patientia
3167 590 3306 644 opus
3325 576 3491 636 habet
3519 597 3585 636 ac

1956 724 1967 737 Ν
2003 652 2450 726 longanimitate;
2480 662 2779 731 voluptatis
2818 665 2967 719 enim
3000 680 3174 730 amor,
3222 669 3392 724 multa
3423 671 3579 728 labo-

2003 743 2082 798 ris
2113 747 2434 805 assiduitate
2466 750 2521 805 in
2541 752 2798 807 exsilium
2829 755 3085 811 mittitur.

2075 833 2163 886 11.
2209 836 2387 892 Facile
2437 840 2604 911 hujus
2635 843 3052 901 exercitationis
3084 847 3300 906 labores
3332 854 3578 916 exantla-

2003 919 2111 985 bis,
2149 924 2195 978 si
2220 925 2288 980 ad
2316 942 2633 985 mensuram
2658 940 2715 987 et
2742 934 2984 1003 regulam
3013 951 3182 1007 opera
3206 948 3299 995 tua
3329 944 3577 1013 perfece-

2003 1012 2100 1065 ris.

2073 1103 2158 1155 12.
2207 1104 2492 1176 ,Εῳιειιθιη
2559 1112 2664 1181 pia:
2699 1115 3114 1174 exercitationis
3156 1135 3470 1179 mensuram
3518 1121 3599 1181 in'

2001 1196 2273 1253 omnibus
2317 1214 2498 1267 serva,
2530 1204 2637 1259 nisi
2681 1207 2752 1260 ob
2795 1210 3224 1268 inexcusabilem
3273 1217 3571 1274 necessita-

2004 1291 2111 1339 tem
2141 1289 2385 1358 regulam
2422 1294 2603 1349 solvas
2628 1297 2937 1354 minimum.

2071 1377 2162 1432 15.
2194 1379 2265 1434 Ut
2292 1381 2631 1439 continentia
2676 1396 2732 1441 et
2759 1389 3000 1446 Charitas
3035 1393 3331 1461 puriﬁcant
3359 1401 3571 1469 cogita-

2002 1466 2202 1532 tiones,
2230 1469 2301 1524 ita
2331 1486 2548 1528 omnem
2584 1477 2900 1544 superbiam
2958 1481 3158 1551 tollunt
3186 1466 3575 1558 contemplatio

1992 1830 2304 1898 ganimitas.

2067 1920 2151 1973 l5.
2179 1919 2286 1986 Qui
2325 1922 2814 1984 involuntariarum
2851 1937 3216 1994 tentationum
3251 1943 3435 2014 plagas
3476 1966 3574 2019 pa-

1993 2011 2193 2068 tienter
2236 2017 2376 2080 lert,
2421 2019 2702 2077 modestus
2757 2036 2813 2079 et
2864 2029 3146 2098 probatus,
3192 2011 3366 2106 atque
3418 2011 3575 2103 bona:

1990 2105 2105 2172 Spei
2140 2106 2224 2159 vir
2253 2109 2379 2162 erit.

1980 2236 1987 2239 .
2061 2195 2147 2249 16.
2185 2198 2453 2255 Patientia
2485 2205 2686 2272 gaudet
2733 2209 2789 2263 in
2844 2210 3090 2293 ferendis
3117 2217 3398 2280 laboribus
3450 2228 3571 2281 ani—

1990 2298 2113 2349 mae,
2160 2289 2524 2360 consistitque
2570 2295 2626 2351 in
2656 2289 3056 2361 tentationibus
3087 2316 3142 2362 et
3168 2310 3452 2372 laboribus
3475 2318 3579 2388 qui.

1988 2384 2183 2441 sponte
2242 2379 2642 2450 suscipiuntur,
2686 2395 2742 2440 et
2776 2392 3176 2454 tentationibus
3219 2416 3344 2471 qua)
3383 2379 3572 2464 invi-tis

1989 2464 2267 2522 accidunt.

2062 2555 2149 2610 17.
2172 2556 2489 2618 Tolerantia
2510 2580 2692 2622 rerum
2716 2572 2965 2641 gravium
2990 2577 3138 2645 parit
3165 2580 3565 2655 innocentiam;

1990 2648 2302 2704 constantia
2332 2661 2515 2708 autem
2545 2656 2599 2710 in
2656 2659 2763 2715 ﬁne
2788 2678 2964 2734 usque
2992 2683 3354 2737 perseverans
3383 2680 3566 2735 omni-

1986 2752 2060 2793 no
2092 2740 2356 2797 malitiam
2402 2749 2752 2806 exterminat.

2061 2829 2149 2885 18.
2200 2832 2377 2905 Plaga:
2435 2837 2697 2897 immissae
2741 2858 2937 2904 sensus
2988 2849 3259 2922 allligunt,
3319 2862 3413 2914 sed
3468 2875 3571 2916 vo-

1988 2921 2170 2991 luptas
2222 2928 2442 2983 tristitia
2474 2932 2625 2988 illata
2669 2937 2898 2993 tollitur.

1911 3037 1958 3100 ς
2059 3014 2147 3070 19.
2177 3016 2428 3083 Quatuor
2483 3035 2615 3080 sunt
2658 3031 2945 3098 generales
2996 3035 3321 3097 at‘l'cctiones
3367 3044 3567 3114 quibus

1992 3105 2289 3171 prudentia
2325 3113 2605 3181 sapienter
2624 3118 2864 3176 vicissim
2892 3141 2991 3181 usa
3022 3137 3127 3185 est.

2061 3196 2149 3251 20.
2188 3200 2533 3270 Voluptatem
2564 3209 2713 3262 enim
2755 3213 2979 3270 tristitia
2999 3225 3401 3288 superveniens
3425 3226 3566 3283 fran-

1988 3286 2066 3356 git
2108 3297 2166 3342 et
2189 3294 2486 3361 contrahit;
2522 3302 3029 3371 concupiscentiam
3062 3324 3197 3366 vero
3235 3325 3415 3371 metus
3436 3319 3560 3374 vin-

1988 3377 2148 3433 dicta:
2177 3380 2380 3437 abolet.

1980 3522 1983 3527 ,
2026 3466 2149 3522 ~2l.
2172 3468 2324 3525 Mens
2346 3473 2636 3540 prudentis
2665 3480 2902 3536 animam
2929 3500 3085 3541 suam
3106 3505 3346 3557 exercet,
3368 3505 3563 3553 eteor-

1988 3573 2091 3628 pus
2118 3574 2278 3614 suum
2327 3564 2477 3618 omni
2498 3566 2602 3635 piae
2629 3573 3015 3632 exercitationi
3052 3582 3367 3639 assuefacit.

2054 3649 2145 3704 22.
2178 3650 2416 3722 Propera
2461 3668 2522 3711 ut
2556 3663 2888 3719 monachum
2930 3676 2984 3723 te
3012 3673 3295 3744 ostendas,
3324 3692 3435 3733 non
3463 3696 3563 3736 ex-

1988 3741 2243 3797 teriorem
2270 3744 2570 3815 hominem,
2616 3753 2714 3808 sed
2750 3757 3074 3817 interiorem
3136 3767 3206 3822 ab
3248 3768 3558 3826 affectioni-

1981 3831 2088 3887 bus
2117 3833 2427 3893 alienando.

2051 3928 2143 3983 25.
2178 3931 2468 3991 Abdicatio
2502 3940 2677 4008 prima
2707 3953 2792 3998 est
2820 3955 2878 3999 ut
2899 3947 3113 4015 quisab
3150 3954 3435 4022 operibus,
3465 3974 3555 4015 se-

1978 4023 2159 4079 cunda
2180 4025 2248 4080 ab
2269 4026 2674 4098 affectionibus,
2700 4035 2859 4090 tertia
2893 4046 2955 4093 ut
2985 4039 3057 4095 ab
3078 4041 3388 4113 ignorantia
3411 4047 3557 4104 liber

1980 4110 2090 4167 ﬁat.

2042 4520 2131 4575 25.
2154 4522 2210 4577 Si
2236 4525 2474 4596 imperas
2496 4534 2975 4604 concupiscentiis,
3000 4542 3289 4602 cohibebis
3305 4558 3361 4603 et
3386 4551 3546 4622 iram;

1969 4623 2098 4663 nam
2162 4615 2354 4671 eadem
2430 4620 2499 4674 de
2565 4638 2729 4679 causa
2792 4628 2917 4696 quis
2977 4641 3028 4686 et
3105 4635 3185 4690 ira
3245 4644 3548 4700 conturba-

1970 4709 2081 4755 tur.

2036 4814 2123 4868 26.
2153 4816 2236 4872 An
2261 4835 2370 4875 non
2390 4822 2610 4880 liberati
2636 4843 2664 4882 a
2697 4829 3128 4901 cogitationibus
3157 4854 3279 4909 quae
3303 4844 3543 4906 animam

1966 4904 2234 4974 afﬁciunt,
2294 4914 2528 4982 spiritali
2586 4921 2753 4975 etiam
2809 4939 2875 4978 ac
2921 4940 3057 4995 pura
3111 4934 3365 4992 oratione
3398 4938 3542 4993 frui-

1964 4998 2127 5050 mur?

2032 5107 2121 5162 27.
2151 5110 2338 5181 Magna
2368 5115 2592 5184 quidem
2612 5135 2768 5176 mens
2796 5140 2919 5194 qum
2947 5128 3016 5182 ab
3041 5130 3432 5196 atl'ectionibus
3455 5152 3541 5200 est

1960 5195 2157 5266 libera,
2188 5212 2241 5257 et
2261 5217 2603 5276 sequestrata
2635 5222 2721 5268 est
2743 5215 2813 5270 ab
2843 5218 2930 5274 his
2956 5235 3079 5290 quae
3096 5234 3245 5292 sunt,
3270 5238 3326 5284 et
3349 5231 3407 5287 in
3428 5234 3541 5292 Deo

1964 5298 2237 5344 versatur.
2708 5308 2715 5315 '

2027 5378 2120 5433 28.
2169 5381 2460 5453 Sapientiae
2494 5402 2671 5459 vacat,
2706 5399 2799 5467 qui
2826 5400 2882 5454 in
2923 5402 3102 5460 tribus
3157 5411 3397 5478 proficit,
3481 5417 3536 5471 in

2014 5471 2231 5529 andatis
2254 5477 2482 5549 scilicet,
2509 5482 2795 5556 doctrinis,
2824 5500 2881 5547 et
2909 5492 2965 5547 in
2988 5493 3093 5552 {ide
3124 5471 3430 5560 Trinitatis.

2034 5650 2127 5706 29.
2181 5654 2333 5714 Mens
2362 5658 2748 5743 affectionibus
2781 5680 2942 5729 exuta
2966 5672 3020 5729 in
3056 5675 3178 5733 istis
3200 5678 3534 5748 inveniet-ur,

3017 5765 3098 5828 1ιὸ
