3938 6148
446 370 451 375 η
539 290 668 355 μοι

1783 304 2179 363 TilALASSlI
2216 276 2537 369 animus

3622 317 3641 379 l
3656 320 3726 379 liii

532 409 584 458 in
619 409 875 463 tenuibus
920 410 1361 478 Cogitationibus,
1401 415 1859 482 contemplatione
1904 416 2088 467 horun

2204 436 2313 482 ται,
2343 422 2399 472 ἐν
2425 426 2533 485 τοῖς
2563 424 2737 491 ψιλοῖς
2763 429 3017 495 νοήμασι,
3043 427 3099 478 ὲν
3126 429 3190 496 τῇ
3218 426 3424 497 θεωρίᾳ
3455 430 3558 480 τῶν
3579 431 3728 493 ὅντων,

526 517 644 570 qum
688 515 835 566 sunt,
869 511 926 555 ct
981 506 1187 557 lumine
1239 507 1445 559 nullam
1514 510 1785 562 referente
1838 510 2097 578 speciem.

598 592 688 647 δι).
716 594 956 649 Occulta:
987 606 1113 649 sunt
1146 598 1199 651 in
1223 599 1511 654 animabus
1537 602 1739 655 nostris
1777 603 2098 657 atiectiones

529 687 804 756 pessimae:
830 689 1317 756 deprehenduntur
1341 700 1523 745 autem
1550 693 1640 746 ubi
1656 709 1820 763 opera
1844 694 1896 746 in
1919 695 2094 747 lucem

528 779 852 848 prodierint.

593 868 679 921 3|.
707 868 1100 937 imperturbata
1117 880 1296 925 manet
1324 872 1615 941 aliquando
1635 888 1808 935 mens,
1836 875 2099 943 tranquil-
2154 946 2159 955 ε

526 959 733 1013 litatem
768 959 1003 1027 aliquam
1053 962 1442 1030 particularem
1477 974 1644 1017 nacta
1674 982 1686 1015 :
1716 965 1960 1033 quandiu
2012 974 2093 1018 ta-

524 1065 647 1103 men
680 1050 876 1104 absunt
909 1065 1094 1119 Opera,
1130 1039 1357 1119 probata
1392 1070 1498 1107 non
1534 1064 1637 1107 est.

590 1140 679 1193 52.
696 1141 799 1193 Per
832 1141 955 1205 tria,
975 1142 1187 1197 scilicet
1210 1145 1548 1205 memoriam,
1580 1145 1956 1200 habitudinem
1975 1162 2094 1200 cor-

525 1231 671 1298 poris
696 1238 752 1283 ct
779 1245 993 1294 sensus,
1032 1240 1090 1285 ut
1117 1232 1434 1301 praedictum
1469 1242 1571 1293 est,
1600 1234 1911 1288 excitantur
1948 1236 2083 1288 all‘e-

522 1323 748 1376 ctiones.

589 1412 680 1465 55.
713 1413 882 1477 Mens,
907 1413 1198 1467 custoditis
1230 1415 1484 1469 sensibus
1514 1422 1569 1467 et
1599 1415 1844 1483 corporis
1869 1414 2091 1468 habitu-

522 1506 671 1569 dine,
704 1507 757 1558 in
815 1506 1187 1560 obedientiam
1221 1507 1425 1576 justam
1462 1505 1673 1560 ﬁrmata
1711 1506 1917 1559 bellum
1951 1508 2091 1576 gerit

520 1596 785 1650 adversus
815 1597 986 1650 solam
1019 1598 1360 1651 memoriam.

589 1688 677 1741 54.
709 1688 754 1741 Α
784 1687 1040 1742 sensibus
1065 1689 1319 1741 oriuntur
1339 1688 1680 1755 affectiones,
1717 1693 1936 1763 quoties
1956 1707 2088 1745 con-

523 1779 752 1834 tinentia
782 1778 1151 1871 spiritalisque
1180 1779 1420 1834 charitas
1453 1781 1752 1836 abfuerint.

587 1940 675 1994 55.
705 1939 1042 1994 Moderatum
1075 1939 1369 2009 jejunium,
1418 1939 1617 2010 vigiliae
1666 1947 1721 1994 et
1772 1938 2087 2009 psalmodiae

516 2034 762 2105 parabile
797 2048 997 2102 corpus
1026 2032 1279 2086 reddunt.

584 2235 669 2289 56.
690 2234 947 2303 Corporis
962 2231 1342 2287 habitudinem
1359 2232 1462 2284 tria
1483 2232 1536 2284 in
1555 2230 1801 2284 deterius
1829 2230 2083 2292 alterant,

514 2342 708 2396 nempe
736 2326 911 2381 diaeta:
934 2323 1288 2387 inordinatio,
1318 2322 1444 2376 dein
1463 2323 1608 2376 aeris
1627 2322 2087 2385 immutatio,tan—

512 2419 638 2472 dem
667 2426 723 2470 et
754 2415 1063 2470 daemonum
1097 2412 1402 2466 infestatio.

581 2507 669 2560 57.
700 2506 903 2560 Rerum
931 2502 1204 2557 memoriae
1231 2501 1434 2570 quibus
1468 2500 1786 2555 aﬂ‘ectiones
1840 2502 2084 2555 excitan-

512 2610 620 2663 tur,
650 2598 928 2668 precibus,
955 2595 1211 2659 lectione,
1234 2594 1572 2649 continentia
1597 2608 1660 2647 ac
1687 2593 1951 2647 cbaritate
1982 2593 2084 2645 mi-

512 2698 773 2743 nuuntur.

580 2779 669 2835 '58.
696 2779 903 2834 Sensus
929 2779 1166 2847 primum
1189 2777 1380 2832 claude
1403 2786 1460 2829 et
1486 2774 1794 2844 quietiores
1819 2770 2008 2835 facito,
2028 2779 2084 2824 et

510 2879 700 2941 postea
728 2869 896 2922 armis
919 2868 1187 2922 virtutum
1213 2866 1473 2920 adversus
1501 2880 1565 2919 ea
1587 2878 1709 2934 quae
1759 2862 2082 2917 memoriam

512 2956 793 3019 infestant,
827 2955 1097 3022 praeliare.

581 3046 668 3100 59.
695 3044 765 3099 Ut
793 3043 1186 3113 cogitationum
1219 3043 1446 3106 abusus,
1479 3041 1689 3096 malitia
1727 3050 1812 3094 est
1847 3055 2074 3106 earum;
2112 3076 2155 3132 ε

511 3142 585 3196 ita
611 3148 667 3195 et
690 3153 920 3208 operum
952 3136 1156 3193 abusus
1178 3135 1495 3191 eorumdem
1527 3142 1612 3190 est
1638 3134 1865 3188 malitia.

579 3333 667 3390 ιο.
694 3334 827 3388 Tam
857 3331 1443 3402 cogitationumiquam
1488 3343 1716 3399 cperam
1742 3328 1967 3393 abusus,
2001 3335 2119 3384 est'

510 3429 716 3485 eisdem
745 3443 856 3482 non
894 3425 1147 3496 religiose
1168 3434 1223 3479 et
1243 3424 1391 3495 juste
1422 3423 1521 3477 uti.

578 3613 667 3667 41.
696 3609 1035 3673 ᾼσεοιίοιιεε
1062 3616 1252 3672 turpes
1280 3606 1482 3660 mentis
1513 3605 1729 3659 vincula
1780 3610 1928 3666 sunt,
1954 3602 2081 3671 qui-

510 3706 613 3760 bus
643 3704 698 3757 in
731 3699 1046 3755 carnalibus
1073 3697 1335 3768 operibus
1366 3698 1668 3752 detinetur.

577 3795 666 3850 42.
706 3791 1011 3847 Perfectum
1044 3790 1491 3859 tranquillitatem
1526 3798 1813 3843 assecutus
1843 3797 1947 3852 est,
1985 3788 2078 3856 qui

507 3902 686 3956 neque
734 3899 863 3953 erga
904 3897 1069 3952 opera
1126 3896 1305 3951 neque
1359 3895 1587 3950 operum
1626 3880 1917 3933 memorias
1963 3878 2077 3931 alli-

508 3981 674 4035 citur.

576 4071 667 4125 45.
704 4066 899 4123 Anima
933 4066 1077 4120 bona
1115 4064 1424 4134 proximum
1450 4062 1610 4117 suum
1644 4061 1928 4116 beneﬁciis
1955 4076 2081 4130 pro-

508 4162 791 4232 sequitur:
819 4169 873 4213 et
900 4158 944 4212 si
977 4157 1252 4225 ingratum
1316 4156 1654 4231 experiatur,
1690 4154 2077 4224 longanimiter

508 4256 653 4319 fert;
698 4250 834 4321 quin
858 4249 1025 4303 etiam
1057 4248 1255 4301 tolerat
1291 4246 1648 4308 sustinenter,
1686 4246 1730 4300 si
1756 4246 1825 4300 ab
1850 4261 1916 4301 eo
1942 4246 2076 4315 quid

504 4344 762 4412 patiatur.

2200 514 2257 563 ὲν
2286 512 2364 581 τῷ
2391 514 2544 582 ἀῐδίῳ
2565 516 2724 583 φωτί.

2270 604 2331 655 λ’.
2371 606 2622 658 Κάκιστα
2664 606 2810 674 παθη
2866 608 2924 658 ἐν
2971 611 3089 671 ταῖς
3141 609 3342 678 ψυχαῖς
3389 612 3545 680 ἡμῶν
3569 615 3730 685 κέκρυ-

2201 712 2361 747 πται·
2406 697 2529 748 τότε
2566 698 2621 749 δὲ
2657 700 2932 765 φαίνεται,
2982 702 3110 754 ὅταν
3156 704 3225 754 τὰ
3270 705 3577 774 πράγματα
3613 709 3729 773 ὲλέγο

2199 805 2418 854 χωνται.
2844 832 2849 839 .

2268 876 2376 926 λα’·
2413 876 2790 946 Ἀνενόχλητος
2836 879 2983 947 μένει
3015 879 3245 931 ἐσθ’ὂτε
3272 881 3300 932 ὁ
3342 881 3488 941 νοῦς,
3539 883 3728 950 μερικῖμ

2195 966 2371 1036 τυχὼν
2428 968 2733 1029 ἀπαθείας⁶
2787 969 3043 1040 ἀδόκιμος
3094 970 3150 1023 δέ
3196 973 3345 1024 ἐστιν
3398 974 3488 1025 διὰ
3517 973 3606 1043 τὴν
3646 972 3727 1026 τῶν
3774 963 3779 967 ’

2197 1060 2539 1128 πραγμάτων
2573 1059 2864 1114 ἀπουσίαν.

2411 1148 2702 1201 Κινοῦνται
2742 1151 2813 1202 τὰ
2858 1148 3004 1221 πάθη
3047 1150 3139 1203 διὰ
3194 1152 3303 1205 τῶν
3328 1153 3500 1221 τριῶν
3540 1154 3725 1217 τούτων,

2194 1240 2286 1293 δια
2317 1257 2374 1293 τε
2408 1240 2508 1309 τῆς
2535 1242 2753 1310 μνήμης
2779 1242 2875 1293 καὶ
2907 1242 3002 1310 τῆς
3035 1244 3307 1311 κράσεως,
3340 1248 3436 1298 καὶ
3458 1246 3557 1313 τῆς
3576 1246 3726 1313 αἰσθή-

2196 1338 2352 1396 σεως,
2393 1333 2468 1395 ὡς
2509 1333 2855 1401 προείρηται.

2262 1422 2362 1489 λγ’.
2407 1425 2463 1474 ὐ
2490 1421 2612 1484 νοῦς
2646 1423 2745 1491 τήν
2772 1439 2831 1473 τε
2869 1422 3123 1493 αἴσθησιν
3151 1423 3510 1487 ἀποκλείσας,
3545 1426 3631 1477 καὶ
3653 1424 3726 1491 τὴν

2194 1514 2393 1579 κρᾶσιν
2429 1511 2716 1581 ὀμαλίσας,
2762 1513 2898 1583 πρὸς
2932 1516 3100 1583 μόνην
3137 1513 3235 1584 τὴν
3268 1520 3498 1592 μνήμην
3530 1515 3728 1585 ἔχειτὸν

2194 1604 2450 1671 πόλεμον.
3416 1606 3427 1611 “

2263 1695 2354 1747 λδ¹.
2395 1694 2531 1746 Ὑπὸ
2553 1692 2662 1744 τῶν
2697 1692 3005 1763 αἰσθήσεων
3036 1696 3159 1748 τότε
3192 1695 3259 1747 τὰ
3286 1695 3438 1765 πάοη
3470 1694 3727 1753 κινοῦνται,

2190 1787 2425 1856 ὁπηνίκα
2470 1784 2766 1853 ἐγκράτεια
2812 1788 2887 1854 μὴ
2930 1789 3104 1857 παρῇ,
3159 1786 3251 1839 καὶ
3291 1788 3485 1856 ἀγάπη
3530 1800 3731 1852 πνευμα-

2190 1879 2333 1946 τική.

2260 1966 2352 2019 λε’.
2432 1967 2672 2035 Νηστεία
2734 1964 3067 2034 σύμμετρος,
3137 1967 3232 2019 καὶ
3303 1965 3601 2034 ἀγρυπνία,
3654 1962 3727 2013 καὶ

2186 2057 2472 2125 ψαλμῳδία
2549 2056 2789 2124 πέφυκεν
2869 2056 3150 2124 ὁμαλίζειν
3233 2056 3335 2125 τὴν
3405 2057 3592 2124 κρᾶσιν
3654 2050 3726 2103 τοῦ

2189 2147 2461 2217 σώματος.
3300 2207 3307 2213 _

2257 2238 2363 2300 λς’.
2410 2237 2491 2291 Τά
2541 2236 2666 2306 τρία
2710 2236 2883 2290 ταῦτα
2924 2237 3023 2307 τὴν
3068 2238 3265 2307 κρᾶσιν
3320 2237 3557 2309 κατὰ-τὸ
3583 2238 3726 2306 χεῖρον

2185 2327 2343 2396 δῆλον
2376 2329 2457 2380 ὅτι
2495 2328 2820 2393 ἀλλοιοῦσιν,
2870 2329 2901 2398 ἡ
2942 2329 3038 2399 τῆς
3066 2328 3279 2395 διαίτης
3318 2328 3538 2393 ἀταξία,
3570 2329 3615 2396 η
3643 2325 3725 2376 τῶν

2186 2420 2365 2488 ἀέρων
2397 2419 2805 2489 μεταϐολὴ,καὶ
2836 2422 2867 2489 ἡ
2901 2420 3008 2471 τῶν
3037 2419 3313 2488 δαιμόνων
3345 2421 3548 2488 ἐπαφὴ.

2256 2509 2354 2571 λζ’.
2401 2512 2465 2562 ΑΞ
2518 2510 2782 2578 ἐμπαθεῖς
2824 2511 3035 2579 μνῆμαι
3067 2509 3155 2562 διὰ
3194 2510 3410 2562 τούτων
3456 2509 3721 2578 φιλοῦνται.

2183 2600 2270 2653 διὰ
2289 2601 2616 2670 προσευχῆς,
2639 2603 2732 2653 καὶ
2755 2600 3134 2667 ἀναγνώσεως,
3165 2600 3264 2653 καὶ
3289 2600 3627 2671 ἐγκρατείας,
3652 2597 3724 2648 καὶ

2185 2694 2427 2761 ἀγάπης.

2254 2776 2507 2855 λη’.’Τὴν
2536 2785 2788 2859 αἴσθησιν
2824 2785 3039 2854 πρῶτον
3073 2786 3139 2853 τῇ
3168 2785 3379 2855 ἡσυχίᾳ
3413 2783 3718 2843 ἀπόκλεισον,

2184 2881 2277 2931 καὶ
2309 2878 2430 2930 τότε
2454 2881 2562 2940 τοῖς
2601 2877 2786 2940 ὅπλοις
2824 2876 2932 2929 τῶν
2963 2875 3178 2946 ἀρετῶν
3215 2876 3360 2945 πρὸς
3400 2875 3498 2939 τὰς
3538 2874 3719 2943 μνήμας

2187 2968 2516 3036 πολέμησον.

2258 3058 2356 3112 λιν.
2392 3059 2453 3110 Ἡ
2490 3058 2629 3111 κατὰ
2667 3059 2907 3112 διάνοιαν
2945 3059 3131 3122 κακία,
3168 3059 3202 3127 ἠ
3250 3052 3594 3127 παράχρησίς
3630 3050 3731 3102 ἐστι’

2186 3151 2293 3202 τῶν
2347 3151 2667 3219 νοημάτων’
2728 3153 2760 3218 ἡ
2820 3151 2877 3202 δὲ
2930 3150 3049 3203 κατ’
3100 3150 3393 3218 ἐνέργειαν
3450 3139 3721 3216 ἁμαρτίαή

2185 3242 2531 3313 παράχρησίς
2558 3244 2672 3294 ἐστι
2703 3241 2812 3294 τῶν
2833 3241 3194 3312 πραγμάτων.

2258 3341 2330 3404 μ’.
2364 3334 2666 3403 Νοημάτων
2705 3333 2800 3387 καὶ
2835 3333 3177 3403 πραγμάτων
3206 3333 3362 3385 ἐστὶν
3393 3330 3718 3401 παράχρησιςν

2182 3425 2244 3477 τὸ
2277 3424 2350 3493 μὴ
2394 3423 2632 3487 εὐσεϐῶς
2684 3425 2777 3476 καὶ
2819 3423 3038 3486 δικαίως
3080 3425 3194 3485 τοῖς
3232 3423 3566 3494 ἀμφοτέροις
3609 3414 3718 3488 χρή·

2187 3513 2403 3567 σαοθαι.
3197 3510 3207 3519 ”

2256 3609 2364 3673 μα’.
2421 3602 2606 3672 Δεσμᾶ
2661 3602 2986 3671 ὑπάρχουσι,
3024 3598 3173 3669 πάθη
3216 3601 3423 3669 ψεκτὰ,
3465 3597 3719 3665 κατέχοντα

2181 3695 2272 3745 τὸν
2298 3693 2420 3745 νοῦν
2451 3693 2506 3743 ἐν
2534 3695 2646 3755 τοῖς
2672 3691 2952 3760 αἰσθητοῖς
2976 3692 3348 3761 πραχμάτων.

2255 3784 2363 3854 μβ’.
2413 3785 2650 3847 Ἐκεῖνος
2668 3783 2881 3835 τελείαν
2911 3783 3023 3852 ἔχει
3067 3783 3367 3848 ἀπάθειαν,
3400 3786 3428 3837 ὁ
3462 3782 3584 3853 μηδὲ
3611 3778 3717 3848 πρὸς

2181 3877 2247 3929 τὰ
2305 3876 2608 3946 πράγματα
2668 3876 2914 3944 πάσχων,
2986 3873 3120 3944 μηδὲ
3178 3874 3321 3945 πρὸς
3392 3875 3488 3936 τὰς
3537 3872 3715 3941 μνήμας

2180 3965 2379 4017 αὐτῶν.

2252 4054 2361 4124 μγ’.
2421 4053 2580 4123 Ψυχὴ
2638 4052 2812 4120 ἀγαθὴ
2859 4052 3139 4122 εὐεργετεί
3194 4051 3289 4104 τδν
3354 4051 3586 4122 πλησίον,
3639 4043 3711 4098 καὶ

2179 4149 2494 4217 ἀγνωμονου
2505 4146 2636 4214 μένη
2676 4144 3023 4214 μακροθυμεῖ
3043 4143 3131 4195 ἐπ’
3152 4144 3331 4215 αὐτῷ,
3353 4146 3448 4198 καὶ
3472 4142 3711 4209 πάσχπιυῦα

2178 4239 2440 4308 ὑπομένει
2478 4235 2548 4288 τά
2576 4235 2704 4306 παρ’
2735 4234 2924 4290 αὐτοῦ.

573 4432 664 4486 44.
694 4430 826 4484 Tam
861 4426 1046 4499 gravia
1082 4426 1222 4481 mala
1259 4432 1407 4489 sunt,
1447 4440 1629 4493 pravae
1689 4424 2074 4493 cogitationes,

2256 4417 2357 4488 μδ¹.
2422 4414 2766 4484 ’Υπάρχοντά
2805 4414 2922 4467 ἐστι
2967 4414 3144 4479 κακά,
3205 4416 3465 4485 λογισμοὶ
3504 4411 3708 4481 πονηροὶ.

509 4531 570 4579 ut
610 4522 714 4575 nisi
755 4520 883 4590 quis
926 4519 1008 4573 eis
1048 4516 1361 4582 renuntiet,
1396 4516 1685 4571 scientiam
1729 4531 1912 4570 veram
1966 4532 2077 4571 non

506 4615 774 4671 addiscat.

569 4706 669 4761 45.
692 4703 976 4759 Christum
1003 4701 1097 4770 qui
1127 4699 1283 4754 audit
1306 4709 1352 4765 τι,
1383 4698 1627 4768 seipsum
1653 4698 1718 4752 ad
1751 4699 1927 4751 lucem
1983 4697 2078 4753 ad—

505 4796 660 4851 ducit
687 4813 699 4848 :
728 4794 823 4863 qui
847 4808 978 4847 vero
1011 4793 1189 4862 ipsum
1218 4791 1483 4853 imitatur,
1507 4790 1744 4858 seipsum
1797 4788 2074 4843 emendat.

573 4889 665 4943 46.
693 4886 1022 4957 lnjuriarum
1056 4884 1394 4947 recordatio,
1422 4883 1571 4953 lepra
1600 4891 1683 4937 est
1707 4882 1928 4945 animae,
1957 4897 2078 4950 qua:

509 4981 589 5035 vel
623 4995 689 5034 ex
720 4978 1049 5049 ignominia,
1074 4977 1160 5031 vel
1191 4978 1421 5039 damno,
1454 4976 1535 5029 vel
1572 4974 1894 5044 suspiciosis
1928 4974 2079 5043 cogi-

516 5071 813 5127 tationibus
844 5069 1069 5143 accidit.

576 5165 665 5217 47.
716 5162 954 5215 Mentem
1008 5159 1180 5213 invidi
1234 5167 1471 5212 excaecat
1520 5158 1815 5223 Dominus;
1878 5157 2078 5227 injuste

514 5254 655 5305 rnim
686 5253 753 5307 de
783 5251 944 5305 bonis
972 5247 1208 5320 proximi
1236 5249 1615 5303 contristatur.

576 5364 666 5418 ιε.
703 5361 1123 5418 ObtreCtatricis
1165 5362 1358 5415 anima:
1404 5361 1616 5430 lingua,
1655 5361 1808 5415 hasta
1850 5368 1933 5414 est
1977 5361 2071 5416 tri-

512 5451 724 5519 cuspis;
759 5465 883 5504 nam
917 5459 972 5504 et
1000 5450 1236 5518 seipsam
1265 5457 1321 5502 et
1349 5448 1693 5514 audientem,
1749 5449 2076 5518 quandoque

513 5540 676 5592 etiam
707 5554 833 5593 eum
863 5539 929 5592 de
956 5553 1064 5607 quo
1090 5538 1431 5606 obloquitur,
1460 5537 1624 5591 laedit.

586 5702 608 5730 ³
635 5692 821 5745 Matth.
855 5708 947 5751 vn.
972 5694 1062 5745 24.

2182 4504 2262 4573 οἷς
2290 4511 2318 4562 ὁ
2350 4507 2424 4578 μὴ
2443 4505 2905 4575 ἀποτασσόμενος,
2935 4505 2994 4557 οὐ
3020 4505 3321 4574 μαθητεύει
3356 4510 3425 4576 τῇ
3463 4504 3657 4573 γνώσει.

2256 4698 2356 4762 με’.
2388 4688 2625 4762 Χριστοῦ
2650 4690 2678 4740 ὁ
2716 4686 2950 4749 ἀκούων,
2993 4685 3185 4739 ἑαυτὸν
3220 4689 3561 4757 φωταγωγεῖ,
3593 4678 3709 4736 καὶὸ

2185 4783 2516 4853 μιμούμενος
2552 4778 2735 4844 αὐτὸν,
2766 4775 3096 4846 διορθοῦται.

2253 4873 2366 4940 pg’.
2428 4871 2493 4923 Ἥ
2549 4868 2883 4939 μνησικακία
2926 4868 3102 4937 λέπρα
3167 4869 3291 4922 ἐστὶ
3337 4869 3545 4938 ψυχῆς·
3600 4877 3709 4928 συμ-

2177 4966 2352 5018 ϐαίνει
2381 4963 2436 5016 δὲ
2470 4960 2607 5031 αὑτὴ
2642 4961 2749 5013 ἀπὸ
2793 4960 3046 5029 ἀτιμιῶν,
3088 4960 3120 5029 ἣ
3153 4960 3381 5032 ζημίας,
3420 4960 3452 5032 ἢ
3482 4951 3710 5026 λογισμῶν

2177 5056 2361 5112 ὑπονοί
2369 5073 2452 5117 ας.

2252 5147 2357 5216 μζ’.
2393 5145 2593 5213 Κύριος
2622 5141 2744 5196 νοῦν
2785 5141 3059 5211 φθονερὸν
3084 5143 3368 5212 ὲκτυφλοῖ,
3398 5145 3478 5197 ὅτι
3501 5137 3707 5193 λυπεῖται

2183 5239 2384 5300 ἀδίκως
2413 5236 2506 5289 ἐπὶ
2536 5236 2648 5294 τοῖς
2676 5231 2897 5300 ἀγαθοῖς
2940 5231 3033 5284 τοῦ
3080 5233 3338 5303 πλησίον.

2260 5359 2369 5423 μη’.
2395 5349 2709 5410 Κατὰλαλος
2738 5347 2793 5399 δὲ
2817 5346 2961 5416 ψυχὴ
2993 5348 3269 5417 τρίόωλον
3303 5352 3439 5419 ἔχων
3471 5343 3707 5415 γλῶσσαν·

2186 5442 2375 5496 ἑαυτὸν
2418 5441 2526 5509 γὰρ
2567 5439 2660 5491 καὶ
2700 5438 2787 5489 τὸν
2824 5438 3109 5503 ἀκούοντα,
3148 5438 3267 5494 ’ἐσθ’
3296 5443 3385 5495 ὅτε
3434 5439 3489 5493 δὲ
3526 5434 3606 5490 καὶ
3641 5428 3706 5482 τδτ

2188 5532 2488 5587 καταλαλού
2500 5546 2657 5583 μενον
2682 5526 2931 5596 βλάπτει.
