3938 6148
543 353 678 420 MSS

1792 354 2192 415 THALASSII
2227 354 2546 413 ABBATIS

3628 357 3731 423 1456

605 468 697 521 71.
729 465 852 520 llaec
892 471 976 519 est
1031 465 1117 518 via
1166 465 1508 536 negligenter
1553 466 1861 536 agentium,
1913 474 1968 517 et
2021 462 2109 516 hic

2281 459 2380 513 oa'.
2423 462 2554 514 Ἥδε
2581 462 2700 522 ὁδὸς
2723 462 2832 516 τῶν
2858 466 2914 517 ἐν
2938 467 3169 538 ἀμελείᾳ
3202 467 3482 537 βιούντων,
3511 472 3594 523 καὶ
3616 464 3731 534 οὗτος

542 562 833 617 thesaurus
858 559 952 628 qui
983 559 1128 612 intra
1154 574 1239 613 me
1269 560 1588 614 reconditus
1612 569 1714 614 est.

608 653 694 705 72.
727 651 973 704 Animam
1000 651 1273 705 malorum
1300 651 1591 706 tolerantia
1615 660 1672 705 et
1693 649 1977 704 humilitas
2002 647 2107 703 sal-

540 753 696 808 vant,
718 755 767 800 et
803 759 833 796 a
862 743 1142 812 praadictis
1169 743 1562 799 affectionibus
1590 742 1829 798 reddunt
1852 742 2108 796 alienam.

605 929 692 981 75.
721 927 915 983 Sermo
942 928 1094 983 utilis
1120 929 1378 998 proprius
1404 936 1486 983 est
1512 928 1680 982 menti
1709 927 1989 999 prudenti,
2015 927 2113 982 sed

538 1021 757 1074 virtutis
785 1036 923 1089 Opus
950 1020 1146 1074 animae
1177 1021 1334 1075 bona:
1362 1020 1639 1089 peculiare
1663 1027 1771 1074 est.

604 1113 690 1164 τί.
724 1112 875 1164 Mens
908 1111 1214 1165 illuminata
1247 1112 1523 1181 sapientes
1556 1112 1769 1181 profert
1798 1123 2109 1173 sermones;

534 1204 713 1261 anima
742 1214 924 1258 autem
957 1204 1163 1258 munda
1193 1204 1410 1259 divinas
1443 1203 1703 1273 producit
1728 1201 2109 1273 cogitationes.

605 1298 693 1351 73.
720 1296 1095 1366 Cogitationes
1130 1297 1360 1351 studiosi
1395 1278 1720 1366 sapientiam
1754 1294 2111 1359 meditantur,

535 1397 587 1441 et
619 1389 784 1443 verba
813 1389 986 1458 ipsius
1011 1389 1294 1444 auditores
1325 1390 1656 1444 illuminant.
2001 1392 2004 1395 ’

604 1480 692 1533 76.
735 1478 792 1533 Si
846 1479 902 1532 in
950 1479 1133 1533 anima
1176 1480 1411 1536 virtutes
1452 1481 1692 1543 fuerint,
1734 1493 1890 1535 mens
1940 1480 2114 1534 bonas

536 1569 896 1639 cogitationes
933 1568 1217 1638 producit;
1269 1570 1355 1625 sin
1396 1570 1528 1624 vitia
1575 1569 1910 1633 insederint,
1945 1569 2115 1623 malas

536 1662 697 1730 parit.
1502 1732 1505 1737 Ι

603 1753 688 1805 77.
718 1752 911 1807 Anima
938 1752 1327 1808 affectionibus
1358 1732 1578 1817 referta,
1600 1753 1816 1809 ollicina
1840 1761 1922 1807 est
1945 1731 2112 1807 niala-

2215 554 2244 605 ὁ
2267 552 2540 621 θησαυρὸς
2578 555 2686 607 τῶν
2710 557 2768 607 ἐν
2797 556 2923 624 ἐμοὶ
2954 561 3374 630 κεκρυμμένων.

2286 643 2383 713 οβ’.
2437 644 2676 709 Σώζουσι
2716 647 2897 717 ψυχὴν
2931 652 3276 706 κακοπάθεια
3310 655 3405 707 καὶ
3435 660 3734 721 ταπείνωσις,

2216 739 2311 788 καὶ
2364 739 2427 790 ἐκ
2471 739 2578 791 τῶν
2628 742 3043 811 προειρημένων
3111 742 3302 797 παθῶν
3356 744 3734 799 ἀπαλλάττουσιν

2216 826 2407 894 αὑτήν.

2285 917 2386 979 ογ¹.
2438 910 2595 965 Ἱδιον
2630 914 2840 978 ἐννοίας
2887 917 3114 986 συνετῆς
3152 916 3313 986 λόγος
3350 918 3633 990 ὠφέλιμος,
3671 923 3736 974 καί

2214 1000 2392 1072 ψυχῆς
2414 1001 2623 1074 ἀγαθῆς
2648 992 2845 1074 ἦρᾶξις
2869 1007 3154 1061 σπουδαία.

2285 1090 2375 1145 οδ’.
2412 1090 2556 1154 Νοῦς
2586 1096 3002 1164 πεφωτισμένος
3036 1096 3228 1165 λόγους
3270 1102 3530 1172 προφέρει
3566 1104 3735 1171 σοφοὺς,

2216 1181 2477 1252 καὶψυχὴ
2507 1181 2727 1252 καθαρά
2752 1184 3047 1256 λογισμοὺς
3084 1193 3326 1260 γεωργεῖ
3358 1192 3549 1256 θείους.

2284 1270 2379 1327 σε’.
2435 1275 2706 1345 Λογισμοὶ
2740 1278 3034 1332 σπουδαίου
3071 1282 3260 1349 σοφίαν
3302 1282 3580 1353 μελετῶσι,
3606 1286 3681 1337 καὶ
3703 1287 3737 1337 εί

2212 1363 2364 1432 λόγοι
2389 1366 2558 1419 αὑτοῦ
2599 1368 2898 1435 φωτίζουσι
2926 1371 3054 1435 τοὺς
3080 1372 3403 1437 ἀκούοντας.

2285 1465 2393 1523 ος’.
2468 1460 2873 1532 ’Υποκειμένων
2930 1465 2989 1518 ἐν
3048 1465 3196 1537 ψυχῇ
3257 1467 3495 1538 ἀρετῶν,
3551 1468 3738 1535 ἀγαθοὺς

2214 1554 2454 1620 γεωργεῖ
2479 1552 2804 1624 λογισμούς·
2832 1556 3045 1611 κακιῶν
3072 1557 3129 1611 δέ
3159 1559 3557 1630 ὑποκειμένων,
3580 1560 3740 1630 φαύλως

2213 1642 2390 1696 τίκτει
2432 1644 2666 1706 ἐννοίας.

2286 1731 2382 1797 οζ’.
2433 1733 2696 1804 Πονηρῶν
2736 1736 2958 1790 ἐννοιῶν
2993 1738 3385 1811 ἐργαστήριον,
3420 1739 3559 1811 Ψυχὴ
3606 1742 3741 1812 ἐμπα·

535 1834 656 1895 rum
689 1842 1083 1910 cogitationum
1122 1859 1134 1896 :
1164 1859 1231 1897 ex
1261 1860 1360 1898 suo
1388 1845 1649 1899 thesauro
1678 1845 1885 1914 profert
1904 1845 2043 1898 mala
2069 1849 2107 1898 ι.

2217 1823 2349 1894 θήςο
2424 1827 2518 1879 καὶ
2565 1829 2630 1879 ἐκ
2677 1827 2773 1881 τοῦ
2831 1829 3032 1901 ἐαυτὴς
3085 1830 3365 1903 θησαυροῦ
3413 1833 3654 1903 προφέρει
3693 1832 3739 1883 τὰ

602 2021 689 2075 78.
726 2020 911 2074 Bonus
952 2020 1245 2075 thesaurus
1284 2030 1370 2075 est
1408 2020 1630 2075 habitus
1665 2020 1913 2085 virtutis,
1951 2028 2007 2077 ct
2045 2036 2112 2076 ex

533 2110 637 2164 hoc
665 2126 821 2164 mens
850 2111 991 2165 bona
1022 2111 1233 2181 profert
1260 2112 1401 2167 bona
1424 2121 1530 2165 ιον.

604 2203 691 2257 79.
728 2204 879 2258 Mens
912 2203 1099 2258 divina
1134 2204 1404 2259 charitate
1439 2204 1648 2269 aﬂlata,
1680 2204 1855 2259 bonas
1891 2204 1960 2260 de
2003 2206 2113 2260 Deo

534 2296 898 2365 cogitationes
938 2296 1141 2350 excolit
1172 2314 1187 2349 :
1222 2312 1346 2367 quae
1377 2305 1561 2352 autem
1597 2312 1785 2363 amore
1849 2298 2114 2368 suiipsius

535 2398 776 2451 tenetur,
806 2389 1034 2443 omnino
1074 2388 1343 2444 diversas.
1434 2384 1454 2413 ‘

604 2480 692 2536 80.
723 2480 873 2535 Mens
903 2496 1025 2551 qua:
1056 2495 1085 2533 a
1112 2480 1381 2536 charitate
1409 2481 1464 2534 in
1496 2481 1805 2550 proximum
1836 2491 2111 2548 movetur,

536 2573 680 2625 bona
724 2571 793 2626 de
842 2571 960 2642 ipso
1008 2572 1351 2626 incessanter
1390 2573 1670 2641 cogitatx;
1716 2580 1907 2628 contra
1948 2588 2111 2637 vero,

532 2672 656 2731 qua!
692 2677 853 2717 secus
893 2661 1088 2716 aifecta
1128 2668 1232 2715 est.

605 2754 694 2808 8i.
729 2754 1008 2807 Bonarum
1039 2751 1432 2822 cogitationum
1472 2766 1655 2807 causae
1686 2760 1815 2806 sunt
1837 2752 2112 2818 virtutes,

534 2844 799 2897 virtutum
860 2851 1077 2904 autem,
1138 2850 1412 2911 praecepta
1452 2859 1465 2894 :
1502 2851 1763 2896 caeterum
1797 2850 1858 2895 ut
1890 2841 1944 2896 in
1978 2842 2113 2897 εσθ-

533 2944 681 2988 ctum
710 2933 1006 3002 prodeant,
1036 2934 1093 2986 in
1124 2948 1288 2986 causa
1316 2944 1401 2987 est
1428 2933 1794 3001 propositum.

603 3024 691 3079 82.
724 3025 971 3080 Virtutes
1002 3032 1057 3078 et
1086 3024 1219 3077 vitia
1259 3024 1376 3077 sive
1409 3023 1573 3087 fiant,
1606 3023 1721 3079 sive
1760 3025 2110 3093 omittantur,

531 3116 753 3187 quando
804 3114 1048 3170 vicissim
1108 3114 1472 3184 cogitationes
1523 3115 1794 3180 excitant,
1836 3117 1977 3173 bene
2030 3120 2113 3173 vel

533 3209 675 3263 male
717 3210 953 3262 animam
998 3206 1266 3261 alliciunt.

606 3302 693 3356 83.
718 3301 981 3355 Maiarum
1006 3300 1402 3370 cogitationum
1429 3314 1609 3355 causae
1629 3311 1761 3357 sunt
1780 3301 1933 3367 vitia,
1956 3304 2116 3358 vitio-

534 3406 655 3446 rum
691 3387 1094 3451 inobedientia,
1126 3387 1519 3442 inobedientiaa
1550 3404 1686 3444 vero
1718 3400 1980 3445 sensuum
2016 3392 2109 3447 dc-

532 3483 746 3552 ceptio,
774 3480 1122 3550 deceptionis
1155 3490 1340 3541 autem
1376 3495 1664 3549 sensuum,
1703 3484 1909 3538 mentis
1940 3485 2116 3554 negli-

531 3575 715 3645 gentia
743 3573 891 3628 circa
922 3571 1007 3625 sui
1036 3572 1415 3627 securitatem.

605 3664 694 3718 84.
747 3662 1137 3726 Proﬁcientes,
1187 3678 1218 3717 a
1273 3661 1391 3719 suis
1446 3663 1905 3735 dispositionibus
1959 3665 2155 3721 facile'

532 3750 792 3805 excidere
818 3761 1072 3820 possunt,
1100 3753 1216 3807 sive
1246 3755 1405 3811 bona
1429 3755 1563 3821 sint,
1590 3757 1719 3811 sive
1735 3757 1910 3811 malae.
1939 3757 2121 3812 Perfe-

533 3850 748 3896 ctorum
787 3850 973 3898 autem
1013 3844 1236 3900 habitus
1271 3847 1417 3902 circa
1460 3856 1761 3919 utrumque
1799 3848 2120 3905 difﬁcillime

537 3940 854 3987 moventur.

605 4025 694 4080 85.
738 4025 932 4080 Robur
975 4028 1171 4082 animm
1221 4037 1309 4083 est
1355 4029 1580 4085 habitus
1622 4031 1844 4087 virtutis
1892 4032 2118 4089 diﬁcile

534 4114 756 4170 mobilis
785 4124 841 4170 et
870 4117 1199 4183 immobilis;
1232 4134 1395 4188 quem
1468 4132 1785 4188 assecutus,
1815 4123 1965 4195 dicat
1994 4141 2118 4181 cum

538 4206 750 4261 invicto
780 4207 950 4262 Paulo
983 4225 997 4262 :
1033 4209 1159 4273 Quis
1190 4227 1283 4265 nos
1316 4213 1581 4283 separabit
1610 4231 1644 4268 a
1675 4217 1935 4270 charitate
1967 4216 2120 4273 Chri-

536 4300 604 4354 sti
626 4299 688 4352 1?
711 4308 767 4354 et
792 4313 915 4370 quae
944 4309 1273 4369 sequuntur.

609 4390 697 4445 86.
725 4391 1131 4461 Antesignanus
1165 4392 1413 4447 omnium
1448 4394 1809 4451 atfectionum
1846 4405 1935 4452 est
1965 4413 2120 4455 amor

540 4479 827 4550 suiipsius,
856 4489 1134 4551 postrema
1161 4495 1295 4535 vero
1324 4483 1575 4538 omnium
1606 4485 1886 4554 superbia.

615 4571 703 4625 87.
735 4572 816 4626 Ex
845 4570 1233 4628 adfectionibus
1260 4575 1467 4630 amoris
1502 4576 1767 4647 suiipsius
1811 4587 1927 4634 tres
1951 4595 2119 4650 gene-

543 4660 688 4715 rales
723 4660 1298 4732 eoncupiscentiarum
1339 4663 1698 4735 cogitationes
1738 4668 1966 4725 trahunt
2005 4671 2120 4726 ori-

540 4751 747 4833 ginem.
1152 4830 1157 4833 _
1297 4825 1302 4830 .

612 4843 699 4898 88.
724 4830 993 4918 'lntellige
1040 4830 1266 4901 omnino
1316 4848 1677 4919 cogitationes
1725 4853 1896 4923 gulae,
1940 4855 2119 4912 inanis

539 4935 729 5005 gloria:
753 4943 809 4990 et
831 4936 1079 4991 avaritia:
1106 4955 1119 4990 :
1149 4953 1286 5008 quas
1315 4950 1625 5010 sequuntur
1651 4958 1843 4999 omnes
1870 4947 1991 5002 alia:
2020 4963 2111 5003 eo.

541 5026 836 5099 gitationes
858 5026 1235 5095 aﬂeclionum,
1260 5031 1355 5085 sed
1381 5048 1489 5087 non
1512 5048 1705 5090 omnes
1726 5039 2114 5096 communiter.

608 5196 700 5252 89.
723 5196 877 5254 Gulae
909 5197 1292 5268 cogitationem
1328 5201 1579 5271 sequitur
1605 5201 1988 5263 fornicationis
2017 5226 2112 5265 co-

536 5288 756 5357 gitatio;
790 5289 970 5344 inanis
998 5296 1181 5344 autem
1213 5292 1399 5360 gloria:
1431 5294 1822 5362 cogitationem
1855 5299 2114 5369 cogitatio

536 5381 838 5450 superbiat;
869 5381 1094 5450 reliqua:
1124 5391 1308 5437 autem
1339 5391 1451 5439 tres
1478 5388 1866 5443 communiter.

605 5473 693 5527 90.
719 5473 1099 5527 Communiter
1124 5482 1236 5529 tres
1263 5485 1592 5545 sequuntur,
1619 5478 1981 5548 cogitationes
2011 5485 2112 5538 tri-

536 5563 718 5628 stitiae,
746 5567 862 5629 irae,
887 5565 1332 5633 machinationis,
1362 5567 1579 5623 invidiae
1608 5570 1913 5637 ebacedize,
1940 5584 1997 5627 et
2024 5589 2112 5629 re-

537 5651 724 5724 liqua.

613 5769 632 5802 ι
667 5766 866 5833 Matth.
900 5777 995 5828 am.
1018 5769 1107 5823 35.

2174 5038 2187 5051 ’
2226 5029 2427 5092 πάντες
2477 5029 2528 5081 οί
2594 5029 2864 5100 ἐμπαθεῖς
2919 5030 3206 5102 λογισμοὶ,
3270 5034 3390 5088 ἀλλ’

2219 1918 2450 1988 πονηρά.

2288 2014 2390 2078 οη’.
2454 2007 2511 2062 '0
2536 2007 2743 2078 ἀγαθὸς
2765 2010 3058 2082 θησαυρὸς,
3094 2015 3127 2082 ὴ
3163 2011 3278 2079 ἕξις
3309 2014 3431 2067 ἐστὶ
3451 2017 3543 2084 τῆς
3569 2014 3742 2084 ἀρετῆς,

2218 2100 2315 2153 καὶ
2353 2101 2380 2153 ὁ
2424 2100 2628 2168 ἀγαθὸς
2659 2101 2787 2165 νοῦς
2817 2105 2883 2156 ἐκ
2915 2104 3121 2174 ταύτης
3169 2106 3444 2177 προφέρει
3482 2106 3549 2160 τὰ
3588 2105 3740 2174 ἀγαθά.

2290 2192 2389 2248 σθ’.
2458 2193 2596 2248 Ὑπὸ
2650 2193 2801 2257 θείας
2864 2197 3087 2268 ἀγάπης
3136 2198 3532 2271 ἐνεργούμενος
3572 2201 3598 2252 ὁ
3636 2199 3744 2258 νοῦς.

2219 2282 2431 2350 ἀγαθὰς
2470 2282 2683 2346 ἐννοίας
2736 2286 2866 2355 περὶ
2929 2287 3062 2341 Θεοῦ
3111 2294 3389 2361 γεωργεῖ’
3441 2292 3540 2345 ὑπὸ
3585 2291 3634 2345 δὲ
3674 2290 3746 2358 τῆς

2220 2372 2509 2440 φιλαυτίας
2539 2375 2603 2426 ἐκ
2630 2374 2721 2427 τοῦ
2758 2376 3025 2431 ἐναντίου.
3052 2416 3061 2423 ο

2293 2464 2367 2550 π’.
2406 2466 2554 2530 Νοῦς
2602 2467 2707 2520 ὑπὸ
2746 2472 2844 2539 τῆς
2875 2472 2958 2534 είς
2982 2472 3074 2526 τὸν
3106 2473 3342 2545 πλησίον
3371 2477 3582 2546 ἀγάπης
3610 2473 3747 2530 moi:-

2224 2576 2406 2628 μενος,
2442 2559 2583 2612 καλά
2617 2562 2745 2631 περὶ
2791 2562 2958 2617 αὑτοῦ
2993 2565 3361 2631 ἀδιαλείπτως
3389 2568 3661 2637 λογίζεται,
3682 2569 3747 2621 καὶ

2221 2648 2384 2702 πάλιν
2418 2650 2481 2703 ἐκ
2509 2650 2603 2704 τοῦ
2631 2651 2878 2707 ἐναντίου
2910 2653 2978 2707 τὰ
3014 2657 3232 2728 πονηρά
3259 2658 3575 2714 ὑποτίθεται

2290 2748 2403 2793 πα’.
2453 2741 2575 2794 Τῶν
2605 2742 2831 2811 ἀγαθῶν
2871 2746 3090 2800 ἐννοιῶν
3122 2749 3181 2801 αί
3223 2750 3428 2819 ἀρεταὶ
3462 2750 3642 2815 αἰτίαι,
3670 2749 3748 2802 τῶν

2219 2831 2275 2884 δὲ
2301 2832 2511 2900 ἀρετῶν
2539 2835 2594 2887 αί
2626 2834 2840 2889 ἐντολαί
2865 2852 2881 2867 ·
2926 2837 3026 2909 τῆς
3070 2838 3128 2893 δέ
3175 2840 3391 2897 τούτων
3442 2842 3695 2915 ἐργασίας,
3725 2842 3749 2910 ἡ

2220 2924 2562 2995 προαίρεσις.

2290 3013 2401 3085 πβ’.
2426 3015 2501 3087 ⁸Αί
2540 3015 2737 3085 ἀρεταὶ
2768 3017 2864 3070 καὶ
2909 3018 2968 3071 αί
3010 3019 3201 3074 κακίαι
3226 3022 3521 3094 γινόμεναι
3544 3022 3628 3077 καὶ
3649 3021 3751 3076 ἀπθ-

2222 3110 2525 3179 γινόμεναι,
2587 3110 2650 3165 εὖ
2715 3112 2748 3183 ἢ
2812 3113 2999 3177 κακῶς
3064 3115 3164 3185 τὴν
3229 3116 3419 3189 ψυχὴν
3483 3117 3749 3179 διατιθέασι,

2220 3202 2472 3257 κινοῦσαι
2501 3205 2580 3267 είς
2607 3203 2815 3268 ἐννοίας
2846 3207 2966 3259 κατ’
3001 3205 3275 3278 ἀλλήλων.

2289 3300 2401 3362 πγ’.
2439 3294 2560 3349 Τῶν
2592 3297 2848 3367 πονηρῶν
2887 3298 3108 3353 ἐννοιῶν
3131 3299 3324 3361 ταίτίαι
3372 3306 3430 3358 αί
3457 3302 3649 3369 κακίαι,
3671 3298 3752 3353 τῶν

2216 3384 2276 3437 δέ
2327 3386 2533 3440 κακιῶν
2576 3388 2610 3457 ἡ
2670 3389 2947 3459 παρακοὴ,
3007 3390 3109 3461 τῆς
3160 3392 3219 3445 δέ
3274 3395 3626 3466 παρακοῆςὴ
3677 3392 3751 3460 τῆς

2219 3475 2522 3546 αἰσθήσεως
2544 3479 2748 3550 ἀπάτη,
2781 3481 2880 3551 τῆς
2907 3482 2963 3535 δὲ
2996 3483 3215 3555 ἀπάτης
3238 3487 3271 3557 ἠ
3299 3487 3402 3541 τοῦ
3428 3487 3519 3542 νοῦ
3551 3481 3753 3557 περὶτὴν

2218 3567 2521 3635 ἀσφάλειαν
2565 3571 2734 3641 αὐτῆς
2772 3572 3025 3641 ἀμέλεια.

2291 3658 2394 3715 τπδ’.
2470 3660 2559 3714 Ἐν
2629 3662 2729 3732 μὲν
2776 3666 2891 3727 τοῖς
2929 3666 3338 3735 προκόπτουσιν
3398 3669 3751 3741 sitpudme

2219 3751 2461 3819 γίνονται
2513 3754 2569 3806 αί
2625 3754 2893 3820 διαθέσεις
2950 3759 3059 3813 τῶν
3108 3761 3394 3818 ἐναντίων.
3464 3763 3550 3817 Ἐν
3584 3761 3634 3815 δέ

2220 3843 2446 3908 τελείοις
2480 3845 2602 3899 κατ’
2635 3845 2803 3918 ἄμφω
2831 3847 2974 3916 ἕξεις
3003 3849 3347 3920 δυσκίνητοι.

2294 4032 2397 4079 πεθ.
2440 4026 2628 4099 Ῥώμὴ
2653 4028 2836 4100 ψυχῆς
2881 4030 3032 4085 ἐστιν
3061 4017 3432 4108 ἕξις-’ἀρετῆς
3465 4037 3748 4108 δυσκίνητος.

2221 4117 2301 4180 είς
2331 4117 2397 4187 ἢν
2421 4120 2449 4171 ὁ
2470 4119 2683 4187 φθάσας
2710 4120 2895 4188 ἔλεγεν
2920 4140 2933 4155 ’
2962 4122 3061 4190 Τίς
3088 4125 3251 4195 ἡμᾶς
3269 4132 3519 4199 χωρίσει
3546 4129 3650 4187 ἀπὸ
3669 4125 3752 4196 τῆς

2221 4206 2464 4278 ἀγάπης
2493 4211 2599 4265 τοῦ
2636 4213 2932 4281 Χριστοῦ;
2961 4215 3057 4269 καὶ
3082 4218 3151 4271 τὰ
3170 4219 3320 4289 ἑξῆς.

2296 4390 2416 4449 πς¹.
2448 4386 2784 4457 Προηγετται
2817 4390 2919 4460 μὲν
2947 4392 3168 4446 πάντων
3189 4395 3303 4449 τῶν
3333 4398 3573 4469 παθῶνή
3601 4397 3747 4466 φιλαυ-

2151 4505 2195 4560 D
2223 4471 2335 4539 τία,
2365 4474 2559 4531 ἐπεται
2587 4477 2644 4531 δὲ
2682 4480 2901 4534 πάντων
2949 4482 3178 4552 ἔσχατον
3212 4486 3245 4556 η
3288 4485 3643 4559 ὑπερηφανία.

2297 4565 2403 4633 πε.
2435 4569 2497 4622 Oi
2526 4572 2674 4639 τρεῖς
2695 4569 3052 4637 γενικώτατοι
3077 4575 3179 4645 τῆς
3198 4578 3502 4650 ἐπιθυμίας
3527 4575 3745 4648 λογισμθὶ.

2224 4659 2291 4712 ἐκ
2375 4658 2471 4712 τοῦ
2558 4660 2766 4725 πάθους
2850 4662 2949 4734 τῆς
3027 4664 3318 4734 φιλαυτίας
3402 4670 3499 4742 τὴν
3542 4670 3747 4739 γέννησιν

2224 4747 2458 4820 ἔχουσιν.

2298 4843 2408 4915 πη’.
2446 4844 2576 4898 Νόει
2606 4845 2823 4911 πάντως
2851 4847 2978 4912 τούς
3008 4866 3069 4903 τε
3102 4850 3203 4921 τῆς
3230 4854 3653 4925 γαστριμαργίας
3679 4847 3765 4927 καὶ.

2224 4933 2528 5000 κενοδοξίας
2565 4936 2659 4989 καὶ
2692 4936 3060 5008 φιλαργυρίας
3098 4938 3421 5011 λογισμοὺς,
3460 4939 3540 5005 οἷς
3572 4940 3748 4995 ἕπονται

3465 5036 3526 5089 οὐ
3591 5032 3747 5088 πάντες

2224 5119 2441 5184 κοινῶς.
2934 5164 2946 5168 -

2294 5211 2403 5265 πθθ.
2444 5209 2535 5282 Τῷ
2561 5211 2661 5281 τῆς
2685 5214 3126 5285 γαστριμαργίας
3156 5216 3406 5290 λογισμῷ
3428 5219 3609 5272 ἕπεται
3632 5211 3744 5277 ὁτῆς

2222 5301 2499 5372 πορνείας,
2533 5302 2609 5373 τῷ
2634 5304 2690 5358 δὲ
2718 5305 2816 5375 τῆς
2841 5305 3149 5373 κενοδοξίας
3180 5311 3209 5363 ὁ
3240 5310 3342 5382 τῆς
3374 5306 3739 5382 ὑπερηφανίας’

2221 5395 2271 5447 oi
2299 5395 2355 5448 δέ
2388 5398 2566 5450 λοιποὶ
2586 5397 2782 5463 κοινῶς
2811 5400 2927 5463 τοῖς
2957 5401 3157 5469 τρισίν.

2291 5491 2362 5554 ιιν.
2421 5489 2799 5544 Ἀκολουθοῦσι
2845 5492 3040 5557 κοινῶς
3071 5496 3189 5558 τοῖς
3242 5496 3443 5568 τρισὶν,
3495 5494 3549 5550 οἴ
3575 5509 3626 5547 τε
3668 5484 3738 5553 τῆς

2219 5576 2418 5646 λύπης,
2470 5579 2565 5633 καὶ
2607 5578 2706 5649 τῆς
2757 5581 2929 5653 ὀργῆς
2970 5583 3072 5637 καὶ
3139 5585 3237 5655 τῆς
3286 5585 3638 5658 μνησικακίας
3671 5574 3736 5631 καὶ

2221 5667 2416 5735 φθόνου
2444 5670 2539 5723 καὶ
2569 5671 2817 5742 ἀκηδίας,
2855 5674 2950 5728 καὶ
2978 5677 3039 5729 ot
3064 5675 3269 5733 λοιποί.

1181 5781 1271 5812 τιν*
1294 5771 1435 5825 ibid.
1511 5783 1535 5812 ι
1571 5774 1743 5829 lCor.
1768 5793 1879 5843 xm,
1916 5779 1967 5833 5.
2048 5788 2075 5827 γ
2098 5781 2257 5835 Rom.
2295 5798 2409 5848 vm,
2440 5784 2529 5839 35.
