3938 6148
264 290 400 356 1457

1653 294 2041 355 CENTURIA
2079 296 2178 356 IV.

3389 293 3527 359 1458

328 414 442 475 ἰταθ.
478 409 723 462 Δέσποτα
765 408 873 463 τῶν
923 410 1179 467 ἀπάντων
1226 411 1449 481 Χριστέ,
1505 412 1570 465 ὲκ
1622 411 1835 465 πάντων

2020 410 2110 465 91.
2141 410 2371 470 Domine
2399 409 2646 463 omnium
2677 408 2915 487 Christe,
2944 407 3115 472 libera
3141 423 3242 464 nos
3268 412 3540 464 ex‘omui-

256 499 468 554 τούτων
492 502 640 571 ἡμᾶς
663 500 1056 574 ὲλευθέρωσον,
1097 502 1209 557 τῶν
1245 521 1304 557 τε
1330 503 1589 576 ὀλεθρίων
1626 505 1838 572 παθῶν,

258 590 352 642 καὶ
377 590 485 643 ⁸ἑῶν
513 591 571 654 ἐξ
600 593 780 644 αὐτῶν
808 595 1142 666 τικτομένων
1175 595 1473 666 λογισμῶν.

329 681 438 751 AB‘.
486 683 693 738 Ἕνεκά
751 702 846 738 σου
899 687 1228 757 γεγόναμεν,
1265 687 1354 741 ἵνα
1412 688 1506 753 σοῦ
1560 706 1840 761 κατατρυ-

261 772 523 840 φήσωμεν
544 775 603 826 ὲν
635 775 953 847 παραδείσῳ
982 776 1246 844 τιθέντες,
1277 778 1353 851 τῷ
1379 780 1485 835 ὑπὸ
1511 781 1608 835 σοῦ
1645 799 1837 850 φυτευ.

260 860 431 919 θέντι.

333 958 442 1023 ιιγθ.
505 956 616 1026 Τήν
650 973 708 1010 τε
752 957 847 1010 νῦν
898 959 1126 1028 ἀτιμίαν
1164 960 1378 1026 ἑαυτοῖς
1409 965 1844 1034 ὲπεσπασάμεθα

259 1045 363 1116 τῆς
394 1049 671 1120 μακαρίας
695 1052 906 1121 τρυφῆς
943 1050 1044 1122 τὴν
1076 1051 1331 1124 ὀλεθρίαν
1372 1057 1839 1128 προτιμήσαντες.

332 1221 435 1292 τπδ’.
488 1215 597 1286 Ἦς
648 1224 999 1296 ἀντιμισθίαν
1061 1229 1121 1281 ἐν
1181 1231 1392 1295 ἑαυτοῖς
1450 1233 1839 1305 ἀπελάὅομεν,

260 1315 407 1384 ζωῆς
440 1315 612 1369 ἀϊδίου
645 1315 881 1371 θάνατον
906 1317 1394 1389 ἀπαλλαξάμενοι.
1436 1352 1441 1357 -
1536 1322 1539 1325 ’

333 1404 433 1473 κε’.
474 1406 591 1460 Νῦν
639 1402 754 1468 οὖν.
805 1408 1076 1476 Δέσποτα,
1123 1410 1308 1475 καθὼς
1344 1412 1689 1485 έπέόλεψας,
1751 1420 1844 1473 καὶ

261 1499 344 1562 είς
377 1498 532 1561 τέλος
561 1497 875 1570 ἐπίϐλεψον·
909 1500 1093 1566 καθὼς
1121 1504 1575 1577 ἑνανθρώπησας,
1602 1510 1697 1563 καὶ
1733 1510 1843 1563 σῶ-

263 1606 354 1644 σον
377 1590 588 1654 πάντας
611 1593 786 1662 ἡμᾶς.

331 1685 445 1748 ll?"
479 1681 658 1736 Σῶσαι
685 1683 795 1754 γὰρ
822 1677 988 1756 ἦλθες
1016 1686 1142 1751 τοὺς
1173 1687 1525 1754 ἀπολωλότας
1554 1693 1699 1763 ἡμᾶς
1723 1710 1736 1723 ο
1768 1693 1843 1765 μὴ

261 1771 502 1845 χωρίσῃς
540 1774 687 1844 ἡμᾶς
717 1774 818 1846 τῆς
841 1776 949 1829 τῶν
974 1777 1300 1848 σωζομένων
1333 1781 1571 1853 μερίδος,

332 1949 435 2015 ιιςν.
481 1948 812 2019 Ἀνάστησον
852 1949 1052 2022 ψυχὰς,
1105 1951 1200 2005 καὶ
1237 1952 1411 2007 σῶσον
1458 1954 1526 2008 τὰ
1577 1955 1841 2026 σώματα,

263 2039 544 2111 καθαίρων
569 2041 778 2109 πάντας
798 2043 947 2113 ἡμᾶς
980 2043 1089 2097 ἀπὸ
1122 2044 1324 2108 παντὸς
1363 2046 1662 2118 μολυσμοῦ.

336 2135 443 2201 ιιην.
490 2132 679 2202 Ῥἦξον
711 2134 780 2187 τά
809 2135 988 2205 θεσμά
1030 2135 1142 2190 τῶν
1178 2140 1519 2208 κατεχόντων
1562 2143 1708 2212 ἡμᾶς
1740 2162 1844 2198 πα..

262 2223 392 2288 θῶν,
421 2226 449 2277 ὁ
493 2225 665 2297 ῥήξας
704 2227 804 2291 τὰς
836 2227 1125 2298 φάλαγγας
1164 2228 1273 2283 τῶν
1299 2231 1625 2304 ἀκαθάρτων
1652 2235 1843 2307 δαιμό-

260 2332 367 2368 νων
374 2356 389 2369 .

332 2406 440 2476 [ιϐ’.
476 2407 586 2462 Καὶ
617 2410 935 2477 ἀπάλλαξον.
961 2413 1109 2483 ἡμᾶς
1144 2414 1247 2484 τῆς
1275 2415 1337 2481 ἐξ
1363 2416 1545 2472 αὐτῶν
1584 2420 1841 2492 τυραννί-

260 2495 370 2562 δος,
408 2497 497 2552 ἵνα
527 2499 609 2552 σοὶ
641 2500 791 2571 μόνῳ
819 2500 1211 2575 λατρεύσωμεν
1239 2504 1317 2577 τῷ
1346 2508 1550 2579 αἰωνίῳ
1586 2510 1746 2579 φωτί.

334 2585 401 2658 ρ’.
445 2590 806 2657 ’Δναστάντες
838 2594 904 2647 ὲκ
934 2594 1168 2665 νεκρῶν,
1201 2598 1296 2650 καὶ
1327 2599 1424 2652 σὺν
1457 2600 1840 2673 ἀγγέλοις-χο-

262 2679 513 2751 ρεύοντες
542 2682 641 2754 τὴν
678 2685 958 2756 μακαρίαν
993 2687 1088 2740 καὶ
1120 2688 1348 2743 αίωνίαν
1378 2691 1474 2743 καὶ
1497 2690 1838 2745 ἀκατὰλυτον

260 2772 499 2843 χορείαν.
542 2774 737 2846 Ἀμήν.

332 2915 515 2985 "Luc.
534 2927 647 3001 xix,
673 2934 757 2990 l0.
800 2932 1052 2989 'Ezech.
1102 2950 1284 3003 xxxvr,
1339 2939 1431 2995 25.

279 3082 702 3103 ——-——_

1956 502 2062 558 bus
2092 501 2418 573 perniciosis
2442 500 2761 566 aﬂ‘ectibus,
2787 510 2843 555 et
2864 516 2931 555 ex
2962 499 3391 571 cogitationibus
3419 516 3541 570 qua:

1953 609 2021 649 cx
2051 594 2186 664 ipsis
2213 593 2497 648 oriuntur.
3371 638 3375 640 γ

2026 686 2115 743 92.
2163 685 2398 756 Propter
2448 694 2501 741 te
2543 684 2671 740 facti
2700 700 2923 748 sumus,
2968 692 3026 737 ut
3072 692 3123 739 te
3172 683 3537 746 delectemur,

1952 777 2119 848 positi
2162 777 2219 831 in
2259 776 2517 847 paradiso
2559 792 2591 832 a
2632 784 2684 832 te
2727 776 2997 847 plantato.

2020 956 2110 1011 9'5.
2139 955 2499 1027 Ignominiam
2535 962 2718 1011 autem
2755 954 2897 1010 banc
2930 963 3173 1010 nostram
3206 953 3369 1009 nobis
3401 969 3537 1009 con-

1953 1047 2253 1113 traximus,
2284 1048 2414 1118 quia
2452 1044 2799 1117 prietulimus
2827 1046 3006 1103 beatis
3042 1047 3151 1102 illis
3183 1046 3402 1102 deliciis
3436 1047 3537 1102 has

1951 1138 2312 1209 perniciosas.

2024 1230 2114 1285 94.
2141 1230 2322 1297 Quare
2355 1230 2576 1301 dignam
2628 1230 2683 1285 in
2733 1231 2896 1286 nobis
2945 1230 3256 1286 mercedem
3318 1228 3539 1299 accepi-

1952 1336 2107 1385 mus,
2132 1328 2339 1375 aeterna
2364 1321 2479 1375 vita
2508 1327 2842 1374 commutata
2872 1335 2973 1390 pro
2997 1328 3198 1376 morte.

2021 1410 2114 1466 95.
2149 1410 2308 1466 Nune
2351 1423 2516 1480 ergo,
2539 1408 2803 1474 Domine,
2835 1409 2980 1464 sicut
3016 1392 3335 1481 reSpexisti,
3369 1412 3441 1466 ita
3484 1411 3541 1465 in

1955 1501 2119 1557 ﬁnem
2146 1516 2321 1571 usque
2348 1500 2614 1571 respicias
2647 1518 2661 1554 :
2688 1510 2746 1555 et
2773 1499 2917 1556 sicut
2942 1501 3110 1557 homo
3137 1502 3315 1558 t‘actus
3342 1518 3404 1557 es
3421 1543 3434 1568 ,
3465 1504 3540 1558 ita

1956 1594 2102 1648 salva
2132 1608 2233 1648 nos
2260 1608 2472 1649 omnes.
3273 1648 3291 1658 κ

2021 1687 2114 1742 96.
2156 1686 2368 1742 Venisti
2414 1685 2563 1741 enim
2614 1694 2674 1740 ut
2715 1685 2897 1741 salvos
2941 1701 3044 1741 nos
3089 1682 3301 1741 faceres
3326 1696 3370 1750 ι,
3413 1686 3539 1756 quia

1873 1768 1920 1830 Β
1951 1778 2153 1850 perditi
2198 1793 2423 1834 eramus
2472 1796 2485 1832 :
2528 1793 2599 1833 ne
2645 1792 2870 1847 separes
2912 1793 3014 1833 nos
3053 1794 3084 1832 a
3126 1785 3279 1848 parte
3322 1778 3540 1833 salvan-

1952 1869 2173 1925 dorum.
2814 1940 2817 1947 ι
3346 1940 3355 1945 0

2021 1957 2111 2012 97.
2148 1957 2439 2014 Rcsuscita
2477 1959 2722 2022 animas,
2752 1966 2810 2013 et
2853 1958 3004 2013 salva
3041 1972 3303 2028 corpora,
3340 1957 3535 2029 puriﬁ-

1951 2068 2083 2108 cans
2123 2067 2226 2107 nos
2269 2053 2339 2108 ab
2380 2052 2529 2107 omni
2571 2052 2995 2122 inquinamento
3015 2067 3062 2108 υ.
3142 2090 3159 2103 κ

2020 2144 2108 2198 98.
2137 2143 2352 2215 Rumpe
2381 2143 2602 2199 vincula
2634 2142 2986 2198 aﬁectionum
3018 2161 3118 2200 nos
3147 2145 3533 2210 detinentium,

1951 2234 2045 2305 qui
2075 2234 2270 2306 rupisti
2302 2235 2603 2306 phalanges
2630 2235 3042 2290 immundorum
3075 2236 3406 2291 daemonum.

2022 2416 2111 2471 99.
2148 2416 2215 2470 Et
2253 2415 2427 2471 libera
2463 2429 2565 2470 nos
2598 2430 2628 2469 a
2666 2414 2955 2487 tyrannide
2992 2412 3273 2485 ipsorum,
3303 2421 3365 2468 ut
3398 2414 3531 2479 tibi,

1948 2517 2158 2565 aeterno
2180 2505 2397 2569 lumini,
2436 2506 2747 2561 serviamus
2786 2506 2910 2561 soli.

2016 2599 2134 2654 l100.
2165 2598 2233 2654 Ut
2256 2614 2382 2653 cum
2413 2612 2481 2652 ex
2498 2598 2732 2653 mortuis
2756 2597 3249 2663 resurrexerimus,
3282 2611 3407 2651 cum
3436 2611 3505 2650 an

1941 2691 2081 2763 gelis
2105 2691 2323 2745 beatam
2349 2706 2413 2746 ac
2441 2699 2704 2746 aeternam
2728 2699 2784 2745 et
2808 2689 3247 2745 indissolubilem
3272 2689 3532 2744 ehoream

1941 2787 2238 2858 agitemus.

709 3084 3493 3115 mm

1485 3240 2143 3332 ΕΚΑΤΟΝΤΑΣ
2217 3232 2330 3342 A'.

1554 3412 1663 3481 Ἦς
1695 3419 1728 3487 ἡ
1769 3419 2087 3489 ἀκροστιχὶς
2108 3419 2205 3491 ἥδε

259 3571 448 3645 Ὅμως
478 3565 591 3627 οὖν
620 3573 719 3627 καὶ
748 3573 815 3627 ἐκ
848 3573 969 3629 τῶν
1001 3577 1216 3646 κυρίως
1248 3576 1467 3642 κακῶν,
1504 3578 1602 3632 καί
1634 3578 1751 3630 τῶν
1785 3577 1872 3648 μὴ
1902 3580 2144 3647 κυρίως,
2177 3578 2574 3650 νομιζομένων
2602 3576 2689 3642 δὲ,
2740 3575 2911 3642 εὖξαι
2945 3578 3199 3643 ἐκτενῶς
3226 3578 3375 3651 πρὸς
3418 3579 3528 3631 τὸν

1390 3673 1540 3729 Θεὸν
1580 3673 1768 3745 ἡμῶν,
1801 3674 2182 3746 λυτρωθνῆναι
2219 3674 2394 3746 ἡμᾶς.

1466 3962 2066 4052 CENTURIA
2148 3963 2312 4083 1v,

1483 4152 1652 4226 Cujus
1677 4152 2010 4210 acrostiebis
2035 4152 2153 4207 haec
2179 4161 2265 4208 est
2291 4173 2304 4208 :

374 4305 587 4384 Igitur
642 4321 901 4383 precare
944 4307 1238 4367 continue
1272 4307 1355 4367 ad
1398 4307 1725 4368 Dominum
1777 4308 1972 4366 Deum
2007 4317 2321 4380 nostrum,
2361 4319 2431 4367 ut
2481 4304 2670 4368 simul
2710 4325 2824 4366 nos
2863 4304 3084 4366 liberet
3121 4323 3160 4363 a
3196 4301 3401 4378 malis,

474 4417 598 4469 tam
631 4408 705 4470 ab
745 4410 842 4471 his
875 4428 1006 4488 qua
1042 4411 1309 4489 proprie
1347 4411 1675 4486 dicuntur,
1722 4429 1907 4491 quam
1945 4412 2021 4474 ab
2066 4413 2147 4474 iis
2193 4430 2327 4493 quw
2369 4411 2715 4490 improprie
2758 4411 3067 4474 habentur
3106 4409 3293 4470 mala.

325 4693 393 4738 α’.
436 4684 497 4738 '0
540 4685 640 4755 τῆς
669 4684 809 4754 πρδς
837 4684 932 4737 τὸν
965 4682 1148 4754 σάρκα
1192 4680 1374 4752 φιλίας
1422 4685 1513 4738 καὶ
1543 4685 1835 4749 κολακείας

2014 4689 2064 4741 l.
2097 4687 2202 4753 Qui
2237 4694 2478 4741 mentem
2506 4685 2582 4740 ab
2615 4683 2857 4740 amicitia
2893 4699 2957 4739 ac
2991 4682 3306 4739 adulatione
3338 4686 3523 4741 carnis

254 4778 346 4832 τὸν
385 4776 511 4831 νοῦν
567 4777 955 4848 ἀποχωρίσας·
989 4769 1146 4841 οὗτος
1186 4777 1265 4847 τῷ
1298 4776 1515 4848 ζωτικῷ
1564 4779 1840 4848 πνεύματι

253 4874 350 4927 τὰς
382 4870 611 4942 πράξεις
640 4868 736 4921 τοῦ
766 4868 1018 4940 σώματος
1053 4869 1417 4924 ἐθανάτωσεν.

327 4957 391 5034 β’.
459 4961 550 5031 Μὴ
587 4959 774 5031 νόμιζε
823 4961 1157 5033 κεχωρίσθαι
1206 4964 1305 5034 τῆς
1348 4965 1484 5037 πρὸς
1523 4964 1620 5036 τὴν
1659 4965 1839 5033 σάρκα

258 5054 517 5125 σχέσεως,
544 5052 627 5105 ἔτι
677 5054 736 5105 ὲν
766 5055 880 5116 τοῖς
939 5053 1038 5124 τῆς
1095 5055 1298 5126 σαρκὸς
1330 5055 1553 5118 οίκείοις
1590 5055 1681 5108 τὸν
1712 5055 1837 5109 νοῦν

255 5148 396 5216 ἔχων
424 5142 717 5214 ένασχολού
726 5162 906 5214 μενον.

329 5234 396 5311 γ’.
432 5236 647 5305 ’Ὥσπερ
702 5235 805 5305 τῆς
849 5237 1049 5307 σαρκὸς
1115 5237 1219 5290 ίδία
1273 5240 1305 5309 ἡ
1343 5239 1617 5309 αῐσθησις,
1649 5241 1740 5295 καὶ
1769 5243 1837 5296 τά

256 5328 514 5398 αἰσθητὰ.
555 5325 707 5383 οὕτως
744 5328 838 5380 καὶ
888 5329 987 5397 τῆς
1039 5327 1219 5400 ψυχῆς
1265 5328 1372 5384 ἴδια
1420 5331 1449 5383 ὁ
1487 5331 1611 5395 νοῦς
1643 5332 1735 5385 καὶ
1770 5334 1838 5387 τά

257 5423 525 5491 νοήματα.

330 5513 391 5568 δ’.
423 5512 710 5568 Σύστειλον
740 5513 837 5584 τὴν
862 5513 1039 5584 ψυχὴν
1065 5514 1129 5566 ἐκ
1152 5513 1252 5580 τῆς
1275 5513 1586 5584 αἰσθήσεως
1608 5515 1702 5568 καὶ
1724 5514 1834 5568 τῶν

264 5604 560 5675 αἰσθητῶν,
592 5606 686 5659 καὶ
718 5606 1026 5675 εῧρίσκεται
1054 5608 1081 5659 ὁ
1113 5605 1235 5668 νοῦς
1270 5608 1327 5660 ἐν
1358 5607 1433 5676 τῷ
1468 5606 1586 5677 Θεῷ
1638 5608 1731 5661 καὶ
1776 5611 1833 5663 ὲν

257 5697 370 5758 τοῖς
400 5698 627 5766 νοητοῖς.

1941 4776 2343 4846 sequestravit,
2390 4775 2544 4829 vitali
2589 4775 2791 4846 spiritu
2841 4790 3013 4846 opera
3061 4775 3247 4830 carnis
3287 4777 3524 4831 mortiﬁ-

1942 4871 2109 4925 cavit.

2012 4960 2064 5014 2.
2093 4960 2172 5015 Ne
2199 4968 2364 5030 putes
2385 4968 2628 5015 mentem
2657 4975 2688 5014 a
2720 4960 2902 5015 carnis
2926 4960 3166 5015 amicitia
3191 4960 3522 5028 descivisse,

1941 5068 2067 5107 cum
2106 5050 2289 5106 adhuc
2324 5050 2381 5105 in
2415 5051 2504 5106 his
2535 5066 2659 5121 quae
2693 5050 2882 5105 carnis
2913 5059 3041 5105 sunt
3073 5050 3328 5121 propria,
3353 5067 3522 5106 occu-

1940 5151 2123 5214 petur.

1948 5224 1957 5229 ’
2011 5238 2063 5293 5.
2093 5237 2247 5293 Sicut
2278 5237 2432 5293 carni
2474 5236 2686 5308 proprii
2724 5246 2854 5292 sunt
2886 5252 3083 5292 sensus
3125 5248 3182 5293 et
3214 5238 3521 5301 sensibilia,

1944 5330 2018 5385 ita
2075 5331 2272 5386 auium
2320 5329 2670 5392 intellectus,
2716 5336 2774 5383 et
2822 5344 2944 5398 quae
2999 5328 3284 5384 intellectu
3338 5331 3525 5401 perci-

1943 5424 2191 5493 piuntur.
2589 5490 2593 5495 .

2013 5517 2066 5569 4.
2095 5513 2371 5569 Abstrabe
2404 5513 2643 5568 animam
2683 5527 2713 5567 a
2750 5513 3006 5568 sensibus
3041 5523 3099 5569 et
3139 5514 3519 5580 sensibilibus,

1942 5616 1998 5661 ct
2029 5606 2341 5661 invenietur
2363 5621 2519 5662 mens
2552 5606 2608 5660 in
2643 5606 2788 5673 Deo,
2813 5613 2870 5661 et
2898 5605 2987 5663 bis
3019 5622 3141 5678 quae
3171 5617 3356 5664 mente
3389 5623 3519 5680 per—

1942 5698 2238 5768 cipiuntur.
