3938 6148
522 291 657 356 1459

587 405 638 460 5.
667 405 989 460 Familiares
1019 406 1210 462 deitati
1243 418 1372 465 sunt
1403 412 1670 467 mentalcs
1695 421 1927 480 natura,
1955 417 2097 470 sola—
2129 423 2168 478 Α

513 512 622 566 que
647 507 832 552 lllCllle
857 499 1276 568 perceptibiles;
1305 517 1501 557 sensus
1525 513 1709 558 autem
1735 514 1792 560 et
1813 506 2093 561 sensibilia

513 589 568 644 in
601 590 928 659 obsequium
960 593 1164 648 mentis
1193 601 1374 648 creata
1404 605 1551 650 sunt.
2055 609 2062 615 ‘

582 682 634 735 6.
665 683 977 736 Ministrcnt
1006 683 1104 737 tibi
1135 699 1334 740 sensus
1361 695 1418 740 et
1443 688 1729 742 sensibilia
1755 689 1822 743 ad
1849 699 2095 745 contem-

508 771 805 842 plationem
835 773 1228 842 spiritualium.
1255 783 1313 828 et
1336 789 1448 828 non
1471 775 1716 829 vicissim
1745 776 2004 832 sensibus
2027 792 2093 831 ea

508 881 630 936 qum
658 865 724 920 ad
755 867 976 922 carnale
1004 865 1343 921 desiderium
1371 878 1640 938 spectant.

481 1021 488 1028 _
579 959 627 1011 7.
660 958 856 1013 .lussns
883 974 945 1014 cs
971 969 1213 1014 mactare
1243 975 1412 1029 opera
1443 962 1724 1032 corporis,
1743 971 1813 1044 ut
1837 963 2090 1033 volupta-

511 1047 658 1103 tibus
688 1063 787 1117 per
819 1049 1034 1105 labores
1059 1051 1330 1106 emortuis
1357 1051 1598 1106 animam
1625 1053 1943 1108 resuscites.

572 1239 623 1295 8.
659 1241 986 1299 Dominetur
1023 1245 1078 1298 in
1119 1253 1170 1300 te
1204 1245 1377 1308 Deus,
1404 1245 1772 1315 dominusque
1803 1253 1924 1300 esto
1960 1258 2088 1299 sen-

501 1348 664 1388 suum
698 1343 942 1401 tuorum,
968 1345 1025 1391 et
1053 1353 1122 1392 ne
1152 1337 1420 1394 deteriori
1451 1345 1509 1392 tu
1541 1337 1737 1392 melior
1759 1345 2086 1406 potestatem

502 1424 556 1480 in
587 1434 639 1480 te
663 1425 926 1485 dedcris..

569 1514 622 1567 9.
651 1514 1040 1584 Sempiternus
1065 1519 1210 1572 Deus
1239 1527 1296 1574 et
1323 1519 1630 1574 immensus
1654 1528 1710 1573 et
1737 1516 2084 1582 indeﬁnitus,

500 1607 838 1690 sempiterna
872 1609 1016 1665 bona
1050 1620 1107 1665 et
1135 1611 1401 1667 immensa
1437 1627 1500 1668 ac
1534 1611 1862 1676 inellabilia,
1891 1611 1958 1666 iis
1990 1609 2084 1680 qui

496 1713 556 1752 se
587 1698 892 1765 audierint,
925 1702 1208 1772 pollicitus
1238 1711 1343 1758 est.

568 1789 652 1844 10.
699 1781 895 1847 Μοιιιίε
946 1793 1230 1864 pr0prium
1284 1804 1371 1848 est
1426 1795 1480 1850 in
1531 1797 1644 1851 Deo
1690 1813 1909 1868 semper
1951 1813 2081 1853 ver-

488 1881 598 1934 sari
617 1922 631 1944 ,
657 1892 712 1936 et
736 1886 976 1953 cogitare
1004 1885 1073 1940 de
1107 1885 1256 1955 ipso,
1283 1887 1461 1958 deque
1496 1890 1844 1959 providentia
1871 1905 1935 1944 ac
1968 1897 2079 1945 tero

492 1971 748 2027 ribilibns
779 1973 952 2044 ipsius
979 1975 1226 2045 judiciis.

564 2063 650 2118 ll.
676 2065 926 2120 Potestas
958 2067 1052 2120 tibi
1080 2067 1208 2122 data
1239 2079 1325 2123 est
1349 2068 1403 2121 in
1437 2069 1708 2124 utrumvis
1735 2069 2068 2125 declinandi.

1751 302 2150 364 THALASSII
2190 283 2541 366 ABBATIS'

3630 296 3736 362 1460

2270 426 2332 471 ε’.
2366 419 2577 472 Οίκεῖον
2611 407 2862 485 θεότητος
2895 413 2951 466 ai
2993 411 3174 482 νοεραὶ
3201 409 3432 480 φύσεις,
3465 410 3558 463 καὶ
3576 411 3646 480 νῷ
3667 413 3740 480 μό-

2196 525 2270 579 νῳ
2299 509 2522 579 ληπταί·
2555 510 2589 578 ἡ
2611 507 2668 560 δέ
2697 505 2950 575 αἴσθησις
2983 503 3078 557 καὶ
3102 503 3170 556 τά
3189 501 3439 572 αἰσθητὰ
3473 503 3552 565 είς
3576 503 3738 574 ὑπουρ-

2195 602 2318 670 γίαν
2347 600 2440 654 τοῦ
2473 599 2565 654 νοῦ
2595 599 2840 670 ἐκτίσθη.

2266 701 2340 758 ς’.
2384 691 2756 764 ’Υπουργείτω
2810 706 2892 742 σοι
2925 690 2958 758 ἠ
2991 686 3242 758 αἴσθησις
3287 685 3390 738 καὶ
3427 685 3496 738 τὰ
3523 683 3736 756 αίσθητά,

2195 785 2330 856 πρὸς
2354 784 2586 854 θεωρίαν
2615 783 2714 852 τὴν
2736 779 3132 851 πνευματικὴν,
3156 777 3251 831 καὶ
3273 777 3355 848 μή
3384 794 3468 854 σοι
3498 778 3738 847 ἀντιστρό·

2111 903 2121 920 ι
2194 894 2309 946 om;
2342 879 2408 945 τῇ
2445 875 2700 944 αἰσθήσει
2729 873 2797 926 τὰ
2832 871 2968 943 πρὸς
2999 869 3296 940 ἐπιθυμίαν
3320 868 3428 936 τῆς
3451 867 3658 937 σαρκός.

2263 968 2330 1033 ζ’.
2365 967 2660 1038 Νεκρῶσαι
2695 962 3028 1033 ἐκελεύσθης
3059 962 3157 1026 τὰς
3186 960 3431 1028 πράξεις
3463 958 3558 1012 τοῦ
3587 959 3738 1028 σῶμα·

2189 1077 2300 1122 τος,
2333 1058 2423 1112 ἵνα
2448 1059 2544 1128 τὴν
2580 1056 2758 1126 ψυχὴν
2779 1054 2994 1126 ἡδοναῖς
3025 1051 3408 1122 νεκρωθεῖσαν
3439 1052 3552 1112 τοῖς
3589 1050 3737 1112 πόνοις

2191 1152 2582 1222 ἐξαναστήσῃς.

2261 1247 2330 1310 η’.
2387 1238 2662 1309 Κυριεύου
2706 1235 2814 1290 ἀπὸ
2857 1232 3017 1299 Θεοῦ,
3048 1234 3142 1286 καὶ
3185 1231 3420 1303 κυρίευε
3457 1231 3553 1302 τῆς
3584 1229 3739 1299 αἰσθή-

2191 1349 2351 1397 σεως,
2385 1331 2478 1384 καὶ
2510 1329 2583 1401 μὴ
2619 1329 2706 1393 δὸς
2745 1327 2842 1398 τὴν
2895 1324 3141 1392 ἐξουσίαν
3169 1325 3196 1378 ὁ
3229 1323 3508 1394 κρείττων
3551 1322 3619 1394 τῷ
3645 1322 3736 1392 χεί-

2227 1441 2327 1479 ονι.

2193 1443 2327 1572 ρΛθξί
2369 1516 2564 1580 Ἀἲδιος
2614 1514 2769 1580 Θεὸς,
2820 1513 2914 1567 καὶ
2967 1510 3269 1581 ἀπέραντος
3294 1549 3310 1566 .
3371 1507 3471 1562 καὶ
3501 1507 3735 1576 ἀόριστος.

2188 1615 2282 1666 καὶ
2313 1613 2460 1666 ἁῖδια
2496 1608 2702 1678 ἀγαθὰ,
2723 1608 2816 1662 καὶ
2836 1604 3141 1676 ἀπέραντα,
3174 1601 3266 1656 καὶ
3291 1599 3630 1670 ἀνεκλάλητα
3649 1598 3738 1657 1:07.;

2188 1704 2337 1775 αὐτῷ
2366 1701 2738 1758 ὑπακούουσιν
2777 1696 3162 1768 ἐπηγγείλατο.

2260 1805 2312 1851 ι’.
2351 1797 2504 1851 Ἱδιον
2533 1776 2760 1848 ’σοῦ’νοῦ
2792 1791 2852 1844 τὸ
2882 1794 2941 1844 ἐν
2975 1789 3052 1858 τῷ
3084 1787 3204 1858 Θεῷ
3233 1785 3480 1853 διάγειν,
3515 1782 3607 1836 καὶ
3636 1779 3738 1848 περὶ

2185 1885 2352 1944 αὐτοῦ
2373 1885 2731 1945 διανοεῖσθαι.
2763 1886 2859 1937 καί¹
2884 1883 2983 1952 τῆς
3020 1877 3186 1934 αὑτοῦ
3219 1877 3512 1950 προνοίας,
3536 1874 3622 1930 καὶ
3651 1872 3735 1926 τῶν

2185 1983 2313 2051 φοϐε
2327 1982 2434 2054 ρῶν
2472 1977 2639 2033 αὑτοῦ
2668 1975 2979 2048 κριμάτων.

2255 2081 2346 2130 ια’.
2385 2075 2568 2143 Ἔχεις
2599 2071 2698 2140 τὴν
2729 2066 2977 2133 ἐξουσίαν
3001 2065 3098 2144 τῆς
3128 2063 3214 2117 ἐπ’
3238 2064 3541 2134 ἀμφότερα
3563 2059 3729 2133 ῥοπῆς,

491 2154 578 2211 Sis
617 2173 748 2228 ergo
786 2157 1004 2212 meliori
1043 2159 1328 2225 subditus,
1355 2170 1410 2214 et
1441 2159 1778 2215 deteriorem
1811 2163 1910 2217 tibi
1947 2163 2074 2217 sub-

2186 2167 2338 2237 γενοῦ
2373 2165 2466 2220 τοῦ
2502 2155 2831 2236 κρείττονος,
2865 2160 2956 2212 καὶ
2995 2157 3330 2217 ὑποτάσσεις
3365 2155 3428 2207 τὸ
3455 2156 3646 2224 χεῖρον.

485 2248 666 2320 jicilo.

559 2341 644 2396 1‘2.
679 2341 816 2396 Boni
861 2353 990 2399 sunt
1031 2359 1261 2408 sensus,
1290 2345 1432 2401 bona
1475 2355 1530 2402 et
1568 2347 1848 2402 sensibilia
1898 2365 1911 2401 :
1952 2364 2079 2404 nam

483 2447 652 2502 opera
689 2443 819 2488 sunt
854 2435 984 2490 boni
1019 2436 1148 2504 Dei;
1190 2437 1346 2492 nullo
1391 2447 1570 2494 tamen
1615 2439 1780 2494 modo
1821 2455 1945 2495 cum
1984 2441 2073 2497 bis

482 2538 605 2593 qua:
647 2507 833 2580 mente
875 2525 1286 2596 percipiuntur,
1317 2528 1705 2584 conferuntur.

555 2615 644 2670 13.
670 2614 1011 2671 Rationalem
1045 2629 1092 2672 et
1121 2619 1456 2689 spiritualem
1490 2621 1873 2688 substantiam,
1907 2624 2070 2691 σάρα-

482 2722 592 2760 cem
620 2709 836 2779 spiritus
869 2718 916 2761 et
945 2711 1277 2780 cogitationis
1307 2727 1421 2765 sua:
1457 2714 1652 2766 creavit
1682 2713 1854 2779 Deus;
1888 2729 2071 2767 sensus

481 2807 659 2853 autent
688 2811 735 2853 et
765 2803 1030 2856 sensibilia
1061 2805 1115 2856 in
1149 2819 1302 2857 usum
1334 2805 1498 2876 ipsius
1529 2806 1796 2875 produxit.

2252 2345 2338 2416 ιβ’.
2375 2343 2530 2414 Καλὴ
2581 2343 2614 2412 ἡ
2668 2337 2942 2408 αἴσθησις,
2977 2335 3070 2389 καὶ
3103 2333 3246 2388 καλὰ
3277 2332 3355 2384 τὰ
3401 2327 3645 2399 αἰσθητὰ,
3672 2325 3732 2386 ὠς

2178 2435 2316 2489 Θεοῦ
2357 2434 2494 2504 ἔργα
2544 2430 2639 2484 τοῦ
2683 2428 2913 2498 ἀγαθοῦ,
2965 2427 3026 2480 οὐ
3065 2422 3462 2492 συγκρίνονται
3512 2417 3566 2471 δέ
3607 2416 3732 2486 ὅμως

2179 2525 2494 2579 παντάπασι
2543 2521 2622 2592 τῷ
2667 2521 2743 2593 νῷ
2779 2519 2874 2572 καὶ
2904 2520 3015 2581 τοῖς
3045 2516 3279 2586 νοητοῖς.

2250 2615 2492 2685 ιγ’.·Τὴν
2515 2592 2774 2684 λογικὴν
2804 2610 2906 2665 καὶ
2944 2607 3163 2674 γοερὰν
3205 2602 3440 2658 οὐσίαν
3483 2592 3730 2658 δεκτικὴν

2177 2708 2285 2764 τοῦ
2334 2709 2676 2776 πνεύματος
2706 2704 2804 2758 καὶ
2833 2700 2942 2768 τῆς
2982 2697 3204 2754 ἑαυτοῦ
3237 2694 3525 2765 γνώσεως
3557 2693 3588 2744 ό
3612 2685 3729 2750 Θεὸς

2176 2800 2674 2870 ἐδημιούργησεν·
2699 2798 2815 2864 τὴν
2839 2795 2907 2848 δὲ
2935 2794 3228 2858 αῖσθησιν
3258 2787 3366 2841 καὶ
3395 2785 3468 2840 τὰ
3488 2777 3726 2848 αἰσθητὰ,

2176 2893 2254 2956 εις
2297 2890 2521 2960 χρῆσιν
2551 2889 2741 2958 αὐτῆς
2783 2885 3154 2956 παρήγαγεν.

559 2976 639 3028 15.
671 2975 940 3031 Praedicta
970 2987 1186 3042 autem,
1216 2995 1340 3048 qum
1367 2979 1684 3035 communia
1717 2987 1850 3034 sunt
1873 2980 2134 3034 omnibus
2162 2979 2217 3034 in
2246 2990 2432 3035 sancta
2459 2981 2733 3034 Trinitate
2761 2987 2815 3033 et
2845 2992 2944 3047 per
2971 2972 3324 3044 negationem
3359 2966 3722 3024 attribuuntur.

479 3065 655 3132 magis
690 3067 910 3136 propria
939 3069 1264 3137 judicantur
1293 3069 1361 3124 iis
1395 3085 1518 3138 qua:
1553 3085 1652 3140 per
1680 3069 2101 3124 aﬂirmationcm
2137 3078 2266 3124 sunt
2294 3069 2462 3124 dicta.
2492 3071 2694 3131 Atlnon
2728 3066 2986 3121 similiter
3014 3063 3069 3116 in
3101 3060 3563 3132 proprietatibus.
3587 3055 3717 3114 Nam.

479 3165 541 3213 ut
562 3160 920 3230 prmdictum,
947 3177 1139 3216 earnm
1166 3163 1331 3217 etiam
1359 3164 1575 3232 aliquas
1604 3181 1704 3234 per
1728 3163 2148 3219 allirmationem
2173 3203 2188 3228 ,
2219 3163 2430 3232 aliquas
2461 3179 2561 3233 per
2589 3161 2941 3232 negationem
2972 3157 3193 3220 dicunt,
3224 3161 3286 3208 ut
3315 3153 3566 3224 genitum
3595 3164 3719 3210 esse.

477 3261 536 3307 ct
565 3251 786 3308 similia.
815 3254 950 3308 Nam
987 3254 1390 3311 innascibilitas
1429 3257 1694 3327 singulari
1739 3257 2050 3328 signiﬁcato
2083 3256 2271 3310 diﬂ'crt
2311 3272 2340 3309 a
2379 3256 2692 3310 nativitate.
2717 3255 2823 3308 Per
2853 3249 2989 3306 illud
3020 3247 3174 3318 enim
3215 3243 3561 3316 signiﬁcatur
3591 3242 3722 3296 Pater

477 3360 587 3400 non
624 3360 747 3400 esse
787 3345 1034 3416 genitus,
1069 3363 1167 3416 per
1207 3347 1312 3402 hoc
1353 3365 1484 3404 vero
1523 3349 1696 3404 Filius
1737 3367 1856 3404 esse
1898 3351 2139 3419 genitus.

551 3435 636 3489 Μ.
667 3435 824 3490 Sicut
862 3436 1174 3510 absurdum
1207 3447 1292 3494 est
1328 3441 1602 3512 subjicere
1643 3443 1848 3496 bonum
1888 3442 2068 3495 domi-
2096 3446 2140 3501 C

474 3539 606 3581 num
640 3526 894 3597 improbo
923 3544 1109 3596 servo;
1145 3531 1218 3584 ita
1247 3541 1304 3586 et
1329 3533 1651 3600 absurdum,
1682 3534 2064 3602 corruptibilis

475 3618 726 3686 corporis
758 3621 1088 3688 mancipium
1117 3636 1238 3676 esse
1269 3623 1591 3677 rationalem
1623 3635 1886 3679 ment—em.

548 3709 634 3762 l3.
672 3709 823 3761 Eliens
859 3711 964 3764 nisi
1001 3729 1195 3767 sensus
1226 3714 1564 3779 moderetur,
1595 3733 1694 3785 per
1721 3732 1815 3770 eos
1847 3717 1899 3770 in
1927 3717 2059 3770 vitia

473 3801 617 3851 maia
666 3810 807 3855 ruet.
865 3802 1221 3860 Sensibilium
1276 3808 1424 3861 enim
1483 3808 1761 3863 illecebris
1813 3809 2056 3863 incscata

473 3892 738 3946 lnalitia'u
781 3893 996 3964 sibiipsi
1040 3899 1241 3968 pariet.
1894 3961 1900 3968 ,

545 3980 628 4034 16.
657 3981 761 4048 Qui
803 3987 1061 4042 sensibus
1099 3989 1362 4059 imperat,
1395 3991 1608 4046 muniat
1639 3993 1806 4048 etiam
1846 4009 2057 4047 memo-

472 4071 606 4126 riam
639 4090 654 4127 :
687 4076 1042 4134 simulacrum
1070 4083 1218 4137 enim
1251 4100 1348 4152 per
1373 4101 1569 4139 sensus
1599 4096 1931 4156 conceptum
1966 4103 2056 4142 rc-

372 4166 394 4186 ‘
469 4161 670 4234 fricant
697 4167 1037 4226 aﬂ‘cctiones.

541 4256 626 4308 17.
660 4255 882 4328 Castiga
917 4275 1119 4331 corpus
1154 4271 1209 4316 et
1244 4263 1439 4318 sedulo
1473 4280 1730 4334 precare,
1759 4266 2056 4335 statimque

469 4346 538 4400 ab
565 4349 940 4405 occursaculis
968 4353 1362 4422 cogitationum
1395 4356 1745 4412 liberaberis.

543 4527 624 4582 l8.
659 4528 858 4584 Verbis
895 4529 1098 4584 divinis
1135 4533 1401 4588 continue
1431 4550 1564 4589 vaca
1599 4555 1610 4588 :
1652 4551 1777 4590 nam
1820 4537 2056 4606 diligens

466 4615 522 4672 in
554 4621 638 4674 eis
665 4621 910 4676 studium
941 4623 1264 4680 all‘ectioncs
1291 4626 1557 4680 absumit.

541 4711 625 4766 19.
654 4712 842 4777 Lectio
869 4723 929 4768 et
957 4716 1181 4786 vigilia,
1210 4732 1518 4787 precesque
1549 4735 1673 4773 cum
1705 4721 1916 4790 psalmo
1941 4718 2054 4777 Deo

465 4815 710 4860 ruentem
742 4807 976 4871 sistunt,
1007 4824 1074 4863 ne
1108 4809 1253 4864 circa
1282 4808 1600 4864 alfcctiones
1626 4823 1873 4882 vagetur.

533 4983 622 5036 ‘20.
655 4982 811 5038 Sicut
841 5001 936 5039 ver
968 4984 1095 5040 facit
1125 4990 1434 5057 germinare
1470 4990 1714 5059 plantas,
1743 4994 1815 5047 ita
1853 4994 2051 5062 imper-

464 5075 746 5130 turbantia
773 5079 942 5132 menti
974 5080 1228 5135 concedit
1255 5083 1616 5152 contemplari
1648 5100 1713 5139 ea
1744 5102 1866 5154 qua:
1895 5095 2046 5140 sunt.

533 5252 624 5307 2|.
661 5253 909 5308 Mandata
942 5256 1196 5314 observa.
1228 5268 1283 5313 et
1323 5260 1570 5314 invenies
1611 5279 1835 5330 pacem;
1877 5265 2049 5318 Deum

465 5341 658 5412 diligo,
691 5355 746 5398 et
784 5347 1074 5402 scientiam
1115 5353 1446 5420 assequeris.

532 5435 618 5489 Ἡ.
655 5435 942 5492 Sententia
977 5440 1030 5493 in
1070 5450 1122 5496 te
1155 5443 1260 5497 lata
1291 5455 1404 5509 cst,
1432 5454 1490 5497 ut
1519 5445 1572 5500 in
1602 5447 2050 5514 (lillicultatibus,

461 5523 652 5581 labore
701 5537 758 5582 et
803 5529 1002 5586 sudore
1055 5536 1236 5590 vultus
1283 5537 1360 5591 tui
1414 5554 1608 5606 panem
1660 5542 1904 5596 scicntia:
1956 5556 2050 5594 co-

463 5618 652 5672 medus
676 5619 720 5672 θ’.

533 5729 558 5770 ¹³
584 5730 720 5783 Gen.
764 5745 844 5793 ιιι,
887 5729 966 5782 19.

2249 3441 2332 3494 ιδ’.
2367 3441 2539 3494 ’Ὼσπε
2550 3458 2580 3510 ρ
2610 3441 2807 3494 ἄτοπον
2840 3435 3012 3504 δούλῳ
3033 3433 3223 3502 φαύλῳ
3248 3430 3521 3498 δεσπότην
3543 3421 3718 3494 ἀγαθὸν

2170 3531 2462 3597 ὑποτάξαι,
2498 3531 2669 3593 οὕτως
2714 3529 2910 3581 ἄτοπον
2947 3524 3072 3580 νοῦν
3092 3521 3314 3591 λογικὸν
3343 3519 3557 3590 σώματι
3587 3511 3717 3568 δουλο

2169 3624 2356 3691 αγωγῆ
2367 3640 2453 3674 σαι
2474 3622 2580 3690 qth

2244 3721 2322 3766 ιε’.
2367 3713 2511 3777 Νοῦς
2553 3717 2627 3783 μὴ
2666 3709 2977 3764 ἐπιστατῶν
3018 3711 3086 3778 τῇ
3136 3707 3428 3777 αἰσθήσει,
3481 3706 3545 3759 δι’
3572 3697 3716 3765 αὐτῆς

2169 3806 2492 3878 περιπίπτει
2545 3806 2756 3867 κακοῖς-ο
2789 3802 2879 3870 ὑφ’
2930 3801 3122 3871 ἡδονῆς
3155 3800 3266 3871 γὰρ
3320 3799 3434 3853 τῶν
3481 3789 3714 3862 αἰσθητῶν

2166 3898 2534 3968 ἀπατηθεῖσα,
2566 3895 2739 3949 τίκτει
2773 3893 2922 3963 αὐτῷ
2951 3893 3287 3962 φαυλότητα.

2241 3991 2333 4055 ις’.
2369 3989 2606 4061 Κρατῶν
2644 3989 2744 4058 τῆς
2785 3986 3116 4057 αἰσθήσεως,
3165 3984 3478 4057 ἀσφαλῆψ
3513 3983 3598 4036 καὶ
3633 3975 3712 4042 τὴν

2169 4083 2412 4150 μνήμην·
2455 4079 2510 4134 αἱ
2549 4077 2658 4148 γὰρ
2689 4077 2777 4130 διὰ
2818 4077 2918 4146 τῆς
2948 4063 3263 4144 αἰσθήσεως
3311 4074 3606 4146 προλήψεις
3640 4064 3710 4118 διὰ

2164 4174 2264 4238 τῆς
2298 4171 2520 4240 μνήμης
2549 4169 2866 4223 ἀνακινοῦσι
2896 4168 2964 4222 τὰ
3000 4167 3172 4238 πάθη.

2237 4262 2323 4327 ιζ’.
2362 4262 2661 4326 ’Υποπίαζε
2689 4263 2750 4314 τὸ
2799 4261 2981 4361 σῶιὶια,
3012 4262 3108 4312 καὶ
3138 4259 3454 4330 προσεύχου
3484 4251 3706 4361 συνεχιῖἰς.

2165 4356 2260 4410 καὶ
2298 4356 2406 4408 τῶν
2466 4357 2530 4409 ἐκ
2586 4339 2908 4426 προλήψεωξ
2961 4351 3239 4422 λογισμῶν
3292 4351 3523 4421 τάχιστα
3563 4339 3708 4399 ἀπαλ-

2163 4451 2348 4521 λὰττῃ.

2236 4539 2326 4611 ιη’.
2375 4541 2610 4610 Ῥἠμασι
2658 4537 2822 4601 θείοις
2868 4535 3228 4597 ἀδιαλείπτως
3261 4535 3522 4611 ,σχόλαζεο
3567 4523 3705 4598 ἡγὰρ

2164 4632 2296 4704 περὶ
2326 4631 2467 4685 αὐτὰ
2509 4628 2792 4700 φιλοπονία
2823 4626 3212 4682 καταναλίσκει
3241 4625 3310 4678 τὰ
3355 4625 3523 4694 πάθη.

2238 4722 2561 4793 ιθ¹.”1στησι
2609 4721 2699 4775 τὸν
2741 4720 2864 4774 νοῦν
2899 4719 3000 4789 τῆς
3047 4717 3178 4788 περὶ
3223 4717 3292 4768 τὰ
3336 4717 3486 4782 πάθη
3526 4709 3699 4775 πλάνης

2091 4801 2133 4854 Ῐ)
2161 4817 2486 4882 ἀνάγνωσις,
2515 4813 2610 4867 καὶ
2646 4811 2918 4882 ἀγρυπνία
2969 4809 3061 4862 καὶ
3096 4807 3376 4878 προσευχὴ
3411 4807 3503 4860 καὶ
3535 4799 3688 4871 ψαλμ-

2162 4907 2317 4958 ωδία.
2334 4915 2346 4924 ”

2179 4959 2190 4976 ⁸
2229 5005 2298 5050 κ’.
2341 4996 2551 5066 Ὥσπερ
2599 4995 2658 5048 τὺ
2695 4993 2794 5064 ἔαρ
2843 4989 2978 5062 πρὸς
3029 4989 3090 5042 τὸ
3125 4988 3452 5059 βλαστάνειν
3489 4975 3700 5038 ἀνακινεῖ

2157 5088 2225 5141 τὰ
2261 5087 2425 5155 φυτὰ,
2459 5087 2632 5146 οὕτως
2667 5086 2764 5137 καὶ
2803 5084 2836 5153 ἡ
2879 5079 3117 5134 ἀπάθεια
3167 5079 3262 5132 τὸν
3293 5077 3439 5143 νοῦν,
3471 5074 3594 5146 πρὸς
3623 5067 3697 5135 τὴν

2161 5181 2360 5250 γνῶσιν
2393 5180 2498 5232 τῶν
2521 5179 2710 5232 ὄντων.

2231 5278 2335 5324 xa’.
2379 5271 2727 5341 Συντήρησον
2770 5267 3012 5329 ἐντολὰς.
3049 5267 3144 5318 καὶ
3187 5267 3446 5337 εὑρήσεις
3491 5258 3692 5331 είρὴνηΨ

2161 5368 2254 5419 καὶ
2285 5366 2374 5417 τὶν
2411 5364 2542 5417 Θεὸν
2565 5363 2874 5431 ἀγάπησον.
2914 5361 3006 5414 καὶ
3026 5359 3284 5426 γνώσεως
3315 5355 3580 5423 ἐπιτεύξῃ,

2231 5458 2332 5528 κβ’.
2379 5459 2544 5527 Κὸπῳ
2575 5457 2666 5510 καὶ
2703 5453 2905 5524 pio/ﬁlio,
2941 5454 3034 5504 καὶ
3085 5452 3273 5523 ἱδρῶτι
3324 5447 3600 5522 προσώπου
3623 5437 3694 5492 τὸν

2159 5551 2320 5619 ἄρτιιν
2362 5549 2457 5618 τῆς
2491 5547 2738 5617 γνώσεως
2770 5543 3099 5613 κατεκρίθης
3123 5544 3350 5599 ἐσθέειν.
3521 5530 3534 5547 ’
