3938 6148
283 269 411 336 1461

1572 234 1584 240 ’
1661 265 2048 329 CENTURIA
2086 264 2186 324 Iv.

3391 233 3526 300 14ίὶ2

350 381 456 450 κγ’.
497 381 751 451 ’Δμέλεια
777 383 868 436 τὸν
899 381 1220 454 προπάτορα
1256 383 1335 446 είς
1369 379 1682 452 παράϐασιν
1713 379 1840 448 ἠγα-

2014 377 2105 430 25.
2137 369 2480 444 Negligentia
2523 366 2762 437 priurum
2796 364 3078 432 parentem
3111 346 3522 454 nostrum‘iec-it

277 489 398 540 γεν,
453 473 544 526 καὶ
591 473 714 526 ἀντὶ
763 475 861 543 τῆς
898 473 1109 544 τρυφῆς
1157 472 1493 542 παραδείσου
1553 469 1843 539 κατέκρινε

278 563 518 632 Θανάτῳ.

349 649 448 704 κδ’.
480 649 687 719 Κράτει
735 651 831 703 καὶ
869 652 932 703 σὺ
977 650 1074 719 τῆς
1097 649 1259 715 Εὔας,
1294 651 1384 704 τὸν
1433 651 1556 717 όςριν
1588 647 1844 716 φύλαξαι,

279 741 364 792 ἵνα
395 741 469 810 μὴ
491 735 846 810 ’ἀπατηθείσα
877 743 971 796 τοῦ
1011 743 1172 808 ξύλου
1207 760 1290 795 σοι
1323 741 1561 812 μεταδῷ.

350 839 445 884 κε’.
473 834 684 904 Ὥσπερ
715 835 776 886 τὸ
795 835 955 903 σῶμα
979 836 1119 890 κατὰ
1149 834 1311 904 φύσιν
1344 835 1376 904 ή
1406 833 1550 904 ψυχὴ
1571 833 1844 898 ζωοποιεῖ,

276 923 419 976 οὕτω
450 925 544 976 καὶ
575 923 675 994 τὴν
703 924 882 996 ψυχὴν
908 928 942 996 ἠ
970 925 1139 995 ἀρετὴ
1167 927 1262 980 καὶ
1294 927 1326 996 ἠ
1359 925 1584 994 γνῶσις.

349 1020 461 1078 κς’.
491 1015 707 1084 Νεφέλη
757 1016 906 1068 ἐστὶν
949 1016 1175 1085 ἄνυδρος
1205 1014 1329 1078 νοῦς
1369 1015 1705 1086 οἰησίσοφος,
1742 1013 1848 1066 ὑπὸ

275 1105 385 1158 τῶν
433 1105 534 1174 τῆς
589 1106 1040 1172 κενοδοξίαςηκαῖ¹
1091 1107 1471 1178 ὑπερηφανίας
1517 1105 1847 1174 πνευμάτων

277 1213 496 1265 παραφε
507 1197 754 1266 ρόμενος.

349 1275 467 1346 κρῖ
496 1284 818 1349 Κενοδοξίας
867 1284 1084 1355 κρατῶν
1112 1285 1221 1338 ἀπὺ
1261 1285 1360 1356 τῆς
1393 1285 1649 1352 πορνείας
1675 1283 1847 1354 πρόσ-

277 1392 390 1444 εχε,
425 1375 636 1445 μήποτε
679 1377 781 1439 τᾶς
834 1375 999 1445 τιμὰς
1048 1375 1265 1445 φεύγων
1293 1375 1487 1446 ἀτιμίᾳ
1523 1375 1846 1446 περιπέσης.

346 1557 451 1621 κη’.
499 1548 823 1618 Ἀποφυγὼν
864 1549 1192 1616 κενοδοξίαν,
1225 1549 1304 1613 είς
1337 1550 1428 1603 τὸν
1457 1549 1588 1602 Θεὸν
1618 1549 1848 1602 ἀπόϐλε-

276 1657 364 1694 πε·
403 1643 448 1694 εἰ
485 1641 541 1693 δὲ
589 1643 751 1712 μήγε,
783 1641 956 1712 οἰήσει
988 1641 1021 1712 ἢ
1066 1641 1292 1712 πορνείᾳ
1329 1639 1702 1710 περιπίπτεις.

345 1813 443 1866 κθ’.
483 1812 644 1866 Ἴδιον
668 1812 766 1883 τῆς
804 1810 1110 1876 κενοδοξίας
1131 1811 1540 1882 ἡςὲπιδεικτικῆ
1564 1811 1848 1880 ἐπιτήδευ-

276 1921 380 1969 σις·
414 1905 511 1975 τῆς
555 1904 611 1957 δὲ
647 1903 1026 1974 ὑπερηφανίας
1056 1903 1117 1956 τὸ
1153 1903 1456 1970 ὲξουθενεῖν
1505 1903 1598 1956 καὶ
1643 1900 1846 1971 θυμού-

279 1998 424 2049 σθαι.

345 2087 412 2141 λ’.
441 2088 554 2156 Τὴν
585 2086 1028 2157 γαστριμαργίαν
1065 2086 1300 2156 φεύγων,
1345 2086 1444 2157 τὴν
1495 2086 1848 2157 ἁνθρωπαρέ·

279 2195 465 2233 σκειαν
495 2177 750 2244 φύλαξαι,
781 2177 878 2258 τὴν
906 2175 1188 2246 ὠχρότητα
1255 2176 1348 2230 τοῦ
1401 2174 1696 2246 προσώπου
1757 2193 1844 2230 σου

279 2269 650 2335 ἐπιδείξασθαι
682 2269 1226 2338 προσφαντάζουσαν.

343 2358 445 2411 λα’.
493 2357 686 2428 Ὠραία
735 2357 994 2426 νηστεία,
1045 2353 1491 2428 ή⁹βραχυφαγία
1539 2357 1842 2429 χαίρουσα,

275 2449 366 2500 καὶ
404 2446 723 2516 λιτοφαγίαν
757 2447 976 2518 ἔχουσα,
1010 2448 1105 2501 καὶ⁹
1150 2447 1674 2518 ἀνθρωπαρὲσκειαν
1718 2447 1838 2518 φεύι

274 2557 369 2607 γον
379 2535 464 2593 σα.

345 2633 445 2705 λβ’.
477 2632 776 2702 Νηστεύων
823 2631 927 2695 ἓως
961 2630 1080 2700 ὀψὲ,
1125 2631 1200 2702 μὴ
1238 2631 1514 2704 χορτάσῃς
1551 2633 1632 2694 είς
1663 2632 1844 2701 κόρον,

277 2725 364 2780 ἶνα
392 2724 466 2796 μὴ
486 2723 521 2778 ἃ
551 2724 700 2802 ἅπαξ
728 2721 1042 2786 καταλύεις,
1071 2720 1242 2776 ταῦτα
1273 2723 1433 2777 πάλιν
1463 2723 1842 2795 οἰκοδομησῃς.

343 2901 444 2968 λγ’.
479 2900 570 2970 Μὴ
611 2899 779 2954 πίνων
801 2897 961 2964 οἶνον,
1002 2899 1076 2972 μὴ
1104 2898 1414 2971 χορτασθῇς
1463 2898 1673 2962 ὕδατος·
1705 2900 1756 2952 εἰ
1787 2898 1847 2951 δὲ

279 2984 444 3066 μήγε,
473 2995 571 3064 τὴν
611 2992 778 3064 αὐτὴν
811 2992 944 3064 ὓλην
973 2996 1038 3064 τῇ
1071 2993 1299 3064 πορνείᾳ
1331 2993 1609 3064 παρέχεις.

343 3173 439 3229 λδ’.
479 3175 544 3228 Ἦ
593 3174 946 3245 ὑπερηφανία
995 3174 1097 3244 τῆς
1149 3174 1298 3236 θείας
1343 3173 1686 3242 ἀφίστασθαι,
1706 3175 1850 3226 ποιεῖ

277 3267 550 3337 βοηθείας.
581 3265 668 3336 ἐφ’
699 3264 876 3335 ἑαυτῷ
902 3264 1243 3328 πεποιθέναι,
1277 3265 1372 3318 καὶ
1403 3264 1512 3318 τῶν
1542 3264 1846 3333 ἀνθρώπων

275 3352 726 3422 κατεπαίρεσθαι.

343 3439 434 3493 λε’.
461 3441 732 3510 Φὰρμακα
761 3441 900 3494 κατά
937 3441 1034 3512 τῆς
1067 3442 1442 3512 ὑπερηφανίας
1469 3441 1562 3495 δύο
1594 3442 1839 3513 πρόκειν-

270 3548 361 3584 ται
394 3533 733 3611 πράγματα·
767 3531 912 3602 ἅπερ
949 3533 978 3584 ὁ
1037 3532 1112 3604 μὴ
1153 3533 1604 3603 καταδεχόμενος,
1663 3535 1844 3604 τρίτον

206 3693 214 3700 ⁸
271 3622 382 3688 ἔξει
413 3621 616 3692 σφόδρα
645 3622 997 3693 δριμύτατον.
1174 3619 1178 3624 ’
1315 3659 1324 3668 .
1358 3633 1404 3688 ἰς

340 3732 450 3795 λς’.
501 3731 914 3804 Ὑπερηφανίαν
959 3733 1176 3802 ἀναιρεῖ
1227 3735 1501 3805 προσευχὴ
1559 3735 1696 3805 μετά
1750 3735 1842 3790 δα-

271 3825 475 3892 κρύων,
516 3823 609 3876 καὶ
635 3824 694 3876 τὸ
730 3824 934 3896 μηδένα
964 3823 1286 3888 ὲξουθενείν,
1317 3827 1412 3879 καὶ
1443 3826 1688 3880 ἀκούσιοι
1721 3830 1842 3881 ἐπι-

271 3911 457 3980 φοραί.
1638 3959 1648 3962 -

338 4000 436 4066 λζ’.
485 4003 705 4066 ’Βάεδος
745 4003 892 4057 ἐστὶν
928 4005 1171 4078 νοητὴ,ή
1220 4007 1310 4061 διὰ
1356 4009 1680 4080 πειρασμῶν
1711 4010 1841 4064 παί-

267 4091 466 4152 δευσις,
507 4097 953 4166 ταπεινοφρονεῖν
983 4097 1372 4152 ὲκδιδάσκουσα
1434 4099 1523 4152 τὸν
1570 4101 1627 4153 ἐν
1671 4103 1840 4171 ἀφρο-

270 4179 404 4252 σύνῃ
438 4181 634 4250 ὲπαιρό
640 4199 820 4252 μενον.

337 4271 440 4338 λη’.
491 4270 650 4324 Ἰδιον
693 4271 854 4342 ἔργον
881 4271 976 4326 τοῦ
1014 4273 1128 4338 νοῦ,
1157 4275 1218 4328 τὺ
1257 4276 1333 4346 μὴ
1368 4277 1656 4348 ἀνέχεσθαι
1687 4279 1837 4348 λογι-

271 4360 407 4431 σμοῦ
430 4360 603 4431 λάθρα
633 4361 1060 4426 καταλαλοῦντος
1093 4365 1234 4419 κατά
1271 4367 1366 4420 τοῦ
1402 4368 1651 4440 πλησίον.
1771 4367 1786 4381 ⁵

337 4449 434 4507 λθ’.
472 4451 682 4522 Ὥσπερ
707 4453 736 4506 ό
763 4453 1056 4523 κηπουρὸς,
1085 4455 1158 4525 μὴ
1184 4449 1438 4526 ἀπαίρων
1463 4459 1562 4523 τὰς
1587 4461 1834 4530 βοτάνας,

268 4544 564 4610 ἀποπνίγει
599 4544 669 4596 τά
699 4544 928 4614 λάχανα·
963 4543 1138 4610 οὕτως
1173 4549 1267 4600 καὶ¹
1313 4551 1342 4600 ὁ
1380 4549 1503 4614 νοῦς
1537 4551 1613 4623 μὴ
1646 4553 1839 4606 καθαί-

271 4651 381 4705 ρων
412 4635 538 4698 τοὺς
571 4636 886 4706 λογισμοὺς,
934 4637 1196 4692 ἀπόλλυσι
1231 4641 1355 4704 τοὺς
1383 4642 1596 4707 πόνους.

338 4729 410 4793 μ’.
449 4725 670 4788 Συνετὸς
720 4727 878 4798 ἀνὴρ,
915 4729 942 4780 ό
986 4730 1300 4799 συμϐουλῆς
1337 4732 1696 4805 ἀνεχόμενος,
1741 4737 1838 4790 καὶ

271 4816 504 4885 μάλιστα
549 4819 642 4872 τοῦ
688 4819 1070 4890 πνευματικοῦ
1103 4822 1309 4892 πατρὸς
1343 4826 1484 4878 κατὰ
1539 4827 1670 4880 Θεὸν
1700 4843 1838 4899 συμ-

269 4908 637 4978 βουλεύοντος.
1545 4896 1552 4905 Ι

337 5007 448 5068 μα’.
481 5002 902 5073 Νενεκρωμένος
957 5001 1062 5055 ὑπὸ
1121 5004 1343 5068 παθῶν,
1379 5008 1688 5078 συμϐουλῆς
1734 5011 1836 5064 οὐκ

264 5090 601 5156 αἰσθάνεται,
634 5093 728 5146 καὶ
750 5093 849 5162 τῆς
879 5091 1212 5158 παιδεύσεως
1235 5100 1612 5171 πνευματικῆς
1629 5101 1690 5154 τὸ
1713 5102 1835 5154 σύν-

167 5200 182 5208 '
263 5182 380 5234 ολον
413 5183 513 5236 οὐκ
553 5183 823 5253 ἀνέχεται.

333 5273 440 5342 μβ’.
477 5275 536 5327 Ὀ
568 5275 642 5344 μὴ
663 5275 949 5344 δεχόμενος
980 5278 1313 5350 συμϐουλὴν,
1343 5281 1404 5334 ού
1438 5285 1704 5354 κατορθοῖ
1731 5283 1831 5348 τὰς

262 5363 412 5426 ὀδοὺς
446 5365 632 5430 αὑτοῦ,
665 5365 801 5418 ἀλλὰ
829 5368 973 5420 κατά
1007 5369 1270 5440 κρημνῶν
1293 5371 1382 5426 ἀεὶ
1411 5375 1504 5428 καὶ
1534 5375 1836 5446 φαράγγων

265 5455 515 5526 φέρεται.

333 5643 355 5672 ε
391 5635 529 5689 Gen.
571 5653 648 5703 ιιι,
675 5638 755 5691 19.

1951 439 2260 536 transgredi
2279 439 2384 527 ,τοι
2418 476 2519 531 pro
2559 457 2776 513 deliciis
2816 447 3057 523 paradisi
3100 443 3263 502 morti
3303 439 3522 510 adiudi-

1947 565 2106 612 catus
2143 563 2227 610 est
2246 565 2292 608 θ.

2015 647 2104 701 24.
2129 646 2344 716 Impera
2367 652 2424 698 et
2465 649 2523 695 tu
2545 640 2692 702 Evm,
2727 644 2782 692 et
2806 650 2836 688 a
2861 637 3114 701 serpente
3141 639 3301 688 cave,
3328 635 3398 674 ne
3421 618 3522 673 de-

1947 739 2065 793 lusa
2103 737 2202 791 tibi
2231 749 2449 806 quoque
2478 731 2546 788 de
2575 731 2726 799 ligno
2753 723 3012 796 praebeat.
3415 799 3428 812 '
3472 799 3484 810 .

2017 829 2108 883 25.
2137 827 2294 883 Sicut
2320 825 2501 880 anima
2531 834 2735 892 corpus
2764 813 3066 872 secundum
3096 816 3349 862 naturam
3376 816 3519 855 vm-

1950 922 2096 984 tieat,
2123 919 2198 974 ita
2223 927 2280 974 et
2303 916 2541 972 animam
2563 913 2741 966 virtus
2765 915 2822 962 et
2845 902 3094 961 scientia.

2018 981 2108 1066 26.
2141 1011 2293 1064 Mens
2325 1005 2585 1077 opinione
2617 1017 2714 1057 sua
2750 997 2855 1054 sibi
2887 993 3109 1064 sapiens
3140 989 3284 1053 visa,
3315 981 3518 1077 nebula

1947 1113 2035 1160 est
2071 1103 2191 1159 sine
2229 1073 2379 1170 aqua
2405 1113 2436 1152 a
2477 1093 2676 1166 spiritu
2714 1088 2894 1146 inanis
2935 1085 3121 1156 gloria:
3155 1089 3213 1136 et
3247 1073 3521 1147 superbiae

1948 1195 2171 1266 agitata.

2018 1285 2107 1338 27.
2133 1281 2237 1348 Qui
2261 1295 2413 1334 vanae
2439 1277 2624 1347 gloriae
2651 1269 2978 1333 dominaris,
3007 1277 3140 1322 cave
3165 1261 3264 1318 tibi
3293 1259 3458 1314 etiam
3490 1270 3520 1308 a

1947 1373 2336 1434 fornicatione.
2357 1385 2425 1424 ne
2450 1368 2580 1423 dum
2601 1368 2842 1421 honores
2867 1360 3030 1432 fugis,
3049 1355 3260 1412 incidas
3287 1353 3340 1406 in
3369 1350 3526 1420 igno-

1948 1481 2223 1610 mlélgsllb
2268 1551 2414 1606 inani
2460 1547 2632 1619 gloria
2677 1544 2925 1614 fugiens,
2958 1539 3027 1593 ad
3069 1538 3242 1592 Deum
3286 1529 3520 1600 respice.

1949 1647 2106 1715 Quod
2137 1646 2180 1700 si
2218 1644 2400 1698 minus
2423 1639 2648 1700 feceris,
2677 1643 2889 1690 certum
2909 1675 2923 1697 ,
2949 1631 3034 1686 vel
3067 1629 3122 1683 in
3154 1620 3520 1694 arrogantiam

1879 1725 1919 1781 Β
1949 1741 2031 1794 vel
2061 1739 2116 1792 in
2145 1734 2562 1792 fornicationem
2596 1727 2822 1783 incides.

2013 1831 2103 1884 29.
2131 1826 2312 1883 Inanis
2341 1823 2526 1894 gloriae
2557 1819 2840 1889 proprium
2868 1823 2952 1868 est
2977 1807 3303 1872 ostentatio;
3333 1817 3523 1872 super-

1946 1923 2050 1975 bize
2093 1935 2226 1973 vero
2283 1920 2633 1984 contemptus
2692 1908 2925 1964 aliorum
2979 1913 3036 1958 et
3088 1901 3318 1958 efferata
3370 1897 3522 1950 inso-

1945 2013 2134 2066 lentia.

2017 2103 2102 2156 50.
2135 2099 2236 2167 Qui
2277 2099 2459 2169 gulam
2502 2092 2668 2164 fugit,
2711 2095 2904 2146 caveat
2949 2101 3020 2140 ne
3059 2087 3270 2153 quaerat
3306 2078 3522 2160 placere

1946 2194 2280 2252 hominibus,
2313 2189 2574 2260 pallorem
2615 2183 2798 2238 vultus
2818 2183 3175 2250 apparentem
3215 2176 3523 2226 monstrare

1947 2286 2201 2356 cupiens.

2015 2353 2106 2431 5|.
2155 2374 2452 2431 Pulchrum
2505 2379 2592 2426 est
2629 2367 2900 2440 jejunium
2954 2361 3170 2416 modico
3214 2353 3523 2426 {regalique

1947 2471 2072 2526 cibo
2110 2468 2380 2541 gaudens,
2411 2463 2730 2520 hominibus
2767 2460 2990 2531 placere
3029 2453 3263 2523 fugiens.

2017 2646 2102 2699 52.
2134 2643 2365 2710 Quando
2399 2657 2573 2712 usque
2607 2640 2676 2696 ad
2707 2617 2990 2708 vesperam
3022 2634 3266 2704 ieiunas,
3291 2641 3422 2682 cave
3454 2622 3525 2678 ad

1947 2738 2253 2794 satietatem
2309 2751 2484 2805 usque
2537 2729 2847 2802 impleatis,
2892 2742 2964 2782 ne
3009 2723 3267 2780 videlicet
3323 2719 3524 2772 iterum

1947 2837 2202 2884 exstruas
2239 2841 2361 2896 qua!
2401 2823 2565 2894 paulo
2609 2829 2736 2876 ante
2773 2820 3147 2874 destruxeras.

2019 2920 2107 2973 55.
2137 2917 2368 2984 Quando
2425 2931 2535 2969 non
2589 2913 2736 2968 bibis
2787 2911 2998 2972 vinum,
3049 2905 3214 2961 etiam
3277 2915 3418 2972 aqua
3454 2915 3525 2954 ne

1953 3011 2264 3080 implearis;
2333 3007 2415 3062 sin
2464 3006 2648 3060 minus
2693 2997 3126 3070 obtemperaris,
3174 2989 3526 3049 fornicationi

1952 3102 2202 3158 eamdem
2235 3099 2522 3154 materiam
2560 3093 2958 3166 suppeditabis.

2019 3181 2424 3258 54.‘Superbia
2455 3187 2587 3241 facit
2631 3185 2818 3240 divino
2847 3180 3076 3258 destitui
3106 3177 3331 3241 auxilio,
3357 3175 3530 3230 conti-

1947 3283 2079 3338 dere
2110 3281 2166 3336 in
2192 3281 2394 3350 seipso,
2428 3287 2486 3334 et
2513 3278 2778 3332 adversus
2806 3255 3388 3340 bomincs‘msurgere.

2015 3455 2104 3511 55.
2137 3456 2256 3510 Duo
2291 3453 2533 3510 remedia
2563 3453 2826 3509 adversus
2852 3449 3124 3521 superbiaa
3153 3447 3292 3502 mala
3327 3437 3525 3514 propo-

1943 3556 2187 3612 nuntur;
2215 3561 2335 3616 quae
2363 3545 2408 3600 si
2440 3545 2565 3614 quis
2593 3545 2843 3613 accipere
2875 3542 3080 3607 renuit,
3112 3540 3334 3596 tertium
3363 3539 3522 3606 longe

1945 3637 2360 3695 acerbissimum
2395 3637 2688 3692 habiturus
2709 3645 2812 3691 est.

2013 3751 2100 3805 56.
2151 3748 2474 3820 Superbiam
2531 3749 2731 3803 tollunt
2780 3746 2990 3816 precari
3047 3761 3170 3800 cum
3229 3741 3518 3816 lacrymis.

1943 3851 2296 3896 contemnere
2330 3839 2628 3905 neminem,
2667 3839 2904 3908 denique
2937 3837 3136 3892 danma
3179 3845 3378 3908 praeter
3423 3851 3524 3890 vo-

1941 3933 2211 3988 luntatem
2246 3931 2572 3986 accidentia.

2009 4023 2098 4078 57.
2129 4024 2382 4078 Eruditio
2407 4038 2504 4092 per
2541 4023 2892 4089 teutationcs,
2922 4022 3070 4091 virga
3105 4020 3370 4090 spiritalis
3391 4029 3475 4073 est
3504 4035 3517 4072 :

1941 4130 2066 4170 eum
2111 4113 2386 4189 enim'qui
2431 4114 2486 4167 in
2534 4113 2792 4182 superbia
2825 4113 3214 4176 extollebatur,
3243 4111 3524 4165 humiliter

1941 4205 2148 4261 sentire
2187 4205 2367 4260 docet.

2008 4298 2097 4350 58.
2131 4295 2425 4366 Proprium
2470 4296 2672 4351 mentis
2703 4311 2841 4365 opus
2885 4304 2991 4355 est.
3022 4310 3090 4348 ne
3134 4293 3521 4363 cogitationem

1868 4381 1913 4435 D
1940 4387 2161 4456 quidem
2190 4387 2334 4442 ferre
2367 4387 2618 4456 proximo
2643 4389 2780 4442 clam
2816 4387 3235 4442 obtrectantan

2017 4477 2104 4531 59.
2142 4475 2304 4554 Sieut‘
2325 4476 2652 4533 hortulanus
2687 4495 2794 4532 non
2834 4476 3120 4532 cradicans
3149 4474 3376 4539 zizania,
3411 4476 3523 4530 suf-

1945 4563 2091 4619 foeat
2133 4565 2315 4630 olera;
2373 4565 2448 4620 ita
2491 4574 2547 4620 et
2579 4581 2736 4622 mens
2781 4566 3136 4636 cogitationes
3169 4581 3278 4620 non
3326 4566 3515 4636 puriti~

1944 4671 2097 4721 cans,
2121 4655 2388 4726 disperdit
2411 4657 2649 4712 labores.

2013 4746 2105 4800 40.
2158 4747 2254 4802 Vir
2299 4746 2664 4818 intelligentia
2708 4732 2988 4819 praeditus,
3043 4747 3289 4802 consiliis
3333 4759 3512 4818 paret,

1945 4835 2178 4891 maxime
2209 4835 2383 4906 patris
2413 4837 2719 4906 spiritualis
2747 4855 2810 4894 ea
2847 4853 2969 4908 quae
3003 4837 3097 4892 Dei
3143 4845 3292 4904 sunt,
3325 4853 3522 4892 consu-

1941 4928 2126 4982 lentis.
2493 4942 2499 4947 ·

2009 5019 2098 5074 41.
2153 5019 2330 5086 Quem
2375 5017 2698 5074 affectiones
2733 5035 2844 5074 suae
2894 5017 3284 5088 perdiderunt,
3335 5019 3520 5073 consi-

1940 5108 2072 5163 lium
2117 5124 2226 5162 uon
2259 5107 2436 5172 audit,
2467 5107 2564 5164 sed
2597 5117 2654 5164 et
2691 5109 2997 5180 spiritualis
3022 5093 3353 5163 eruditionis
3387 5125 3520 5164 cou-

1939 5198 2122 5252 silium
2153 5199 2378 5269 respuit.

2011 5289 2098 5344 42.
2137 5289 2240 5356 Qui
2267 5289 2562 5344 consilium
2590 5291 2816 5361 respuit,
2841 5291 2958 5346 vias
2986 5306 3112 5346 suas
3135 5307 3243 5347 nou
3270 5292 3519 5365 corrigit,

1942 5379 2036 5433 sed
2066 5396 2162 5450 per
2187 5388 2461 5450 praerupta
2495 5391 2550 5437 et
2578 5383 2877 5452 prmeipitia
2904 5382 3097 5437 fertur.
