3938 6148
190 311 330 380 1465

1563 313 1952 374 CENTURIA
1987 317 2086 378 1V.

3301 303 3442 370 1466

182 427 392 498 κρατεῖ,
447 422 720 478 πιστεύων
760 421 839 493 τῷ
875 420 1016 492 Θεῷ,
1065 420 1196 494 περὶ
1235 413 1310 495 ᾦν
1339 422 1750 494 ἠπείλησε,.καὶ

1891 443 1968 480 nn
1999 436 2055 482 et
2082 427 2333 484 timorem
2369 436 2476 490 est,
2510 425 2796 495 creditquc
2823 425 2934 479 Deo
2965 433 3072 479 tam
3109 423 3176 478 de
3202 422 3290 477 his
3318 440 3440 492 quae

184 519 311 591 περὶ
335 511 412 571 ὧν
437 515 824 586 ἐπηγγείλατο.

254 609 346 674 ξδ’.
381 602 454 678 ᾯ
503 605 660 676 ἐδόθη
708 605 911 668 πίστις,
936 605 1249 658 ἀπαιτείται
1282 605 1592 674 ἐγκράτεια·
1633 605 1756 674 ἥτις

185 699 512 772 χρονίζουσα
557 697 733 750 τίκτει
777 698 878 766 τὴν
922 697 1222 768 ὑπομονὴν,
1253 695 1368 761 ἕξιν
1397 683 1562 751 οὖσαν
1607 697 1755 764 φιλό·

187 806 348 846 πονον
355 831 369 844 .

207 859 227 894 1
257 878 343 946 ξεν.
403 879 639 950 Σημεῖον
676 879 1019 948 ὐπομονῆςή
1062 877 1172 932 τῶν
1225 878 1404 934 πόνων
1456 879 1629 950 φιλία,
1675 883 1756 944 είς

185 974 275 1038 οῦς
316 972 536 1046 θαρρῶν
563 971 594 1024 ὁ
633 969 762 1034 νοῦς
808 969 1019 1034 ἐλπίζει
1059 974 1246 1042 τυχεῖν
1274 971 1384 1025 τῶν
1411 972 1756 1044 ὲπηγγελμέ·

185 1083 310 1127 νων,
343 1067 440 1118 καὶ
463 1062 729 1130 ἐκφεύγει
759 1061 831 1114 τὰ
858 1061 1224 1132 ἠπειλημένα.

255 1156 361 1222 ξςν,
396 1151 702 1226 Προσδοκία
729 1152 840 1206 τῶν
873 1152 1176 1223 μελλόντων
1204 1153 1450 1224 ἀγαθῶν,
1495 1156 1752 1210 συνάπτει

185 1250 274 1302 τὸν
306 1250 433 1302 νοῦν
479 1249 594 1309 τοῖς
625 1243 1098 1316 προσδοκωμένοις
1120 1261 1135 1277 ·
1183 1247 1242 1298 ὲν
1273 1247 1454 1310 αὐτοῖς
1485 1246 1542 1298 δὲ
1571 1248 1756 1316 χρονί-

187 1337 291 1403 ζων
315 1335 734 1392 ἐπιλανθάνεται
763 1333 872 1388 τῶν
897 1335 1200 1406 παρόντων.

255 1428 350 1494 εξ.
399 1429 611 1482 Ῥίπτει
650 1424 720 1479 τὰ
750 1425 996 1497 παρόντα
1028 1428 1056 1480 6
1085 1426 1196 1481 τῶν
1225 1427 1596 1498 ἐλπιζομένων
1624 1445 1753 1497 γευ-

186 1519 436 1590 σάμενος·
459 1519 580 1572 ὃλον
609 1517 719 1588 γὰρ
738 1515 830 1568 τὸν
859 1516 1024 1570 πόθον
1061 1519 1121 1572 ὲν
1148 1519 1378 1584 ἐκείνοις
1396 1521 1681 1576 ἐκένωσεν.

250 1612 350 1682 ξη⁹.
386 1611 446 1664 Ὁ
473 1609 607 1672 Θεός
654 1607 802 1664 ἐστιν
829 1605 858 1658 6
890 1607 958 1670 τὰ
989 1608 1256 1678 μέλλοντα
1283 1611 1754 1682 ἐπαγγειλάμενος

183 1701 360 1771 ἀγαθά
385 1717 404 1732 σ
431 1693 476 1768 ᾧ
503 1701 534 1754 6
559 1695 832 1752 πιστεύων
859 1694 939 1759 ὡς
992 1700 1236 1768 παρόντα
1291 1701 1450 1755 ποθεῖ
1501 1703 1570 1756 τά
1619 1702 1752 1772 μὲλ-

86 1820 92 1826 ο
181 1792 356 1848 λοντα.
406 1815 417 1823 π

249 1883 346 1950 ξθ⁹.
378 1886 612 1956 Σημεῖόν
633 1887 729 1943 τοῦ
759 1889 818 1944 ὲν
847 1895 956 1956 τοῖς
986 1887 1362 1960 ὲλπιζομὲνοις
1389 1885 1612 1954 ἀγαθοῖς
1639 1887 1754 1940 δια-

181 1975 384 2045 τρίϐειν
417 1977 510 2030 τὸν
555 1979 702 2046 νοῦν,
742 1981 805 2034 τὸ
851 1983 1022 2053 λήθην
1055 1981 1152 2051 μὲν
1195 1979 1464 2032 ποιεῖσθαι
1513 1977 1750 2044 παντελῆ

181 2065 289 2118 τῶν
333 2067 608 2134 ἐνταῦθα,
663 2071 1031 2125 πλατύνεσθαι
1060 2071 1117 2125 δὲ
1162 2069 1322 2123 αὐτὸν
1372 2071 1429 2123 ὲν
1457 2071 1523 2138 τῇ
1553 2065 1754 2136 γνώσει
1795 2135 1804 2146 κ

181 2155 286 2208 τῶν
319 2156 642 2226 μελλόντων.

247 2250 494 2322 mdia“)
524 2254 556 2320 ή
587 2253 836 2325 ἀλήθεια,
869 2255 938 2327 ἠν
981 2257 1010 2308 6
1036 2255 1169 2316 Θεὸς
1198 2251 1437 2307 διδάσκει
1489 2251 1590 2318 τῆς
1629 2248 1756 2319 ἀλη-

184 2339 348 2408 θείας,
382 2344 713 2398 ἀπεντεῦθεν
757 2347 1121 2418 πληροφορῶν
1157 2346 1257 2417 τὴν
1301 2343 1520 2413 θεοφιλῆ
1550 2343 1748 2423 ψυχήν.

248 2533 348 2580 οα’.
397 2527 764 2599 ’Υπεραιώνια
798 2527 939 2585 εῖναι
983 2532 1077 2585 καὶ
1131 2531 1238 2602 πρὸ
1285 2531 1486 2590 παντὸς
1534 2528 1750 2592 αἰῶνος,

183 2619 272 2670 καὶ
303 2619 442 2689 ὑπὲρ
475 2620 600 2675 νοῦν
631 2623 727 2676 καὶ
753 2622 934 2688 λόγον,
963 2623 1407 2692 τὰ“άποκείμενα
1436 2620 1610 2688 ἀγαθά
1641 2622 1753 2682 τοῖς

179 2712 539 2781 κληρονόμοις
565 2713 665 2782 τῆς
696 2714 1047 2782 ἐπαγγελίας.

245 2801 342 2871 οβ’.
385 2803 766 2875 Ῥυθμίσωμεν
799 2805 1026 2868 ἑαυτοὺς
1077 2805 1188 2868 τοῖς
1221 2805 1408 2858 κανόσι
1451 2805 1551 2874 τῆς
1595 2803 1751 2856 εὐσε-

177 2890 351 2956 6είας.
390 2891 479 2948 ἵνα
511 2895 586 2966 μὴ
616 2897 696 2958 εἰς
742 2895 891 2966 πάθη
943 2893 1396 2966 παρατραπέντες
1429 2893 1752 2962 ἐκπέσωμεν

176 2982 274 3052 τῆς
305 2982 544 3048 ἐλπίδος.

1857 519 2246 576 interminatus
2280 529 2386 586 est,
2413 535 2578 591 quam
2608 533 2730 588 quae
2755 517 3028 588 promisit.
3073 555 3096 567 ι

1925 608 2013 663 64.
2045 609 2145 665 Cui
2186 611 2323 668 ﬁdes
2365 589 2491 666 data
2525 621 2628 674 est,
2667 609 2738 664 ab
2780 622 2848 663 eo
2878 606 3219 663 continentia
3261 589 3463 678 eligi--

1859 710 1981 767 tur;
2031 718 2155 772 quae
2195 703 2516 774 aliquandiu
2550 702 2824 758 custodita
2872 700 3046 771 gignit
3093 700 3434 772 patientiam,

1855 787 2108 846 habitum
2135 791 2204 846 ad
2237 793 2480 848 laborem
2517 792 2832 863 impigrum.
2979 798 2987 806 '

1925 883 2017 938 65.
2047 883 2278 955 Signum
2319 885 2598 956 patientiae
2623 895 2708 941 est
2739 900 2896 940 amor
2927 882 3204 948 laborum,
3233 883 3436 952 quibus

1857 975 1994 1031 freta
2038 993 2195 1032 mens
2231 987 2438 1047 sperat,
2481 993 2540 1032 se
2581 983 2958 1032 assecuturam
3003 989 3127 1044 quae
3165 972 3436 1042 promissa

1857 1077 2008 1134 sunt,
2037 1079 2094 1124 et
2122 1069 2357 1123 evadere
2385 1083 2506 1137 quae
2533 1067 2885 1122 comminata.

1925 1159 2015 1214 66.
2065 1159 2416 1228 Exspectatio
2462 1157 2780 1212 futurorum
2829 1155 3142 1216 bonorum,
3191 1158 3430 1206 mentem

1855 1253 2018 1307 bonis
2080 1253 2412 1322 exspectatis
2472 1249 2785 1320 coniungit,
2839 1249 3043 1319 quibus
3091 1244 3434 1300 immorando

1855 1345 2208 1414 praesentium
2240 1343 2610 1414 obliviscitur.
2669 1394 2671 1396 .

1925 1436 2014 1490 67.
2043 1409 2356 1491 Ριοξεεθηιὶἕ
2371 1435 2549 1504 rejicit
2573 1433 2668 1502 qui
2699 1433 2936 1504 gustavit
2959 1446 3023 1486 ea
3059 1445 3181 1500 quae
3207 1443 3435 1498 sperau-

1857 1535 1948 1584 tur
1979 1546 1992 1583 :
2019 1543 2185 1584 omne
2218 1529 2369 1583 enim
2399 1527 2734 1582 desiderium
2764 1525 2821 1578 in
2855 1524 2974 1578 brec
3001 1521 3290 1590 impendit.

1925 1621 2014 1676 68.
2047 1621 2193 1675 Deus
2221 1619 2338 1689 ipse
2363 1627 2450 1673 est
2473 1618 2568 1688 qui
2600 1617 2785 1672 futura
2815 1615 2962 1670 bona
2995 1613 3319 1684 pollicetur;
3345 1614 3434 1668 cui

1855 1712 1900 1767 si
1945 1711 2238 1768 continens
2279 1709 2490 1775 credat,
2539 1709 2727 1764 futura
2770 1707 2925 1778 quasi
2966 1705 3256 1776 praesentia
3289 1705 3435 1760 desi-

1855 1803 2036 1860 derat.

1923 1897 2012 1952 69.
2047 1895 2273 1966 Signum
2305 1902 2413 1960 est,
2447 1903 2687 1949 mentem
2735 1893 2790 1946 in
2840 1890 3005 1945 bonis
3044 1905 3165 1959 qme
3209 1903 3438 1957 speran-

1855 1997 1969 2054 tur,
1991 1989 2224 2052 versari,
2247 1989 2292 2043 si
2320 2003 2539 2042 omnem
2573 1985 2926 2056 przesentium
2956 1983 3274 2037 memoriam
3301 1981 3436 2036 abo-

1855 2083 1952 2147 let,
1986 2091 2043 2136 et
2078 2083 2131 2137 in
2167 2081 2480 2154 cognitione
2524 2079 2841 2134 futurorum
2871 2076 3153 2132 dilatatur.

1925 2256 2010 2311 70.
2055 2257 2203 2311 Bona
2237 2265 2320 2312 est
2347 2257 2558 2310 veritas
2582 2261 2745 2325 quam
2773 2253 2939 2308 docet
2980 2253 3127 2308 Deus
3152 2252 3433 2316 veritatis;
3503 2255 3508 2260 ’

1856 2349 2151 2418 persuadet
2179 2349 2328 2403 enim
2373 2347 2626 2418 pluribus
2655 2345 2993 2416 argumentis
3021 2345 3165 2415 piam
3197 2344 3436 2399 animam

1855 2447 1917 2492 ut
1947 2437 2156 2492 credat.
2548 2445 2584 2461 ‘

1927 2533 2013 2586 71.
2043 2532 2190 2585 Bona
2212 2528 2680 2599 «repromissionis
2717 2527 3096 2582 hereditatem
3128 2521 3438 2592 accepturis

1854 2624 2114 2692 reposita,
2139 2639 2305 2693 super
2330 2621 2528 2677 smeula
2553 2636 2699 2686 esse,
2726 2629 2781 2674 et
2805 2628 2932 2674 ante
2955 2632 3126 2688 omne~
3153 2616 3434 2677 saeculum,

1853 2729 2129 2782 supraque
2157 2725 2396 2767 mentem
2425 2721 2480 2766 et
2511 2711 2802 2765 rationem.

1926 2804 2012 2858 72.
2049 2804 2388 2874 Adaptemus
2415 2818 2518 2858 uos
2549 2802 2755 2872 regulis
2794 2815 2942 2856 verae
2981 2797 3224 2868 pietatis,
3259 2811 3329 2852 ne
3367 2795 3436 2850 ab

1853 2895 2147 2950 adectibus
2181 2894 2432 2950 subversi
2469 2909 2566 2964 spe
2603 2891 2943 2949 excidemus.

246 3081 346 3140 ογθ.
364 3157 372 3159 _
389 3075 596 3144 Ἰησοῦς
615 3078 765 3130 ἐστιν
798 3077 828 3131 6
856 3077 1090 3148 Χριστὸς
1119 3079 1148 3131 6
1166 3071 1247 3140 εἷς
1273 3078 1373 3148 τῆς
1405 3077 1563 3146 ἀγίας
1587 3077 1750 3148 Τριά-

1923 3077 2011 3132 73.
2039 3079 2200 3134 Jesus
2233 3085 2319 3134 est
2345 3077 2600 3133 Christus
2643 3092 2786 3131 unus
2821 3090 2888 3131 ex
2915 3079 3105 3128 sancta
3143 3069 3434 3135 Trinitate,

173 3165 285 3230 δος,
313 3157 376 3218 οῦ
407 3167 501 3219 καὶ
531 3168 972 3239 συγκληρονόμος
1005 3167 1222 3240 μέλλεις
1252 3169 1496 3224 ἔσεσθαι.

255 3257 351 3312 οδ’.
394 3259 454 3313 '0
500 3259 598 3328 τὴν
630 3259 834 3329 γνῷσιν
874 3260 984 3314 τῶν
1037 3261 1205 3316 ὄντων
1257 3261 1410 3332 παρά
1435 3259 1570 3313 Θεοῦ
1598 3259 1746 3312 διδα-

163 3346 410 3420 χθεὶξού
440 3350 722 3406 δυσπιστεϊ
749 3355 817 3424 τῇ
861 3352 1052 3424 Γραφῇ
1087 3351 1218 3422 περὶ
1257 3351 1367 3406 τῶν
1410 3349 1747 3422 προειρημέ-

177 3459 308 3494 νων.

246 3533 340 3586 σε’.
372 3531 518 3586 Νοῦν
547 3533 736 3588 παθῶν
765 3534 1122 3605 γυμνωθέντα
1149 3534 1404 3604 εὑρίσκον
1430 3533 1492 3587 τὸ
1521 3530 1750 3600 Πνεῦμα

165 3623 232 3678 τὸ
261 3623 439 3692 ἀγιον,
481 3627 831 3694 μυσταγωγεῖ
859 3626 1021 3680 αὐτὸν
1047 3625 1329 3694 ἀναλόγως
1359 3625 1489 3696 napi.
1526 3625 1748 3678 πάντων

165 3717 283 3770 τῶν
310 3716 700 3787 ἐλπιζομένων.

241 3813 354 3872 ος’.
387 3807 467 3878 Τῇ
498 3807 764 3880 ἀναλογίᾳ
801 3808 903 3878 τῆς
934 3806 1028 3861 τοῦ
1059 3807 1154 3862 νοῦ
1177 3807 1498 3878 καθάρσεως
1529 3807 1622 3860 καὶ
1650 3805 1750 3876 τὴν

165 3898 282 3952 τῶν
312 3897 476 3954 θείων
503 3899 706 3967 γνῶσιν
737 3903 770 3970 ὴ
801 3899 947 3970 ψυχὴ
999 3901 1336 3971 χορηγεῖται.

239 3989 338 4054 οζν.
381 3990 441 4046 '0
466 3990 526 4044 τὺ
555 3991 718 4062 σῶμα
747 3992 1062 4056 κανονίσας,
1094 3991 1192 4046 καὶ⁸
1219 3987 1366 4061 ὲντῇ
1398 3989 1600 4058 γνώσει
1629 3989 1750 4044 δια-

163 4081 399 4154 τρίεων,
431 4083 522 4137 ὑπ’
553 4083 725 4160 αὐτῆς
756 4083 856 4154 τῆς
883 4084 1140 4153 γνώσεως
1168 4083 1451 4136 ὲπιπλεῖον
1489 4082 1751 4154 καθαίρε-

163 4191 283 4230 ται.

235 4265 343 4339 οη’,.
374 4267 521 4330 Νοῦς
550 4267 853 4338 ἀρχόμενος
879 4267 948 4322 τά
993 4269 1111 4322 θεῖα
1141 4266 1472 4336 φιλοσοφεῖν,
1507 4267 1618 4324 ἀπὸ
1657 4267 1751 4322 πί-

163 4374 344 4420 στεως
373 4357 620 4428 ἄρχεται,
653 4360 750 4412 καὶ
794 4359 865 4412 δι’
901 4359 1078 4414 αὐτῶν
1125 4360 1184 4412 ὲν
1217 4359 1368 4429 μέσῳ
1416 4359 1638 4428 ὁδεύων,
1668 4361 1750 4424 εἰς

114 4513 128 4526 ‘
161 4447 269 4521 τὴν
299 4449 484 4502 πίστιν
506 4449 668 4504 πάλιν
698 4451 998 4522 καταλήγει
1025 4451 1124 4520 τὴν
1155 4451 1458 4522 ἀνωτάτην.

135 4617 138 4623 ’
233 4618 340 4674 σθ’.
371 4617 669 4691 Θεωρεῐται
697 4621 765 4688 τῇ
799 4619 896 4688 μὲν
927 4619 1070 4688 ἀρχῇ
1103 4617 1205 4686 τῆς
1237 4615 1553 4686 φιλοσοφίας
1584 4618 1749 4688 φόϐος

157 4711 434 4782 ἑπόμενος
451 4751 468 4778 ,
493 4709 571 4780 τῷ
601 4709 659 4763 δὲ
687 4709 834 4762 τέλει
862 4707 1053 4779 ἀγάπη
1088 4709 1499 4780 προηγουμένη.

237 4808 320 4856 π’.
388 4802 486 4855 Ἐκ
534 4801 774 4865 πίστεως
805 4801 906 4870 τῆς
948 4799 1254 4872 προσεχοῦς
1290 4802 1320 4854 6
1361 4799 1485 4865 νοῦς
1517 4802 1751 4874 ἀρχόμε-

155 4913 257 4958 νος
287 4893 609 4963 φιλοσοφίαν
655 4896 736 4958 si;
780 4891 879 4962 τὴν
923 4891 1122 4956 παντὸς
1153 4887 1411 4946 ἐπέκεινα
1455 4893 1547 4947 νοῦ
1582 4912 1748 4949 κατα-

159 4985 331 5054 λήγει
362 4981 668 5052 θεολογίαν,
701 4983 770 5052 ﬁs
799 4981 1032 5052 ἀληστον
1062 4981 1250 5034 πίστιν
1279 4981 1376 5035 καὶ
1417 4983 1750 5054 πράγματος

155 5075 415 5146 ἀφανοῦς
443 5075 679 5144 θεωρίαν
709 5075 978 5144 ὁρίζουσι.

236 5173 360 5222 πα’.
406 5167 470 5220 Ol
509 5167 642 5235 περὶ
679 5155 814 5220 Θεοῦ
839 5166 986 5234 λόγοι
1017 5165 1118 5219 οὐκ
1161 5165 1225 5218 ὲκ
1257 5163 1367 5218 τῶν
1412 5166 1532 5218 κατ’
1559 5168 1748 5233 αὐτὸν,

153 5259 286 5314 ἀλλ’
316 5261 382 5314 ὲκ
421 5259 534 5314 τῶν
579 5259 710 5330 περὶ
758 5259 922 5313 αὐτὸν
949 5261 1062 5321 τοῖς
1111 5257 1289 5326 ἁγίοις
1331 5258 1424 5310 καὶ
1457 5262 1748 5331 μακαρίοις

154 5351 330 5424 ἡμῶν
352 5351 605 5422 Πατράσι¹
623 5349 970 5418 θεωροῦνται.

235 5441 356 5511 πβ¹.
392 5439 656 5496 Νοοῦνται
705 5440 764 5494 δὲ
819 5443 868 5495 οἱ
929 5442 1055 5512 περὶ
1110 5442 1300 5504 αὐτὸν,
1350 5443 1508 5513 δῆλον
1535 5447 1615 5499 ὅτι
1658 5449 1748 5500 τὸν

158 5534 329 5595 Θεὸν,
383 5533 584 5597 πάντες
626 5532 776 5602 λόγοι
807 5573 821 5598 ,
854 5534 902 5586 oi
937 5534 1036 5604 μὲν
1070 5536 1210 5588 κατὰ
1240 5534 1409 5600 θέσιν,
1442 5539 1490 5589 οἱ
1520 5537 1576 5591 δὲ
1607 5541 1749 5592 κατὰ

161 5622 496 5692 ἀφαίρεσιν,
524 5619 632 5676 οἷον
645 5659 660 5674 .

243 5711 362 5777 πγ’.
405 5714 474 5766 Ἢ
499 5715 677 5777 οὐσία,
713 5714 746 5784 ἡ
777 5713 988 5783 θεότης,
1015 5716 1047 5784 ἡ
1080 5715 1370 5784 ἀγαθὸτης,
1403 5716 1494 5768 καὶ
1525 5717 1626 5772 ὅσα
1656 5720 1747 5774 ἄλ-

1843 3171 2012 3238 'cujus
2035 3172 2198 3226 etiam
2231 3172 2406 3226 heres
2434 3170 2656 3226 futurus
2683 3185 2763 3224 es.

1930 3263 2016 3317 74.
2045 3263 2147 3329 Qui
2175 3263 2462 3318 scientiam
2497 3261 2566 3316 de
2592 3261 2661 3314 iis
2685 3275 2806 3328 qua:
2834 3268 2964 3312 sunt
2989 3272 3018 3310 a
3057 3257 3192 3319 Deo,
3218 3253 3436 3322 didicit,
3525 3313 3536 3322 ,

1835 3354 2238 3426 'Scripturae'de
2262 3351 2541 3424 praedictis
2563 3350 2710 3404 haud
2739 3347 2962 3403 dillicile
2991 3346 3186 3404 credit.

1921 3528 2008 3583 75.
2049 3529 2284 3583 Mentem
2315 3526 2386 3582 ab
2433 3523 2821 3579 allectionibus
2849 3531 3094 3582 exulem,
3129 3519 3436 3588 comperies

1849 3635 1879 3674 a
1924 3619 2131 3687 Spiritu
2183 3628 2374 3672 sancto
2418 3615 2816 3671 convenienter
2845 3613 2912 3669 ad
2941 3611 3129 3669 omnia
3157 3627 3280 3680 qua:
3307 3625 3436 3681 spe-

1851 3721 2064 3774 rantur,
2105 3710 2312 3765 doceri.

1921 3785 2006 3858 76.
2057 3801 2134 3857 Ad
2183 3799 2597 3882 proportionem
2649 3795 2850 3852 mentis
2892 3796 3212 3868 puriﬁcatze,
3253 3794 3436 3849 anima

1851 3895 2165 3950 divinorum
2191 3892 2562 3962 cognitionem
2591 3889 2810 3959 recipit.

1921 3985 2148 4052 77.'Qni
2191 3985 2257 4039 ad
2301 3984 2505 4053 justam
2537 3980 2781 4050 regulam
2812 3991 3014 4046 corpus
3053 3974 3434 4038 assuefecerit,

1851 4077 1907 4132 in
1937 4075 2164 4132 scientia
2205 4071 2544 4136 versabitur,
2573 4083 2672 4139 per
2713 4081 2880 4137 quam
2918 4072 2975 4120 et
3007 4063 3246 4132 amplius
3278 4060 3434 4129 puri.

1851 4171 2192 4315 ﬁcgii‘jriilens
2229 4271 2352 4326 qua:
2392 4255 2446 4309 in
2479 4252 2665 4306 divina
2707 4246 3054 4319 philosophia
3086 4257 3347 4298 exercere
3375 4256 3434 4295 se

1852 4353 2066 4421 incipit,
2105 4366 2135 4404 a
2171 4349 2276 4403 ﬁde
2321 4345 2674 4415 auspicatur;
2715 4349 2772 4396 et
2818 4339 3094 4394 transiens
3131 4351 3194 4389 ea
3225 4348 3346 4401 qua:
3379 4332 3434 4386 in

1775 4463 1820 4518 ο
1857 4446 2038 4499 medio
2096 4443 2458 4513 interiacent,
2525 4439 2582 4492 in
2650 4450 2920 4492 summam
2983 4446 3176 4486 rursus
3231 4428 3438 4483 desinit

1852 4538 2038 4591 ﬁdem.

1921 4627 2008 4680 79.
2051 4625 2225 4695 ilujus
2272 4617 2635 4692 philosophiae
2680 4613 3013 4686 principium
3059 4610 3225 4664 timor
3253 4608 3434 4678 sequi.

1850 4717 2012 4770 ﬁnem
2047 4729 2179 4768 vero
2227 4711 2470 4768 charitas
2501 4703 2812 4778 praecedere
2845 4703 3117 4758 cernitur.

1918 4809 2004 4864 80.
2042 4808 2192 4862 Mens
2224 4822 2346 4876 qua:
2390 4821 2420 4860 a
2450 4802 2632 4859 stabili
2669 4799 2772 4854 fide
2803 4797 3106 4859 exorditur,
3137 4795 3279 4849 ultra
3314 4809 3437 4847 om-
3483 4782 3486 4785 ’

1850 4919 1974 4958 nem
2023 4910 2107 4956 est
2149 4897 2578 4970 philosophiam,
2630 4892 2945 4960 desinitquc
2997 4890 3052 4944 in
3105 4887 3435 4956 theologiam

1851 4993 2073 5054 mentis,
2120 5007 2284 5060 quam
2328 4988 2600 5062 deﬁniunt
2643 4984 2781 5039 nulli
2828 4980 3123 5036 obnoxiam
3169 4975 3434 5033 oblivioni

1851 5085 2036 5144 ﬁdem,
2068 5091 2125 5136 et
2157 5081 2448 5151 incognita:
2475 5079 2551 5132 rei
2581 5073 3128 5144 contemplationem.

1921 5177 2009 5231 Si.
2056 5176 2237 5230 Verba
2285 5172 2490 5243 quibus
2520 5169 2666 5224 beati
2697 5166 2985 5236 sanctique
3023 5162 3215 5218 Patres
3259 5161 3432 5217 nostri

1851 5269 1919 5324 dc
1944 5269 2057 5323 Deo
2083 5265 2436 5321 considerant
2463 5271 2520 5316 et
2562 5262 2887 5332 loquuntur,
2913 5273 3026 5312 non
3069 5271 3137 5312 ex
3182 5255 3271 5310 bis
3313 5270 3435 5325 qua:

1850 5377 1948 5430 per
1984 5361 2183 5429 ipsum,
2207 5357 2313 5412 ’sed
2345 5371 2468 5426 quae
2505 5355 2655 5408 circa
2685 5352 2886 5422 ipsum,
2915 5349 3216 5430 accipiunt.

1921 5425 2016 5506 8%.
2041 5449 2236 5507 Omnia
2275 5425 2459 5504 autem
2486 5447 2651 5501 verba
2681 5459 2802 5514 qua!
2834 5445 2978 5500 circa
3005 5425 3211 5500 Deum?
3232 5441 3441 5495 intelli-

1851 5551 2054 5610 guntur
2109 5543 2197 5596 vel
2260 5556 2357 5610 per
2415 5532 3431 5604 allirrnationem,relpernegationem

1852 5635 2018 5689 dicta.
2358 5671 2367 5676 -

1925 5729 2012 5782 85.
2042 5727 2312 5793 Essentia,
2341 5723 2548 5791 ‘dcitas,
2580 5721 2816 5788 bonitas,
2845 5727 2900 5776 et
2941 5732 3287 5790 quaecunque
3315 5719 3437 5790 alia,
