3938 6148
174 291 314 358 1469

1546 284 1938 349 CENTURIA
1975 288 2073 350 IV.

3319 239 3452 344 14ῖό

241 407 344 469 ῑιεν.
395 383 725 466 Ἀδιαίρεαέον
746 393 801 446 δὲ
832 393 932 463 τὴν
965 392 1091 463 μίαν
1127 391 1358 462 θεότητα
1389 389 1486 458 τῆς
1525 389 1747 460 Τριὰδο;

1885 411 1890 418 ’
1931 393 2018 448 95.
2047 395 2222 450 Unam
2253 401 2436 448 autem
2463 391 2751 446 Trinitatis
2793 389 3052 444 deitatem
3101 387 3438 458 inseparabi-

169 493 525 562 φυλάττουσι,
562 489 656 543 καὶ
704 485 1045 556 ἀσυγχύτους
1074 485 1173 548 τὰς
1224 485 1374 555 τρεῖς
1424 483 1753 544 ὑποστάσεις

168 577 272 642 τῆς
311 580 444 644 μιᾶς
483 577 740 646 θεότητος
784 573 1124 644 διατηροῦσι.

241 670 358 738 ιιςσ.
401 669 692 737 ’ἰδιότητας
737 665 794 719 δὲ
847 663 944 717 τοῦ
983 664 1082 734 μὲν
1127 661 1366 732 Πατρδς,
1417 660 1478 714 τὸ
1517 660 1751 728 ἄναρχον

169 765 266 819 καὶ
291 762 592 830 ἀγέννὴτον
623 758 871 826 λέγουσι·
905 755 1000 808 τοῦ
1027 755 1082 807 δὲ
1123 753 1255 806 Υἱοῦ
1279 752 1341 806 τὸ
1375 754 1432 806 ὲν
1462 753 1627 822 ἀρχῇ,
1657 751 1753 804 καὶ

166 856 232 908 τὸ
259 848 542 921 γεννητόν.
573 846 680 900 Τοῦ
715 846 772 898 δὲ
807 846 938 898 Υἱοῦ
969 846 1064 897 καὶ
1106 843 1200 896 τοῦ
1241 842 1398 910 ἁγίου
1434 842 1752 910 Πνεύματος

166 944 231 999 οὗ
263 941 520 1013 χρονικὴν
546 939 766 1006 λέγουσι
805 937 904 1007 τὴν
935 936 1133 1007 ἀρχήν.
1155 935 1277 997 Πῶς
1313 935 1454 1004 γάρ;
1489 933 1627 988 ἀλλὰ
1654 934 1754 1000 τὴν

167 1035 342 1105 αὐτὴν
370 1031 647 1102 δηλοῦσιν,
678 1029 738 1094 ἐξ
762 1024 850 1098 ἧς,
871 1028 946 1091 ὼς
977 1027 1037 1091 ἐξ
1072 1026 1222 1095 ἡλίου
1243 1026 1304 1078 τὸ
1330 1025 1466 1094 φῶς,
1497 1024 1670 1086 οὕτως
1696 1023 1755 1088 ἐξ

165 1126 340 1178 ἀϊδίου
371 1123 470 1192 τὴν
501 1119 736 1190 ὓπαρξιν
768 1120 1001 1188 ἔχουσιν.
1045 1117 1134 1184 Ἐξ
1167 1117 1336 1187 αὐτῆς
1373 1116 1482 1186 γὰρ
1521 1115 1640 1168 κατ’
1665 1117 1754 1166 οὑ-

168 1218 315 1279 σίαν,
350 1215 398 1266 εἰ
429 1213 524 1266 καὶ
560 1211 635 1282 μὴ
670 1212 787 1280 μετ’
817 1210 1009 1280 αὐτὴν.

242 1396 346 1464 ις’.
393 1395 458 1447 Ἡ
493 1392 688 1461 ἰδιότης
719 1389 879 1443 πάλιν
907 1389 1016 1440 τῶν
1061 1386 1434 1450 ὑποστάσεων,
1493 1374 1770 1455 ἀκίνητοξ

166 1491 266 1544 καὶ
294 1487 689 1559 ἀμετάπτωτος
748 1485 878 1553 παρ’
925 1482 1110 1544 αὐτοῖς
1168 1479 1534 1548 φυλάττεται·
1591 1478 1750 1546 καὶὴ

165 1581 418 1651 κοινότης
443 1579 502 1634 δὲ
521 1578 623 1648 τῆς
653 1576 864 1639 οὐσίας,
895 1574 1062 1644 ΙΙλγουν
1093 1571 1286 1642 θεότης
1315 1570 1644 1640 ἀδιαίρετος.

1855 485 1962 539 lem
1985 486 2326 550 custodiunt,
2354 494 2411 540 et
2435 483 2750 538 inconfusas
2783 491 2895 535 tres
2934 480 3260 550 hypostases
3286 479 3454 534 unius

1853 576 2072 630 deitatis
2096 583 2442 632 conservant.

1925 664 2012 718 96.
2037 665 2414 734 PrOprictates
2438 664 2618 718 Patris
2641 664 2856 726 dicunt,
2883 677 2992 715 non
3021 677 3142 715 esse
3174 659 3446 730 genitum,

1853 766 1909 812 et
1935 772 2056 812 esse
2087 757 2156 812 ab
2193 757 2370 812 initio.
2403 757 2526 810 Filii
2552 772 2684 810 vero
2709 771 2829 810 esse
2858 755 2912 807 in
2947 753 3218 822 principio
3245 761 3302 806 et
3327 767 3450 817 esse

1853 849 2123 918 genitum.
2159 849 2226 902 At
2254 847 2496 917 Spiritus
2535 847 2732 911 sancti,
2759 861 2886 900 cum
2929 844 3206 914 principio
3240 859 3362 897 esse
3392 850 3449 896 et

1857 941 2176 1010 procedere.
2205 939 2541 1008 Principium
2567 949 2750 992 autem
2779 937 2901 991 Filii
2927 946 2984 990 et
3007 935 3248 1006 Spiritus
3270 933 3447 990 sancti

1854 1047 1965 1084 non
1994 1030 2294 1099 temporale
2323 1031 2534 1083 dicunt.
2567 1029 2674 1083 Sed
2721 1028 3038 1098 quomodo?
3079 1042 3300 1081 causam
3333 1041 3450 1080 ma-

1856 1120 2138 1183 nifestam,
2189 1137 2256 1174 ex
2313 1134 2442 1188 qua,
2502 1119 2648 1173 sicut
2704 1135 2768 1173 ex
2829 1119 2944 1172 sole
3002 1118 3208 1180 lumen,
3255 1116 3335 1171 sic
3379 1131 3446 1170 ex

1856 1212 2196 1279 sempiterno
2239 1210 2616 1266 cxsistentiam
2657 1210 2882 1264 habent.
2915 1209 2994 1262 Ex
3028 1209 3148 1274 ipso
3178 1206 3329 1262 enim
3363 1223 3450 1262 se-

1856 1303 2097 1356 cundum
2132 1303 2449 1364 essentiam,
2483 1318 2593 1355 non
2624 1301 3017 1372 post-ipsam...

1925 1393 2014 1449 97.
2046 1393 2364 1462 Proprietas
2424 1393 2555 1446 item
2613 1392 2980 1461 hypostaseon
3011 1391 3078 1443 ab
3106 1391 3239 1460 ipsis
3267 1405 3450 1444 scrva-

1857 1493 1950 1539 tur
1977 1485 2278 1540 immobilis
2298 1494 2353 1539 et
2376 1484 2612 1545 stabilis,
2640 1484 2808 1552 inque
2831 1483 3056 1536 alteram
3081 1479 3446 1535 non‘cadens.

1853 1579 2234 1636 Communitas
2265 1593 2396 1632 vero
2438 1577 2714 1641 essentne,
2739 1575 2918 1630 deitas
2943 1573 3202 1628 videlicet
3235 1573 3454 1642 insepa-

1857 1671 2068 1726 rabilis.

171 1755 184 1768 ’
243 1764 352 1830 ιιηῆ
397 1756 618 1813 Μονάδα
669 1757 726 1808 ἒν
775 1754 988 1825 Τριάδι,
1045 1753 1139 1806 καὶ
1187 1751 1392 1823 Τριάδα
1447 1751 1504 1802 ἐν
1561 1747 1747 1818 μονάδι

1925 1765 2014 1819 98.
2050 1765 2328 1820 Unitatem
2361 1762 2416 1816 in
2442 1760 2730 1822 Trinitate,
2775 1769 2831 1812 et
2873 1757 3202 1811 Trinitatem
3240 1757 3295 1810 in
3327 1755 3450 1809 uni-

163 1850 562 1926 όμο).ογοῢμεν,
596 1850 672 1912 ὡς
698 1847 1086 1919 διαιρουμένην
1117 1845 1460 1916 ἀδιαιρέτως,
1495 1846 1588 1897 καὶ
1623 1859 1748 1894 συν-

165 1945 489 2015 απτομένην
511 1941 879 2014 διῃρημένως.

242 2037 347 2104 ιιθκ
394 2035 592 2106 Ἀρχὴν
612 2033 669 2086 δὲ
699 2031 829 2102 μίαν
854 2029 964 2084 τῶν
989 2029 1126 2084 ὅλων
1145 2030 1236 2082 τὸν
1264 2028 1486 2098 Πατέρα
1519 2027 1746 2088 οἴδασιν,

163 2129 262 2182 τοῦ
301 2127 399 2198 μὲν
424 2125 557 2178 Υἱοῦ
587 2125 684 2178 καὶ
712 2123 807 2176 τοῦ
835 2121 1172 2193 Πνεύματος,
1201 2121 1278 2184 ὡς
1306 2122 1630 2190 γεννήτορα,
1654 2119 1748 2171 καὶ

165 2222 242 2286 ὡς
271 2220 454 2290 πηγὴν
497 2207 669 2272 ἆῖδιον
724 2215 820 2269 καὶ
861 2214 1189 2284 συνάπειρον
1223 2213 1315 2268 καὶ
1352 2215 1625 2285 ἀόριστον,
1655 2213 1748 2266 καὶ

163 2314 479 2384 όμοούσιον,
520 2311 613 2364 καὶ
644 2307 968 2379 ἀχώριστον.
1004 2307 1124 2360 Τῶν
1171 2307 1230 2360 δὲ
1283 2306 1622 2375 κτισμάτων,
1674 2305 1749 2367 ὡς

163 2405 500 2476 δημιουργὸν
527 2403 622 2457 καὶ
650 2399 979 2472 προνοητὴν,
1016 2403 1112 2454 καὶ
1141 2400 1334 2470 κριτὴν
1361 2400 1429 2452 δι’
1471 2399 1624 2461 Tia-3,
1656 2398 1749 2466 δη-

165 2495 300 2568 λαδὴ
327 2497 385 2547 ἐν
406 2493 547 2563 ἁγίῳ
597 2491 898 2560 Πνεύματι.
947 2490 1050 2554 Ἐξ
1078 2491 1266 2544 αὑτοῦ
1293 2489 1424 2558 γὰρ,
1463 2489 1616 2557 φησὶ,
1651 2487 1748 2540 ναὶ

164 2586 240 2639 δι’
269 2583 480 2645 αὑτοῦ,
516 2582 612 2636 καὶ
637 2585 724 2648 είς
744 2581 932 2636 αὑτὸν
972 2581 1043 2634 τὰ
1068 2579 1286 2635 πάντα.
1314 2579 1485 2644 Αὐτῷ
1517 2581 1555 2648 ἡ
1599 2579 1749 2643 δόξα

164 2681 254 2746 εἰς
293 2678 430 2744 τοὺς
463 2675 714 2741 αἰῶνας.

240 2863 306 2928 ρ’.
335 2856 587 2911 Συναῖδια
637 2856 798 2908 πάλιν
849 2854 1070 2922 λέγουσι
1117 2852 1194 2924 τῷ
1245 2854 1418 2922 "arpi
1460 2852 1553 2904 τὸν
1595 2853 1744 2916 Υἰῦν,

169 2952 262 3006 καὶ
294 2950 354 3002 τὸ
390 2948 612 3018 Πνεῦμα
637 2948 704 3002 τὸ
736 2947 912 3016 ἅγιον,
941 2947 1002 3000 οὐ
1037 2948 1348 3018 συνάναρχα
1377 2946 1464 2999 δέ’
1501 2948 1596 2999 καὶ
1623 2963 1750 2999 συν-

1854 1864 1966 1909 tate
2015 1855 2365 1915 confitemur,
2426 1861 2616 1922 utpote
2657 1867 2779 1920 qua!
2828 1857 3045 1918 separet
3083 1848 3446 1918 inseparatos,

1853 1957 1910 2002 et
1939 1947 2242 2017 conjungat
2271 1953 2575 2016 separatos.

1925 2040 2014 2095 99.
2049 2039 2390 2108 Principium
2417 2047 2600 2092 autem
2627 2051 2796 2090 unum
2821 2034 3069 2088 omnium
3095 2033 3312 2087 Patrem
3341 2031 3450 2088 sci-

1853 2149 1996 2187 Inus.
2033 2133 2100 2186 Et
2127 2132 2460 2202 principium
2485 2129 2707 2199 quidem
2739 2127 2862 2181 Filii
2891 2135 2946 2180 ct
2969 2126 3233 2195 Spiritus,
3260 2132 3320 2178 ut
3353 2142 3446 2195 ge-

1853 2227 2089 2280 nitorem
2153 2233 2207 2279 et.
2253 2224 2459 2278 fontem
2509 2229 2884 2282 coaeternum,
2939 2227 3340 2274 cozeteruorum
3390 2225 3448 2272 ct

1852 2318 2017 2371 simul
2071 2318 2467 2371 immensorum
2500 2322 2555 2368 et
2589 2313 3026 2370 indeﬁnilorum.
3057 2319 3113 2364 ct
3157 2310 3321 2363 unius
3363 2324 3448 2364 cs-

1851 2409 2070 2471 sentim,
2119 2417 2175 2462 et
2213 2407 2842 2476 incircumseriptorum.
2911 2401 3251 2470 Principium
3315 2416 3447 2454 vero

1851 2508 2252 2560 creaturarum,
2282 2507 2342 2551 ut
2371 2497 2626 2566 opiﬁcem
2660 2505 2715 2549 et.
2750 2504 3191 2564 prospectorem,
3215 2501 3272 2546 et
3299 2491 3449 2562 judi-

1851 2605 1990 2654 cem,
2024 2605 2220 2658 nempe
2265 2605 2362 2657 per
2388 2587 2586 2642 Filium
2617 2587 2670 2640 in
2717 2585 2927 2655 Spiritu
2971 2594 3182 2640 sancto.
3213 2584 3294 2636 Ea:
3334 2585 3446 2650 ipso
3529 2600 3535 2604 ·

1849 2684 2018 2745 enim,
2047 2683 2143 2743 ait,
2177 2690 2224 2735 et
2257 2697 2350 2751 per
2374 2681 2546 2750 ipsum
2581 2688 2628 2732 et
2662 2677 2714 2731 in
2746 2678 2866 2748 ipso
2893 2677 3093 2730 omnia.
3124 2675 3233 2746 Ipsi
3271 2673 3444 2745 gloria

1850 2777 1904 2828 in
1941 2773 2135 2828 smruln
2187 2771 2232 2827 ί.

1924 2865 2044 2919 100.
2076 2864 2394 2918 anetcrnos
2434 2864 2564 2917 item
2593 2863 2786 2917 dicunt
2815 2860 2963 2916 Patri
2999 2859 3098 2930 (Ξ),
3126 2875 3236 2914 non
3265 2865 3446 2913 tamen

1852 2953 2015 3008 simul
2046 2970 2170 3007 cum
2195 2969 2262 3006 eo
2298 2961 2550 3026 carentes
2574 2950 2884 3020 principio;
2914 2957 2969 3001 et
2995 2955 3300 3001 coaeternus
3326 2947 3447 3014 qui-

169 3043 315 3097 αἲδια
345 3041 464 3111 μὲν,
499 3041 574 3104 ὡς
599 3039 660 3105 ὲξ
693 3040 920 3110 ἀπείρςυ
951 3039 1029 3109 τῷ
1069 3039 1246 3109 Πατρὶ
1295 3037 1742 3108 συνυπάρχοντα·

1862 3045 1997 3108 lem,
2031 3053 2091 3097 ut
2120 3043 2515 3097 coexsistentes
2547 3041 2718 3104 Patri,
2761 3039 2830 3094 ab
2875 3039 3175 3098 immenso;
3212 3053 3320 3089 non
3362 3051 3450 3089 ca-

168 3131 230 3184 οὒ
255 3130 566 3199 συνάναρχα
602 3128 680 3191 δὲ,
715 3127 791 3190 ὡς
838 3128 938 3180 οὐκ
969 3127 1207 3180 ἀναίτια.
1248 3125 1338 3191 Ἐξ
1394 3126 1559 3179 αὖτοῦ
1612 3126 1746 3194 γὰρ,

1849 3146 2031 3189 rentes
2060 3141 2243 3187 autem
2279 3132 2576 3202 principio,
2617 3130 2745 3200 quia
2789 3144 2900 3183 non
2935 3129 3054 3182 sine
3090 3142 3254 3181 causa
3298 3135 3445 3181 sunt.

169 3223 218 3276 εί
254 3221 447 3292 καὶμὴ
477 3223 594 3292 μετ’
629 3219 814 3284 αὐτὸν,
847 3219 922 3283 ὡς
967 3219 1077 3288 γὰρ
1111 3218 1265 3288 ἡλίου
1295 3219 1354 3270 τὸ
1389 3219 1524 3286 φῶς,
1567 3217 1747 3280 καθὼς

1862 3231 1926 3284 Ex
1968 3231 2088 3298 ipso
2126 3229 2298 3292 enim,
2344 3228 2476 3281 licet
2507 3243 2618 3280 non
2645 3235 2770 3295 post
2799 3225 3000 3295 ipsum,
3035 3224 3179 3276 sicut
3224 3238 3291 3276 ex
3333 3219 3449 3273 sole

171 3313 520 3382 προείρηται.
555 3311 788 3378 Λέγουσι
813 3309 871 3363 δὲ
908 3310 1073 3363 πάλιν
1100 3310 1192 3360 καὶ
1221 3309 1457 3378 ἄναρχα,
1489 3309 1618 3360 ὅταν
1667 3310 1747 3369 τίς

1862 3338 2059 3383 nmen,
2087 3331 2150 3374 ut
2173 3319 2497 3390 przedictum
2533 3328 2638 3372 est.
2664 3319 2869 3372 Dicunt
2896 3325 3078 3371 autem
3104 3323 3160 3368 et
3193 3321 3448 3367 carentes

168 3407 268 3476 τὴν
298 3405 407 3458 ἀπὸ
431 3405 627 3475 χρόνου
654 3402 908 3473 λαμϐάνῃ
945 3401 1142 3472 ἀρχὴν,
1186 3402 1272 3454 ἵνα
1303 3401 1377 3470 μὴ
1411 3401 1516 3452 ὑπὸ
1556 3401 1750 3470 χρόνου

169 3497 336 3568 νοηθῇ
361 3496 428 3549 τὰ
453 3495 512 3560 ἐξ
537 3490 612 3550 ὧν
644 3497 672 3550 ὁ
717 3495 926 3566 χρόνος.
957 3494 1072 3546 Οὐκ
1101 3493 1309 3564 ἄναρχα
1334 3489 1429 3544 οὖν
1457 3491 1538 3563 τῷ
1569 3493 1748 3563 αἰτίῳ,

152 3589 247 3658 m1.
281 3590 336 3642 δὲ
366 3589 544 3660 χρόνῳ
569 3588 804 3658 ἄναρχα,
829 3587 904 3650 ὡς
935 3587 1042 3656 πρὸ
1070 3586 1268 3648 παντὸς
1290 3587 1377 3637 καὶ
1412 3586 1628 3654 χρόνου,
1657 3585 1751 3638 καὶ

170 3682 384 3745 αἰῶνος,
414 3683 510 3735 καὶ
536 3680 677 3752 ὑπὲρ
707 3680 878 3734 αἰῶνα
909 3678 1002 3732 καὶ
1035 3681 1243 3749 χρόνον.
1270 3678 1348 3730 Δι’
1384 3671 1458 3731 ὧν
1489 3677 1631 3739 ἄπας
1659 3678 1753 3730 καὶ

172 3772 329 3835 αἰὼν,
367 3773 458 3826 mi
487 3771 700 3841 χρόνος,
732 3771 826 3825 καὶ
849 3770 915 3823 τὰ
939 3772 996 3823 ἐν
1025 3769 1206 3832 αἰῶνι,
1235 3769 1329 3822 καὶ
1359 3768 1426 3821 τὰ
1461 3769 1516 3819 ἐν
1547 3769 1750 3838 χρόνῳ,

171 3864 266 3918 καὶ
293 3863 370 3925 ὡς
390 3861 466 3932 τῷ
501 3863 696 3933 Πατρὶ,
737 3861 814 3924 ὡς
846 3862 1192 3932 προείρηται,
1221 3860 1485 3914 συναῖδια.
1516 3861 1650 3913 Μεθ’
1677 3855 1751 3913 ὧν

170 3953 385 4025 αὒτῷἡ
431 3951 577 4018 δόξα,
609 3954 703 4007 καὶ
753 3953 815 4006 τὸ
853 3953 1055 4023 κράτος
1107 3956 1188 4016 εἰς
1240 3954 1370 4015 τοὺς
1411 3951 1611 4016 αἰῶνας
1637 3953 1746 4006 τῶν

169 4045 398 4100 αἰώνων.
431 4048 484 4099 ’Λ
497 4048 624 4118 μήν.

239 4275 261 4318 ί
303 4278 463 4332 Rom.
498 4292 572 4341 xl,
595 4276 684 4331 56.

243 4412 322 4495 (2)
357 4413 520 4494 More
555 4413 872 4495 Graecorum
906 4415 960 4468 in
997 4413 1530 4495 sacris_promisc_uc
1577 4416 1750 4469 utitur

175 4485 400 4554 nomine
438 4485 698 4554 principii
745 4494 802 4538 et
854 4499 1066 4539 causae:
1101 4486 1366 4554 at_l.atini
1405 4487 1470 4538 ad
1509 4486 1652 4540 intra
1694 4487 1748 4539 in

173 4550 456 4609 Trinitate
473 4569 585 4608 non
615 4550 914 4610 admittunt
954 4552 1380 4624 appellaiionem
1411 4571 1590 4610 causa:
1618 4574 1629 4608 :
1659 4572 1754 4611 ne-

1849 3411 2144 3482 prineipio,
2166 3419 2224 3464 ut
2247 3409 2290 3463 si
2315 3409 2439 3478 quis
2463 3409 2530 3462 de
2555 3407 2840 3477 temporali
2865 3392 3140 3476 principio
3163 3404 3444 3472 loquatur,

1849 3521 1920 3558 ne
1948 3503 2173 3557 subesse
2203 3501 2436 3570 tempori
2470 3507 2756 3569 putentur.
2793 3515 2823 3552 a
2853 3497 3058 3566 quibus
3091 3505 3308 3562 tempus
3338 3508 3446 3546 cae-

1851 3597 1952 3666 pit.
1982 3597 2096 3651 Non
2125 3603 2313 3649 carent
2353 3595 2521 3664 igitur
2550 3591 2826 3661 principio
2869 3587 3096 3650 causali,
3127 3593 3316 3640 carent
3351 3599 3448 3636 au-

1849 3697 1960 3742 tem
2001 3686 2276 3756 principio
2307 3683 2620 3753 temporali.
2651 3681 2807 3747 Quod
2837 3689 2965 3733 ante
2993 3692 3156 3732 omne
3183 3672 3444 3728 sarculum

1850 3792 1908 3837 ct
1935 3791 2168 3849 tempus,
2197 3788 2252 3832 et
2279 3794 2446 3846 super
2471 3776 2730 3830 sacculum
2756 3782 2812 3828 cl
2841 3783 3078 3844 tempus,
3110 3785 3208 3838 per
3231 3779 3370 3836 quos
3392 3773 3448 3818 cl.
3508 3777 3529 3786 "

1853 3872 2111 3926 smrulum
2146 3876 2201 3923 et
2249 3879 2484 3936 tempus,
2515 3877 2571 3920 et
2617 3881 2737 3936 qua}
2780 3865 2834 3918 in
2867 3862 3087 3926 saeculo,
3135 3869 3214 3919 et,
3240 3872 3360 3927 qua
3390 3854 3447 3909 in

1854 3969 2133 4030 tempore,
2167 3968 2221 4012 et
2258 3957 2403 4028 quod
2451 3957 2596 4010 Patri
2622 3997 2634 4020 ,
2670 3954 2814 4007 sicut
2847 3951 3168 4022 prmdictum
3205 3956 3290 4002 est.
3312 3959 3450 4008 ,~co—

1853 4053 2066 4108 aeterni.
2101 4051 2239 4106 Cum
2284 4049 2486 4120 quibus
2534 4049 2634 4117 ipsi
2675 4048 2746 4102 sit
2775 4046 2948 4117 gloria
2975 4052 3030 4098 et
3067 4040 3358 4112 imperium
3389 4037 3448 4093 in

1857 4143 2056 4197 sazcula
2085 4147 2437 4197 sweulnrum.
2472 4142 2665 4196 A’men.

1859 4430 1966 4494 quc
2015 4412 2439 4494 enititnproprie
2491 4412 2672 4494 Pater.
2702 4407 2909 4462 dicitur
2953 4389 3446 4494 gallifﬂ’FiLii,mtlllll

1858 4471 2020 4539 Pater
2043 4493 2098 4538 et
2133 4471 2303 4537 Filius
2325 4471 2495 4534 “mm
2529 4479 2770 4548 Spiritus
2795 4477 2997 4533 sancti.
3059 4474 3182 4530 Vide
3211 4471 3268 4528 S.
3313 4471 3446 4526 Tho-

1860 4571 2044 4608 mam:
2085 4572 2162 4624 ιλ,
2197 4571 2248 4623 q.
2277 4555 2368 4615 55,
2404 4561 2510 4606 (ενι.
2546 4551 2566 4604 1
2604 4551 2728 4604 012.
