3938 6148
458 277 589 340 1471

1700 257 2101 317 TﬂALASSII
2142 256 2458 316 ABBATIS

3601 246 3626 312 1
3638 248 3734 311 ετξ

457 459 3700 510 W

1335 639 1972 756 EJUSDEM
2091 634 2830 749 THALASSII

745 873 1320 967 LIBELLUS
1397 872 1548 962 AD
1621 864 2075 964 THEOD(

2167 869 2415 961 BIUM
2494 867 3429 964 IMPERATOREM.

1336 1070 1546 1143 (Musn,
1575 1069 1777 1126 Concil.
1814 1076 1856 1124 t.
1885 1068 1978 1135 IV,
2004 1082 2058 1138 p.
2094 1066 2265 1135 “0‘2;
2295 1054 2488 1133 hens,
2519 1066 2611 1134 Ill,
2641 1067 2793 1138 ηδ.)

461 1362 715 1416 I’iissimis
747 1368 794 1413 et
822 1358 1265 1421 honoratissimis,
1302 1356 1598 1429 Deoque_e_t
1632 1353 1930 1429 hominibus
1949 1354 2034 1429 άξ-
2062 1376 2075 1411 Α

2167 1353 2269 1420 ⁸οἷς
2294 1352 2772 1429 εὐωδεστάτοις,
2811 1353 2911 1429 καί
2944 1355 3265 1429 (Imposita.
3325 1359 3437 1412 καὶ
3488 1362 3745 1429 τιμωμέ-

531 1432 695 1491 lectis,
722 1429 1036 1485 Christianis
1050 1423 1476 1497 imperatoribus,
1509 1423 1722 1497 Flaviisy
1750 1423 2035 1497 Theodosio

534 1512 584 1553 et
617 1499 1013 1557 Valentiniano,
1043 1493 1232 1551 Basilii
1260 1498 1469 1549 diaconi
1496 1502 1545 1546 et
1578 1493 2035 1555 archimandritw,

530 1581 579 1623 et
628 1569 887 1622 Thalassii
926 1566 1133 1620 lectoris
1184 1562 1238 1619 et
1285 1566 1547 1625 monachi,
1608 1563 2039 1632 reliquorumque

532 1639 955 1695 Christianorum
975 1639 1354 1689 monachorum
1401 1634 1740 1705 supplicatio,
1807 1648 1900 1686 seu
1948 1647 2041 1687 ea:—

530 1710 779 1763 hortatio.

533 1887 574 1940 ῐ.
612 1887 884 1941 [inmensa
932 1884 1031 1943 Dei
1092 1883 1407 1954 benignitas
1449 1890 1507 1937 et
1549 1882 1862 1948 clementia,
1921 1895 2043 1949 qua;

469 1977 782 2030 mortalium
807 1990 979 2046 genus
1006 1975 1122 2031 suis
1150 1974 1313 2029 donis
1334 1981 1390 2028 et
1426 1973 1588 2027 bonis
1627 1989 1699 2027 nu
1712 1986 1911 2043 nquam
1948 1986 2045 2025 cu-

471 2070 684 2122 mulare
707 2067 931 2131 desinit,
967 2067 1024 2120 in
1072 2067 1331 2121 omnibus
1379 2074 1435 2120 et
1469 2081 1637 2135 super
1671 2063 1858 2119 omnia
1909 2077 2045 2118 con-

428 2154 433 2158 ’
467 2160 656 2228 spicua
696 2164 799 2213 est.
818 2158 995 2213 Porro
1019 2165 1201 2212 autem
1222 2157 1366 2211 inter
1391 2157 1494 2211 alia
1511 2157 1607 2212 Dei
1640 2155 1906 2211 beneﬁcia
1936 2171 2044 2209 non

470 2249 746 2303 immerito
770 2247 1045 2303 censenda
1075 2255 1162 2302 est
1188 2246 1440 2301 veritatis
1469 2246 1735 2317 cognitio,
1762 2256 1819 2301 et
1853 2246 2044 2300 odium

470 2341 619 2395 falsae
638 2339 1010 2410 cognitionis:
1043 2353 1155 2407 quo
1180 2338 1443 2391 nimirum
1504 2338 1785 2406 explorata
1817 2352 2046 2406 perspe-

471 2444 668 2502 ctaque
708 2432 1012 2487 habeamus
1033 2431 1159 2485 ﬁdei
1191 2430 1469 2501 mysteria,
1501 2431 1611 2500 jam
1646 2428 1771 2483 inde
1795 2428 1864 2483 ab
1889 2428 2074 2482 initio'

473 2540 502 2577 a
534 2524 740 2578 sanctis
774 2516 1061 2592 apostolis,
1117 2521 1479 2592 martyribus,
1527 2520 1940 2575 confessoribus
1985 2528 2048 2574 et

470 2615 769 2685 episcopis,
796 2613 1251 2683 conspirantibus
1275 2613 1342 2666 ad
1362 2612 1413 2667 id
1446 2626 1667 2681 quoque
1690 2611 2045 2681 religiosissi-

2208 1441 2336 1497 νέοις
2386 1424 2545 1497 παρὰ
2599 1420 2720 1488 Θεῷ
2768 1423 2868 1497 καὶ
2936 1420 3291 1497 ἀνῖθρῴποις,
3345 1420 3744 1497 Χριστῇιιῶῖς

2204 1493 2561 1558 βασιλεῦσι,
2594 1495 2877 1558 Φλαυτοις
2914 1506 2941 1534 ιι
2973 1494 3273 1561 Θεοδοσίῳ
3323 1493 3429 1551 καὶ
3468 1493 3745 1553 Οὐαλεγὲ

2210 1561 2472 1636 τινιανῷ,
2498 1562 2733 1636 δέησις.
2759 1563 2982 1636 ειτοννί
3003 1565 3393 1636 παράκλησις
3431 1570 3609 1636 παρὰ
3636 1573 3746 1625 Ba.

2211 1634 2446 1703 σιλείου
2486 1631 2771 1686 διακόνου
2805 1633 2903 1688 καὶ
2953 1631 3452 1703 ἀρχιμανδρίτου,
3489 1631 3598 1691 aia!
3634 1642 3748 1693 Θα-

2208 1702 2475 1773 λτζσσίου
2507 1703 2899 1773 ἀναγτςὼστου
2930 1703 3031 1773 ira}
3062 1702 3459 1773 μονάζοντος,
3496 1709 3606 1763 καὶ
3631 1713 3749 1764 λοι-

2214 1769 2344 1823 πῶν
2372 1771 2743 1840 Χριστιανῶν
2780 1769 3090 1842 μοναχῶνζ

2218 1884 2296 1935 A'.
2336 1882 2401 1935 'H
2435 1882 2819 1954 φιλανθρωπία
2848 1881 2943 1937 τοῦ
2990 1884 3148 1950 Θεοῦ,
3187 1887 3220 1957 ἡ
3264 1888 3685 1961 ἀναριθμήτων
3718 1893 3748 1933 ι

2145 1974 2297 2044 παρὰ
2333 1973 2642 2044 ἀνθρώποις
2685 1973 2867 2028 καλῶν
2914 1976 3207 2045 μετουσίαν
3256 1977 3650 2051 δωρησαμένη
3690 2001 3751 2037 τε

2146 2068 2242 2119 καὶ
2272 2066 2590 2137 δωρουμένη
2620 2063 2695 2135 τῷ
2727 2066 2875 2133 γένει
2922 2066 3032 2119 τῶν
3082 2065 3415 2138 ἀνθρώπων,
3466 2072 3535 2124 ἐν
3579 2074 3747 2135 πᾶσι,

2148 2158 2242 2210 καὶ
2271 2157 2361 2208 ἐπὶ
2394 2155 2560 2208 πᾶσίν
2614 2158 2781 2209 ἐστιν.
2818 2157 2907 2210 Ἐν
2953 2154 3166 2221 τούτοις
3199 2157 3256 2210 δὲ
3307 2160 3426 2221 τοῖς
3486 2161 3610 2214 ἀπὸ
3651 2163 3748 2216 τοῦ

2148 2246 2283 2299 Θεοῦ
2310 2245 2505 2314 δώροις
2532 2246 2738 2299 ἔνεστιν
2773 2249 2806 2317 ἠ
2836 2246 3064 2318 ἀληθινὴ
3089 2248 3313 2317 γνῶσις,
3347 2251 3446 2304 καὶ
3475 2253 3548 2304 τὸ
3588 2257 3750 2322 μῖσος

2148 2336 2249 2404 τῆς
2276 2335 2632 2405 ψευδωνύμου
2690 2337 2978 2404 γνώσεως·
3034 2336 3174 2390 ὥστε
3224 2338 3427 2391 εἰδέναι
3457 2341 3625 2410 ἡμᾶς
3651 2342 3749 2412 τὴν

2149 2426 2357 2480 ἄνωθεν
2381 2426 2473 2479 καὶ
2510 2425 2568 2493 ἐξ
2599 2426 2774 2498 ἀρχῆς
2802 2428 2907 2481 ὑπὸ
2934 2427 3041 2482 τῶν
3063 2429 3400 2494 ἀποστόλων,
3435 2431 3543 2484 καὶ
3602 2451 3748 2505 μαρ-

2150 2517 2350 2585 τύρων,
2374 2518 2467 2570 καὶ
2501 2517 2870 2589 ὁμολογητῶν,
2906 2521 3002 2574 καὶ
3030 2521 3344 2574 ἐπισκόπων
3374 2522 3585 2591 ἁγίων,
3622 2542 3745 2577 συν-

2152 2607 2458 2677 εργούντων
2481 2608 2574 2661 καὶ
2599 2608 2709 2661 τῶν
2733 2609 3140 2664 εὐσεϐεστάτων
3171 2610 3465 2681 βασιλέων,
3498 2614 3748 2685 παραδο-

474 2705 576 2758 mis
604 2704 972 2774 principibus,
995 2703 1283 2757 catholicae
1311 2702 1573 2757 Ecclesiae
1596 2701 1795 2755 tradita
1819 2718 1830 2753 :
1858 2709 1913 2754 et
1935 2701 2045 2770 pri«

2167 2698 2340 2752 icio-av
2369 2702 2432 2771 τῇ
2478 2700 2738 2771 καθολικῇ
2785 2702 3081 2774 Ἐκκλησία
3110 2702 3326 2758 πίστιν·
3366 2704 3606 2775 πρῶτον
3646 2707 3748 2760 ὑπὸ

473 2812 562 2849 mo
592 2796 816 2866 quidem
844 2796 913 2849 ab
935 2795 1312 2865 apostolorum
1338 2794 1590 2864 principe
1622 2795 1807 2859 Petro,
1849 2809 2050 2848 secun-

473 2890 605 2943 dum
635 2886 1010 2957 cognitionem
1042 2903 1207 2957 quam
1232 2886 1498 2940 divinitus
1526 2894 1869 2955 perceperat,
1910 2886 2053 2941 hanc

473 2981 653 3047 palam
701 2977 1020 3041 conﬁtente,
1068 2978 1490 3047 posteritatique
1532 2978 1826 3032 tradente:
1864 2978 1938 3032 Tu
1999 2995 2052 3032 es

475 3073 712 3127 Christus
767 3070 933 3125 Filius
1002 3069 1089 3125 Dei
1120 3071 1221 3124 vivi
1257 3070 1308 3136 ¹;
1345 3085 1375 3125 a
1432 3070 1638 3125 Iacobo
1694 3071 1943 3139 apostolo
1997 3078 2053 3124 et

476 3161 920 3231 archiepiscopo,
948 3160 1158 3214 Joanne
1193 3160 1442 3229 apostolo
1483 3167 1539 3214 et
1575 3161 1935 3231 evangelista,
1967 3176 2055 3216 re-

475 3254 749 3322 liquisque
776 3252 1148 3323 evangelistis,
1206 3252 1562 3323 martyribus,
1620 3252 2052 3321 confcssoribus,

475 3344 770 3413 episcopis,
807 3352 972 3414 atque
1006 3345 1075 3399 ab
1129 3345 1409 3409 omnibus,
1472 3344 1565 3415 qui
1597 3347 2055 3401 consubstantiali

477 3436 733 3491 Trinitali
770 3435 1129 3490 crediderunt
1159 3442 1215 3491 et
1264 3436 1533 3502 credunt;
1575 3436 1644 3491 ab
1672 3435 1902 3501 Irenaeo,
1925 3437 2059 3492 Gre-

476 3526 634 3595 gorio
685 3541 882 3596 magno
915 3523 1284 3581 Neoctesareaz
1318 3526 1613 3596 episcopo;
1665 3542 1695 3581 a
1738 3537 1930 3582 sancta
1964 3544 2057 3599 sy-

479 3617 627 3673 nodo
650 3618 960 3673 Antiochiae
985 3628 1179 3673 contra
1217 3619 1445 3673 Paulum
1468 3618 1886 3674 Samosatenum
1922 3635 2057 3675 con—

480 3710 735 3778 gregata‘,
786 3725 909 3779 qua:
959 3718 1187 3764 centum
1245 3709 1523 3780 octoginta
1579 3724 1813 3766 numero
1869 3712 2061 3768 Patres

480 3800 791 3869 complexa,
825 3801 979 3854 illum
1005 3808 1233 3872 propter
1258 3817 1412 3856 suam
1441 3803 1784 3874 impietatem
1803 3803 2060 3876 (negabat

481 3890 629 3943 enim
672 3888 955 3945 Christum
989 3898 1186 3945 natura
1233 3907 1355 3947 esse
1405 3893 1601 3960 Deum,
1655 3902 1711 3949 et
1741 3896 1838 3951 Dei
1880 3896 2061 3951 Patris

2154 2793 2362 2863 Πέτρου
2392 2793 2486 2846 τοῦ
2526 2794 2847 2858 ἀποστόλου,
2881 2792 2977 2847 τοῦ
3006 2796 3418 2865 πρωτοστάτου,
3462 2798 3744 2863 εἰπόντος,

2154 2885 2299 2938 κατά
2354 2883 2700 2955 ἀποκάλυψιν
2749 2886 2846 2940 καὶ
2898 2886 3101 2955 γνῶσιν
3151 2887 3245 2940 καὶ
3287 2888 3607 2963 ρμολογίαν
3659 2894 3750 2944 καὶ

2155 2973 2449 3043 παράδοσιν
2476 2975 2589 3037 τοῖς
2619 2973 2762 3043 μετὰ
2787 2974 2988 3039 ταῦτα,
3022 2976 3104 3028 ὅτι
3139 2974 3223 3029 Σὺ
3254 2970 3311 3030 εἷ
3337 2979 3371 3030 ό
3400 2978 3695 3046 Χριστὸς,
3718 2984 3750 3035 ὁ

2164 3068 2298 3131 Υἱὸς
2323 3065 2429 3120 τοῦ
2464 3065 2614 3121 Θεοῦ
2659 3066 2768 3121 τοῦ
2811 3066 3025 3133 ζῶντος
3048 3085 3061 3100 ο
3111 3067 3373 3120 Ἰακώϐου
3433 3070 3747 3126 ἀποστόλου

2156 3160 2249 3212 καὶ
2280 3161 2732 3229 ἀρχιεπισκόπου,
2776 3160 3023 3214 Ἰωάννου
3046 3157 3355 3215 ἀποστόλου
3384 3163 3486 3217 καὶ
3513 3165 3750 3233 εὐαγγε-

2156 3249 2364 3318 λιστοῦ,
2397 3251 2491 3304 καὶ
2519 3250 2720 3304 λοιπῶν
2745 3250 3169 3320 εὐαγγελιστῶν,
3194 3251 3522 3323 μαρτύρων,
3559 3253 3748 3324 ὁμολο-

2157 3343 2362 3413 γητῶν,
2391 3344 2732 3405 ἐπισκόπων,
2763 3342 2856 3395 καὶ
2904 3343 3121 3397 πάντων
3172 3342 3282 3396 τῶν
3327 3345 3749 3400 πιστευσάντων

2158 3434 2254 3487 καὶ
2293 3434 2660 3487 πιστευόντων
2702 3436 2768 3504 τῇ
2805 3433 3076 3505 όμοουσίῳ
3127 3434 3321 3505 Τριάδι
3348 3452 3362 3465 ’
3422 3436 3742 3508 Εἰρηναίου,

2159 3528 2465 3600 Γρηγορίου
2496 3527 2587 3581 τοῦ
2626 3526 2867 3597 μεγάλου
2920 3526 3221 3579 ἐπισκόπου
3257 3526 3741 3599 Νεοκαισαρείας·

2157 3620 2256 3692 τῆς
2288 3621 2451 3690 ἁγίας
2503 3620 2723 3673 συνόδου
2759 3617 2870 3671 τῶν
2898 3625 2983 3689 ρπ¹
3040 3618 3384 3683 ἐπισκόπων,
3435 3621 3498 3672 ἐν
3542 3622 3745 3676 Ἀντιο-

2160 3712 2283 3784 χείᾳ
2309 3711 2788 3782 συναθροισθείσης
2819 3711 2961 3765 κατά
2986 3709 3200 3784 Παύλου
3226 3709 3325 3763 τοῦ
3358 3712 3742 3781 Σαμοσατέως,

2159 3780 2285 3873 ἧτιξ
2314 3780 2562 3859 καθεῖλεν
2597 3780 2761 3856 αὐτὸν
2790 3801 2878 3856 διὰ
2911 3801 3008 3873 τὴν
3043 3780 3304 3855 ἀσέϐειαν
3338 3780 3538 3866 αὐτοῦ,
3575 3803 3668 3858 διὰ
3688 3804 3743 3856 τὸ

2166 3898 2241 3967 μὴ
2266 3896 2548 3967 ὁμολογεῖν
2571 3894 2927 3965 τὸν¹Χριστδν
2951 3892 3112 3961 φύσει
3134 3891 3291 3957 Θεὸν,
3324 3894 3424 3947 καὶ
3456 3895 3592 3948 Υἱὸν
3616 3892 3743 3949 Θεοῦ

484 3979 703 4052 Filium)
723 3984 1140 4049 exauctoravit;
1191 3999 1222 4037 a
1246 3999 1443 4054 magna
1481 3994 1537 4040 et
1567 3998 1755 4042 sancta
1784 3995 2060 4042 trecento-

2167 3989 2380 4060 Πατρός
2403 4006 2417 4020 ·
2448 3988 2547 4058 τῆς
2578 3989 2634 4040 ἐν
2661 3985 2868 4057 Νικαίᾳ
2918 3985 3163 4056 μεγάλης
3194 3985 3289 4039 καὶ
3327 3984 3501 4053 ἁγίας
3534 3987 3741 4041 συνόδου

484 4090 605 4129 rum
635 4076 826 4132 decem
851 4086 909 4132 et
933 4085 1060 4133 octo
1080 4077 1467 4149 episcoporum
1516 4082 1726 4153 synodo
1780 4085 1926 4153 apud
1969 4084 2063 4138 Ni-

487 4183 652 4222 c:eam
689 4169 896 4230 habita.
926 4186 1050 4240 qua:
1102 4173 1436 4227 sententiam
1467 4186 1663 4228 eorum
1718 4174 1814 4245 qui
1872 4175 2065 4229 Antio-

483 4258 620 4311 chia:
674 4267 866 4313 contra
903 4260 1131 4314 Paulum
1185 4260 1606 4317 Samosatenum
1665 4276 2060 4331 convenerant,

422 4416 431 4420 _
484 4345 833 4401 conﬁrmavit
884 4356 941 4401 et
978 4349 1341 4418 approbavit;
1383 4366 1413 4405 a
1444 4352 1647 4408 Basilio
1680 4363 1748 4427 ‘et
1798 4355 2065 4425 Gregorio

483 4437 760 4506 episcopis
787 4447 842 4492 et
874 4437 1163 4504 fratribus,
1188 4440 1492 4497 Athanasio
1537 4444 1800 4500 Ecclesia:
1831 4446 2066 4501 Alexan-

484 4527 657 4582 driam
689 4528 969 4599 episcopo,
1016 4531 1258 4600 Ephrem
1289 4532 1444 4605 Syro,
1482 4537 1750 4608 Gregorio
1777 4540 2062 4612 episcopo,

486 4620 753 4676 Ammone
787 4623 1072 4693 episcopo,
1110 4625 1308 4682 Vitalio
1340 4630 1619 4703 episcopo,
1656 4630 2063 4702 Amphilochia,

485 4714 676 4777 Paulo,
740 4713 1033 4778 Antiocho,
1092 4716 1404 4782 Eustathio,
1457 4720 1758 4787 Methodio,
1822 4722 2065 4794 Optimo,

488 4805 744 4876 Leporio,
775 4805 1072 4863 Ambrosio
1119 4808 1616 4865 Mediolanensium
1659 4816 1961 4886 episcopo;
1998 4819 2067 4873 ab

489 4896 746 4952 universa
778 4899 991 4970 synodo
1011 4900 1292 4975 Africana,
1330 4902 1564 4971 Joanne,
1612 4905 1934 4973 Severiano,
1972 4911 2071 4965 At-

489 4989 599 5041 tico
619 4990 903 5061 episcopo,
958 4990 1163 5061 Cyrillo
1206 4991 1552 5048 Alexandria:
1602 4996 1905 5068 episcopo,
1973 5001 2069 5070 qui

488 5082 794 5137 etiamnum
826 5092 1110 5153 superstes
1160 5093 1365 5140 nostra:
1388 5087 1613 5155 pietatis
1655 5089 1835 5160 legem
1875 5091 2071 5148 obser-

494 5181 606 5225 vat.
644 5172 891 5242 Denique
938 5174 1124 5228 nullus
1143 5174 1432 5231 hominum
1458 5177 1620 5233 facile
1658 5184 2070 5239 enumeraverit

489 5275 683 5318 omnes
724 5265 918 5321 lidelcs
946 5267 1038 5337 qui
1077 5266 1439 5323 crediderunt
1463 5281 1519 5326 et
1542 5272 1781 5328 credunt
1824 5276 1881 5329 in
1910 5276 2071 5332 Chri-

566 5418 584 5449 ¹
607 5418 800 5475 Matth.
834 5438 941 5488 ενι,
976 5424 1065 5477 {6.

2163 4079 2274 4132 τῶν
2301 4085 2405 4147 τιη¹
2440 4077 2778 4140 ἐπισκόπων,
2815 4077 2914 4143 τῆς
2945 4072 3326 4144 βεϐαιωσάσης
3362 4074 3457 4128 τὸν
3490 4075 3620 4147 ὅρον
3647 4073 3743 4128 τῶν

2164 4171 2223 4224 ἐν
2270 4168 2609 4239 Ἀντιοχειᾳο
2661 4166 2948 4222 Βασιλείου
3000 4166 3096 4219 καὶ
3142 4165 3453 4236 Γρηγορίου
3508 4168 3743 4236 ἀδελφῶν

2165 4261 2506 4325 ἐπισκόπων,
2561 4257 2885 4312 ’Δθανασίου
2951 4256 3255 4309 ἐπισκόπου
3311 4255 3741 4328 Ἀλεξανδρείας,

2178 4355 2420 4426 Ἐφραὶμ
2459 4352 2551 4406 τοῦ
2576 4352 2774 4424 Σύρου,
2816 4349 3120 4422 Γρηγορίου
3153 4348 3485 4411 ἐπισκόπου,
3524 4351 3743 4420 ’Ἄμμω-

2167 4461 2255 4507 νος
2282 4443 2607 4507 ἐπισκόπου,
2667 4439 2953 4497 Οὐῑταλίου
2999 4440 3330 4505 ἐπισκόπου,
3373 4439 3739 4509 ’Δμφιλοχίου,

2170 4535 2406 4600 Παύλου,
2445 4534 2744 4602 Ἀντιόχου,
2778 4530 3106 4596 Εὐσταθίου,
3143 4528 3438 4594 Μεθοδίου,
3464 4531 3738 4600 Ὀπτίμου.

2169 4625 2462 4696 Λεπορίου,
2507 4622 2831 4694 Ἀμόροσίου
2865 4620 3213 4675 Μεδιολάνων
3233 4637 3248 4651 ⁸
3279 4622 3414 4690 ὅλης
3445 4624 3550 4693 τῆς
3598 4625 3653 4675 ἐν
3682 4623 3737 4692 τῇ

2181 4719 2417 4787 Ἀνρρικῇ
2456 4716 2676 4768 συνόδου
2701 4733 2713 4745 ·
2758 4714 3036 4777 Ἰωάννου,
3091 4713 3455 4784 Σευηριανοῦ,
3506 4712 3739 4768 Ἄττικοῦ

2169 4809 2497 4871 ἐπισκόπου,
2528 4807 2825 4880 Κυρίλλου,
2854 4803 2950 4859 τού
2979 4804 3287 4858 ἐπισκόπου
3313 4805 3736 4876 Ἀλεξανδρείας,

2168 4900 2264 4955 τοῦ
2291 4902 2387 4956 νῦν
2410 4901 2631 4966 ζῶντος,
2655 4901 2749 4953 καὶ
2770 4898 2848 4969 τῷ
2872 4898 3024 4968 νόμῳ
3039 4897 3136 4967 τῆς
3166 4898 3450 4969 ἡμετέρας
3476 4896 3742 4958 εὐσεϐείας

2170 4992 2677 5058 ἐξακολουθοῦντος.
2712 4991 2900 5054 Οὐδεὶς
2933 4990 3032 5060 μὲν
3070 4985 3166 5042 οὖν
3197 4990 3507 5062 ἀνθρώπων
3535 4990 3741 5044 δύναται

2173 5089 2383 5149 πάντας
2413 5086 2540 5148 τοὺς
2579 5083 2807 5145 πιστοὺς
2837 5080 3343 5153 ἐξαριθμήσασθαι,
3379 5084 3507 5146 τοὺς
3538 5080 3743 5136 mutati.

2174 5197 2374 5244 σαντας
2427 5178 2522 5230 καὶ
2562 5174 2921 5238 πιστεύοντας
2949 5176 3028 5238 εἰς
3088 5173 3329 5244 Χριστὸν
3378 5175 3473 5227 τὸν
3509 5174 3634 5227 Υἱδν
3658 5171 3743 5225 τοῦ

2172 5272 2329 5337 Θεοῦ,
2357 5274 2439 5324 ὅτι
2473 5269 2641 5330 ὅντως
2661 5265 2912 5337 ἀληθινὸς
2942 5264 3074 5329 Θεός
3107 5267 3281 5319 ἐστιν.
3314 5267 3389 5321 υύ
3416 5266 3548 5339 γὰρ,
3572 5263 3738 5333 Euthia

1782 5546 2016 5604 VARUE
2053 5543 2457 5603 LECTIONES.

574 5654 597 5679 ’λ
634 5648 846 5717 Maio)
880 5651 1214 5713 Φλαυϊούοις.
1298 5656 1320 5695 b
1350 5658 1737 5730 ἀναρίθμητος.
