3938 6148
292 288 429 353 H73
539 330 547 339 -

1318 297 1692 358 LIBELLUS
1728 299 1828 359 AD
1866 300 2368 362 THEODOSIUM
2410 305 2565 363 IMP.

3427 302 3564 369 1474

290 403 359 457 δι’
383 405 536 474 ἡμᾶς
568 403 787 471 ἐγένετο
837 405 1146 478 ἄνθρωπος,
1194 409 1386 478 μείνας
1426 409 1455 461 ὃ
1500 405 1569 480 ἦν
1599 409 1753 472 Θεὸς,
1797 409 1864 472 ὼς

1979 419 2124 466 stum
2149 413 2246 468 Dei
2276 413 2663 485 Filium,quod
2692 431 2857 472 verus
2887 416 2959 473 sit
2986 416 3154 472 Deus.
3172 416 3364 486 Neque
3386 419 3559 485 enim,

289 497 386 550 καὶ
414 497 448 565 ἡ
491 495 736 567 ὑμετέρα
764 497 1019 561 εὐσέϐεια
1048 499 1328 570 διέμαθεν,
1378 499 1477 570 ήδη
1523 500 1618 553 καὶ
1663 501 1747 564 τὺ,
1778 496 1868 570 ἦν,

288 588 665 661 ἀρνησόμεθα.
713 589 874 643 Ἀλλὰ
922 593 1087 662 ἡμεῖς
1134 591 1491 661 πιστεύομεν,
1538 593 1635 646 καὶ
1673 593 1867 662 ὁμολο-

289 680 519 751 γοῦμεν,
559 683 656 735 καὶ
704 681 1072 753 κηρύττομεν,
1126 684 1208 738 ὅτι
1261 686 1291 738 ό
1346 684 1453 754 πρὸ
1501 683 1611 738 τῶν
1657 684 1869 737 αίὼνων

287 774 421 837 Θεὸς
453 774 647 842 Λόγος,
683 776 712 827 ὁ
763 775 1059 847 μονογενὴς
1109 776 1240 838 Υίὸς
1269 775 1367 830 τοῦ
1397 775 1534 830 Θεοῦ
1583 776 1865 847 ὑπάρχων,

288 866 376 919 διὰ
399 865 499 938 τὴν
531 865 736 937 πολλὴν
778 867 944 921 αὐτοῦ
986 865 1401 938 φιλανθρωπίαν
1428 867 1527 938 τὴν
1558 867 1693 938 πρὸς
1721 868 1870 937 ἡμᾶς

284 951 470 1020 οὖσαν,
530 955 757 1024 γέγονεν
790 957 1080 1026 ἄνθρωπος
1112 958 1339 1027 τέλειος,
1379 959 1454 1023 ὡς
1491 954 1571 1023 εἷς
1602 959 1662 1023 ἐξ
1714 959 1870 1029 ἡμῶν

288 1049 433 1103 κατά
467 1049 646 1103 πάντα
674 1053 844 1120 χωρὶς
868 1050 1169 1120 ἁμαρτίας,
1202 1052 1392 1120 μείνας
1420 1051 1449 1104 ὃ
1473 1046 1565 1122 ἦν,
1597 1051 1752 1114 Θεὸς,
1785 1049 1873 1104 διὰ

288 1137 388 1208 τὴν
410 1138 507 1190 τοῦ
541 1138 734 1206 γένους
777 1138 934 1209 ἡμῶν
991 1141 1271 1212 σωτηρίαν
1316 1141 1603 1212 γεννηθεὶς
1657 1144 1721 1193 ὲκ
1772 1140 1874 1210 τῆς

287 1228 450 1297 ἁγίας
482 1229 762 1300 Παρθένου
788 1231 1027 1301 Μαρίας,
1053 1231 1130 1295 ὡς
1159 1232 1322 1296 αὐτὸς
1353 1228 1483 1288 οἶδε.

1975 512 2338 573 posteaquam
2366 508 2543 560 nostri
2566 508 2931 567 causalhomo
2965 508 3159 581 factust
3188 517 3292 572 est,
3324 507 3379 561 id
3408 510 3561 577 quod

1975 604 2114 660 erat,
2143 597 2250 651 hoc
2274 607 2360 652 est
2406 599 2573 665 Deus,
2627 614 2750 655 esse
2793 615 2909 655 non
2947 600 3212 655 desinens
3263 597 3559 669 (quemad-

1974 686 2199 741 modum
2237 695 2294 742 et
2316 698 2498 744 vestra
2543 706 2766 761 quoque
2800 691 2978 760 pietas
3025 706 3130 746 nos
3174 688 3440 762 ignorat),
3478 688 3563 742 id-

1973 777 2128 833 eirco
2154 779 2479 851 negabimus
2505 781 2653 851 quod
2689 790 2826 837 erat.
2881 781 2990 838 Sed
3039 797 3141 837 nos
3173 782 3470 845 credimus,
3504 790 3560 836 et

1974 870 2323 941 proﬁtemur,
2353 879 2409 926 et‘
2434 872 2801 941 praedicamus
2854 872 3029 928 Deum
3061 873 3326 935 Verbum,
3367 872 3559 942 unige-

1967 960 2259 1030 nitumque
2293 961 2392 1015 Dei
2428 961 2651 1030 Filium,
2689 962 2786 1032 qui
2844 962 3041 1016 saecula
3099 960 3284 1014 omnia
3336 967 3560 1013 antece-

1969 1051 2158 1116 debat,
2194 1061 2422 1122 propter
2474 1069 2631 1108 suam
2683 1068 2811 1124 erga
2850 1068 2950 1107 nos
3000 1052 3427 1122 benignitatem,
3457 1049 3559 1104 im-

1970 1159 2329 1214 mensamque
2351 1144 2678 1211 bonitatem,
2697 1145 2978 1200 hominem
3005 1143 3334 1215 perfectum,
3366 1143 3558 1197 nobis-

1971 1247 2079 1302 que
2110 1249 2210 1303 per
2234 1236 2422 1290 omnia
2451 1235 2689 1290 similem
2738 1235 2991 1307 (peccato
3040 1245 3252 1290 tantum
3296 1240 3554 1312 excepto)

282 1321 547 1378 enectum
591 1338 754 1389 esse;
792 1323 847 1378 id
881 1323 1063 1393 ipsum
1091 1324 1239 1394 quod
1269 1334 1392 1379 erat
1440 1340 1550 1379 non
1621 1325 1901 1390 amittens,
1941 1325 2106 1380 modo
2152 1341 2317 1395 quem
2370 1326 2520 1381 solus
2579 1327 2698 1395 ipse
2766 1327 2944 1391 novit,
2998 1341 3067 1381 ex
3100 1334 3289 1381 sancta
3331 1327 3558 1398 Virgine

262 1414 459 1469 Maria
482 1430 584 1485 pro
615 1416 795 1475 salute
829 1415 1060 1471 humani
1094 1416 1315 1487 generis
1338 1424 1529 1472 natum
1567 1431 1711 1472 esse.

355 1509 430 1563 Βι.
486 1509 691 1564 Τούτου
729 1511 895 1564 ἕνεκα
936 1507 1032 1563 τοῦ
1071 1510 1352 1582 ἀληθοῦςο
1401 1511 1673 1581 δόγματος
1695 1551 1711 1576 ,
1771 1511 1866 1565 τοῦ

283 1604 345 1656 ὲν
376 1605 442 1674 τῇ
486 1603 764 1676 ἁγιωτάτῃ
793 1601 1094 1673 Ἐκκλησία
1119 1602 1404 1672 ἀκριϐῶςά
1435 1604 1864 1674 κηρυττομένου,

2045 1512 2111 1567 ll.
2159 1511 2238 1565 0b
2300 1510 2409 1565 hoc
2441 1525 2636 1565 verum
2688 1509 2887 1580 dogma
2944 1510 2998 1564 in
3060 1510 3409 1565 sanctissima
3459 1510 3556 1565 Dei

1974 1599 2224 1656 Ecclesia
2241 1599 2457 1655 sincere
2476 1594 2859 1668 praedicatum,
2875 1600 3216 1670 Paulumque
3237 1599 3555 1655 hmreticum

285 1695 380 1747 καὶ
417 1694 511 1748 τοῦ
540 1694 817 1765 αἱρετικοῦ
843 1694 1055 1749 Παύλου
1084 1694 1307 1758 δικαίως
1330 1693 1658 1759 ἑξωσθέντος
1678 1732 1692 1759 ,
1742 1696 1864 1764 ὲγέ-

1970 1694 2094 1764 iure
2116 1693 2327 1762 Optimo
2353 1693 2616 1763 ejectum,
2646 1690 2788 1746 facta
2819 1700 2951 1746 sunt
2989 1693 3289 1747 schismata
3314 1692 3552 1762 populo-

285 1803 438 1840 νοντο
466 1788 745 1857 σχίσματα
772 1785 941 1849 λαῶν,
974 1787 1379 1841 ἀκαταστασίαι
1408 1789 1622 1857 ίερέων,
1654 1788 1869 1859 ταραχὴ

286 1880 581 1949 ποιμένων.
616 1879 780 1932 Ὀθεν
810 1879 907 1932 καὶ
932 1878 1027 1934 νῦν
1062 1879 1202 1941 κατά
1234 1880 1528 1950 πρόσωπον
1560 1878 1655 1933 τοῦ
1687 1881 1868 1950 ἔγχει-

288 1969 569 2043 ρισθέντος
626 1970 718 2023 τὸν
770 1970 870 2040 τῆς
923 1971 1233 2041 ἐπισκοπῆς
1291 1971 1481 2043 θρόνον
1530 1972 1829 2042 Νεστορίου
1853 1989 1866 2002 ·

284 2065 335 2115 εί
363 2062 446 2117 δεῖ
474 2062 652 2115 είπεῖν
681 2060 981 2116 ἐπίσκοπον
1004 2076 1017 2090 ·
1077 2060 1136 2114 ἐν
1167 2059 1246 2131 τῷ
1274 2061 1563 2132 συνεδρίῳ,
1612 2060 1871 2124 πολλάκις

284 2151 431 2214 τινὲς
460 2150 569 2204 τῶν
596 2150 1011 2205 εύλαϐεστάτων
1034 2151 1422 2223 πρεσϐυτέρων
1450 2151 1686 2223 ἤλεγξαν
1707 2152 1869 2205 αὑτὸν

286 2243 383 2297 καὶ
414 2243 505 2298 διὰ
532 2242 632 2313 τὴν
659 2242 941 2298 ἀπείθειαν
966 2244 1134 2298 αὑτοῦ
1153 2284 1169 2307 ,
1202 2244 1264 2297 τδ
1299 2244 1375 2315 μὴ
1403 2245 1586 2312 λέγειν
1609 2243 1871 2299 Θεοτόκον

190 2327 194 2331 ’
286 2333 388 2404 τὴν
419 2334 581 2402 ἁγίαν
606 2334 881 2406 Παρθένον
903 2375 918 2398 ,
978 2337 1073 2391 καὶ
1109 2335 1242 2389 Θεὸν
1269 2336 1400 2388 ὄντα
1427 2336 1589 2405 φύσει
1617 2333 1871 2404 ἀληθινὸν

283 2427 379 2480 τὸν
405 2425 665 2496 Χριστὸν,
696 2425 799 2496 τῆς
828 2426 992 2481 αὐτοῦ
1023 2427 1311 2491 κοινωνίας
1342 2427 1569 2490 ἑαυτοὺς
1592 2427 1866 2493 ἐξέϐαλον,

286 2520 384 2575 καὶ
431 2519 761 2588 κατέχουσιν
810 2516 918 2581 ἕως
963 2516 1127 2588 ἄρτι”
1184 2517 1330 2580 τινὲς
1366 2517 1425 2571 δὲ
1463 2517 1640 2589 λάθρα
1670 2518 1869 2588 ὁμοίως

286 2610 385 2679 τῆς
406 2608 572 2663 αὐτοῦ
598 2610 887 2672 κοινωνίας
916 2608 1246 2664 στέλλονται.
1286 2608 1471 2663 ’Λλλοι
1496 2608 1554 2667 δὴ
1583 2610 1693 2663 τῶν
1718 2610 1871 2666 εὐλα-

285 2699 564 2755 ϐεστάτων
613 2700 999 2772 πρεσϐυτέριον
1025 2744 1040 2765 ,
1092 2700 1184 2757 διὰ
1222 2701 1286 2756 τὸ
1333 2701 1513 2770 λέγειν
1553 2703 1612 2756 ὲν
1638 2707 1703 2774 τῇ
1735 2705 1869 2775 ἁγίᾳ

283 2792 461 2865 ταύτῃ
512 2792 812 2863 ἐκκλησίᾳ,
865 2793 1075 2866 Εἰρήνῃ
1121 2795 1189 2864 τῇ
1239 2793 1684 2865 παραθαλασσίᾳ,
1726 2797 1869 2850 κατά

286 2883 383 2938 τοῦ
405 2884 804 2948 ἀνανεωθέντος
826 2884 1017 2948 κακῶς
1037 2884 1332 2955 δόγματος,
1352 2885 1448 2938 τοῦ
1470 2885 1649 2955 λέγειν
1671 2886 1868 2941 ἐκωλύ-

290 2975 482 3045 θησαν.
512 2976 683 3030 ’Ὅθεν
715 2976 920 3029 ἐπεϐόα
949 2977 979 3028 ὁ
1007 2975 1167 3043 λαὸς,
1223 2976 1403 3049 ζητῶν
1434 2979 1535 3047 τῆς
1557 2977 1869 3047 ὀρθοδοξίας

1974 1801 2118 1849 rum,
2158 1784 2507 1854 perturbatio
2544 1783 2921 1857 sacerdotum,
2954 1792 3012 1840 et
3034 1793 3318 1853 pastorum
3355 1785 3559 1840 tumul-

1942 1876 2169 1932 ‘tuatio.
2217 1875 2361 1942 Quin
2394 1885 2450 1931 et
2482 1876 2589 1931 hoc
2622 1877 2742 1948 ipso
2772 1891 2995 1947 quoque
3031 1886 3279 1946 tempore
3322 1876 3553 1947 quidam

1971 1985 2001 2024 e
2028 1970 2622 2027 reverendissimorum
2677 1969 3031 2024 sacerdotum
3070 1983 3305 2023 numero
3358 1964 3579 2023 ΝιεεριοείΔ

1972 2062 2139 2127 rium,
2170 2062 2266 2132 qui
2295 2062 2523 2118 obtinet
2544 2062 2901 2132 episcOpatus
2941 2062 3111 2134 hujus
3157 2060 3344 2115 sedem
3380 2061 3446 2131 (si
3474 2070 3557 2115 ta-

1972 2168 2099 2208 men
2132 2154 2456 2223 episcopum
2488 2169 2687 2210 vocare
2718 2153 2801 2209 fas
2827 2156 2959 2225 est),
2993 2169 3062 2209 eo
3082 2153 3233 2223 quod
3267 2152 3554 2208 Christum

1971 2254 2169 2300 natura
2203 2260 2398 2300 verum
2425 2246 2622 2311 Deum,
2653 2252 2901 2300 sanctam
2945 2260 3081 2300 vero
3109 2244 3390 2315 Virginem
3422 2245 3553 2298 Dei-

1971 2350 2160 2404 param
2215 2350 2338 2391 esse
2368 2335 2648 2391 obstinata
2704 2335 2876 2391 animi
2936 2335 3295 2390 contentione
3348 2348 3552 2405 negare

1969 2438 2180 2497 pergat,
2209 2427 2263 2482 in
2293 2428 2517 2497 publico
2561 2443 2824 2484 consessu
2851 2444 3039 2485 coram
3075 2443 3187 2483 non
3230 2425 3554 2495 infrequen—

1970 2526 2057 2575 ter
2094 2520 2511 2590 corripuerunt,
2545 2530 2600 2576 et
2642 2521 2715 2576 ab
2740 2521 2987 2593 ejusdem
3022 2519 3413 2575 communione
3455 2517 3556 2573 de-

1969 2611 2275 2676 sciverunt,
2298 2621 2355 2667 et
2374 2612 2428 2667 in
2451 2613 2788 2669 hodiernum
2810 2628 2986 2683 usque
3014 2612 3164 2667 diem
3193 2609 3549 2675 desciscunt;

1969 2704 2224 2759 nonnulli
2246 2705 2561 2761 clanculum
2594 2707 2666 2762 ab
2698 2708 2849 2762 illius
2878 2705 3165 2761 consortio
3189 2719 3249 2759 se
3275 2703 3555 2759 subduxe—

1971 2803 2140 2851 runt:
2168 2797 2263 2851 alii
2301 2813 2372 2853 ex
2426 2797 2866 2869 religiosissimis
2886 2796 3248 2868 presbyteris,
3284 2792 3549 2865 quoniam

1969 2889 2026 2942 in
2084 2889 2187 2943 hac
2232 2896 2418 2945 sancta
2465 2891 2697 2945 ecclesia
2749 2890 2910 2944 lrene
2954 2887 3030 2958 (l)
3082 2885 3360 2940 maritima
3415 2898 3552 2937 con-

1970 2989 2057 3035 tra
2124 2981 2468 3051 repullulans
2535 2997 2771 3051 pravum
2843 2981 3040 3050 dogma
3082 2976 3548 3037 ’invehebantur,

289 3064 496 3136 συνήθη
539 3065 910 3132 διδασκαλίαν,
959 3066 1169 3135 λέγων·
1230 3068 1467 3122 Βασιλέα
1490 3069 1712 3139 ἔχομεν,
1742 3072 1864 3124 ὲπί-

1970 3070 2195 3125 dicendi
2249 3070 2512 3125 facultate
2558 3070 2763 3140 privati
2798 3078 2946 3125 sunt.
3009 3067 3169 3123 Unde
3212 3065 3436 3131 accidit,
3491 3072 3553 3118 ut

290 3172 489 3210 σκοπον
539 3156 640 3210 οὐκ
682 3156 903 3228 ἔχομεν.
967 3158 1077 3211 Καὶ
1122 3157 1260 3222 τέως
1307 3160 1408 3228 μὲν
1447 3161 1798 3232 ἀνεκδίκητον
1839 3174 1862 3202 θ

286 3248 469 3321 ἔμεινε
506 3249 567 3303 τὸ
593 3248 689 3302 τοῦ
716 3250 846 3302 λαοῦ
877 3249 1237 3319 πειρατήριον
1259 3289 1274 3317 ,
1333 3247 1428 3303 τοῦ
1471 3251 1862 3321 συλληφθέντος

285 3343 351 3396 ὲκ
382 3341 584 3413 μέρους
613 3342 765 3414 παρά
794 3342 905 3395 τῶν
931 3341 1236 3413 ὑπηρετῶν,
1290 3342 1387 3394 καὶ
1418 3342 1475 3393 ὲν
1502 3341 1578 3412 τῷ
1600 3341 1864 3413 δικανικῷ

283 3436 653 3507 τυπτηθέντος
680 3434 957 3504 διαφόρως
986 3434 1044 3488 ὲν
1070 3431 1225 3486 πόλει
1258 3431 1636 3505 βασιλευούσῃ·
1673 3432 1709 3487 ἃ
1736 3433 1862 3488 οὕτε

284 3529 346 3582 ὲν
400 3528 514 3590 τοῖς
569 3525 746 3579 ἔθνεσι
784 3527 922 3590 ’τοῖς
983 3525 1341 3596 βαρϐαρικοῖς
1401 3525 1638 3592 ἐγένετο.
1704 3525 1863 3590 Τινὲς

223 3611 226 3614 ’
283 3619 428 3674 κατά
456 3620 749 3689 πρόσωπον
794 3619 855 3673 ιν
893 3620 961 3690 τῇ
995 3617 1274 3689 ἁγιωτάτῃ
1305 3616 1574 3689 ἐκκλησία
1608 3618 1701 3670 ἐπὶ
1729 3617 1861 3672 λαοῦ

280 3708 554 3783 ἤλεγξαν,
610 3710 708 3763 καὶ
753 3708 1027 3780 θλίψιν.ού
1058 3707 1263 3779 μικρὰν
1293 3705 1616 3777 ὑπέμειναν.
1656 3707 1777 3760 Τῶν
1807 3708 1862 3761 δὲ

284 3803 661 3874 ἀφελεστέρων
683 3820 768 3865 τις
794 3801 1139 3875 μοναζόντων
1158 3799 1486 3871 ἠναγκάσθη
1510 3798 1659 3853 κατὰ
1678 3798 1859 3869 ζῆλον,

282 3895 388 3948 άνά
429 3895 593 3965 μέσον
622 3896 722 3965 τῆς
747 3893 1044 3965 ἐκκλησίας
1063 3933 1079 3959 ,
1131 3892 1223 3948 τὸν
1252 3891 1471 3961 κήρυκα
1504 3890 1603 3959 τῆς
1628 3891 1861 3959 ἀνομίας

281 3987 530 4057 ἐπισχεῖν
562 3985 656 4039 τοῦ
694 3988 769 4057 μὴ
798 3984 1101 4048 εἰσελθεῖν,
1153 3981 1425 4050 συνάξεως
1453 3980 1656 4071 οὖρης,
1709 3982 1860 4054 αίρε-

281 4078 437 4133 τικοῦ
466 4077 630 4131 αὐτοῦ
656 4077 828 4141 ὄντος.
852 4076 1055 4130 Τοῦτον
1077 4075 1133 4129 δὲ
1158 4076 1461 4145 τυπτήσας,
1488 4075 1603 4137 τοῖς
1629 4073 1862 4144 μεγαλο-

282 4149 679 4241 πρεπεστςῖτοις
711 4168 972 4238 ἐπάρχοις
999 4165 1338 4237 παρέδωκεν·
1371 4164 1452 4218 ἔτι
1473 4164 1531 4218 δὲ
1558 4164 1860 4233 τυπτηθέν-

279 4280 370 4324 τα,
401 4262 498 4316 καὶ
527 4260 916 4332 πομπευθέντα
942 4258 1202 4329 δημοσία,
1232 4256 1328 4311 τοῦ
1358 4257 1601 4329 κήρυκος
1628 4256 1859 4327 βοιῖιντος

1968 3160 2206 3229 populus
2237 3161 2498 3216 usitatam
2552 3160 2682 3216 ﬁdei
2734 3160 3185 3230 praedicationem
3234 3154 3547 3225 requirens.

1964 3250 2185 3318 publice
2209 3251 2533 3307 inclamaret
2561 3269 2574 3307 :
2602 3251 2996 3320 Imperatorem
3022 3249 3312 3310 habemus,
3338 3246 3555 3316 episco-

1966 3356 2098 3411 pum
2121 3358 2231 3398 non
2258 3342 2550 3397 habemus.
2572 3343 2777 3397 Verum
2810 3342 2903 3396 hic
2938 3340 3127 3410 populi
3173 3348 3405 3393 conatus
3437 3352 3549 3392 nor.

1965 3436 2170 3490 mansit
2193 3434 2457 3504 impunis.
2490 3434 2624 3489 Pars
2654 3449 2894 3502 namque
2932 3448 2961 3486 a
2982 3431 3254 3486 ministris
3293 3444 3551 3498 compre-

1964 3528 2161 3591 hensa,
2192 3532 2358 3595 atque
2383 3524 2454 3579 ad
2479 3524 2721 3579 tribunal
2739 3524 3044 3587 abstracta,
3067 3521 3160 3575 tali
3192 3518 3540 3575 immanitate

1963 3617 2315 3676 diverberata
2347 3627 2689 3686 exceptaque
2707 3623 2793 3671 est
2830 3615 2886 3669 in
2912 3613 3062 3684 regia
3092 3613 3341 3677 civitate,
3364 3610 3547 3680 qualis

1962 3727 2033 3767 ne
2093 3711 2241 3782 apud
2300 3709 2565 3765 barbaras
2618 3708 2843 3778 quidem
2898 3707 3157 3762 nationes
3201 3702 3535 3774 quandoque

1962 3803 2166 3859 usitata
2214 3802 2339 3858 fuit.
2394 3801 2517 3856 Non
2544 3800 2844 3856 defuerunt
2904 3798 3000 3867 qui
3031 3788 3537 3866 populo'praasente

1964 3904 2021 3951 et
2065 3895 2328 3951 audiente
2382 3894 2440 3949 in
2502 3892 2848 3950 sanctissima
2917 3889 3169 3945 Ecclesia
3221 3902 3407 3942 coram
3460 3886 3539 3941 illi

1964 3988 2368 4054 reclamarent;
2397 3985 2491 4042 sed
2511 4001 2624 4040 non
2649 3985 2786 4038 citra
2820 3980 3143 4054 gravissima
3170 3977 3540 4043 incommoda,

1961 4093 2085 4148 quae
2133 4093 2199 4133 ea
2246 4076 2316 4133 de
2364 4091 2530 4132 causa
2584 4075 2957 4145 pertulerunt.
3003 4069 3250 4140 Denique
3310 4068 3545 4138 simplex

1961 4168 2189 4239 quidam
2224 4167 2553 4233 monachus,
2580 4166 2700 4221 zelo
2738 4162 3057 4220 vehementi
3108 4159 3422 4229 instigatus,
3485 4156 3542 4211 in

1960 4261 2207 4317 medium
2242 4259 2491 4317 ecclesiae
2542 4272 2886 4329 progressus,
2946 4270 3073 4311 eum
3124 4250 3345 4324 synaxis
3399 4249 3544 4304 cele—

281 4352 593 4423 εμπροσθεν
626 4351 825 4416 αὑτοῦ,
878 4353 944 4420 τῇ
989 4349 1177 4421 ὲξορία
1208 4348 1591 4419 παρέπεμψεν.
1646 4349 1721 4401 Ub
1756 4348 1857 4416 μό-

1970 4353 2243 4417 braretur,
2296 4350 2595 4421 impietatis
2656 4362 3001 4419 praeconem,
3048 4343 3196 4415 quod
3247 4340 3546 4397 hasreticus

282 4465 371 4500 νον
411 4447 467 4499 δὲ
513 4445 709 4504 τοῦτο,
764 4442 903 4498 ἀλλά
952 4444 1046 4497 καὶ
1088 4443 1147 4495 ἐν
1185 4443 1321 4512 αὐτῇ
1359 4444 1426 4512 τῇ
1456 4442 1738 4512 ἀγιωτατῃ
1762 4443 1855 4494 ὲκ-

281 4538 507 4609 κλησῑᾳ,
566 4536 705 4607 μετά
752 4535 853 4606 τὴν
903 4533 1163 4605 ἀθέμιτον
1191 4533 1356 4587 αὑτοῦ
1385 4533 1624 4602 ὁμιλίαν,
1671 4533 1722 4586 οἱ
1758 4533 1855 4601 τῆς

278 4633 510 4704 φατρίας
540 4630 706 4684 αὑτοῦ
731 4629 827 4682 τοῦ
851 4626 1196 4699 κατέχοντος,
1224 4627 1385 4695 φόνον
1400 4625 1639 4697 “έμελλον
1663 4628 1855 4694 ποιεῖν,

276 4727 326 4780 εί
360 4725 436 4797 μὴ
467 4727 501 4794 ἡ
524 4723 620 4778 τοῦ
643 4722 780 4779 Θεοῦ
805 4722 1029 4795 βοήθεια
1054 4719 1342 4776 κατέλαϐε.

1964 4451 2133 4509 esset,
2159 4443 2229 4498 ab
2265 4442 2514 4513 ingressu
2548 4441 2844 4511 prohibere
2873 4445 3103 4493 conatus
3128 4443 3231 4490 est.
3261 4432 3368 4488 Sed
3392 4432 3544 4486 hunc

1966 4536 2059 4591 ille
2084 4551 2284 4591 caesum
2298 4533 2604 4604 magnificis
2621 4532 2954 4603 praesidibus
2979 4528 3225 4592 tradidit;
3242 4524 3548 4597 ﬂagrisque

1965 4627 2153 4682 denuo
2184 4627 2508 4689 dissectum,
2538 4633 2596 4679 et
2619 4624 2840 4694 publice
2880 4637 3104 4685 caesum,
3145 4632 3396 4691 praecone
3427 4631 3545 4670 non

1965 4719 2174 4789 absque
2199 4720 2444 4773 clamore
2484 4724 2788 4787 praeeunte,
2815 4715 2873 4770 in
2893 4715 3148 4771 exsilium
3176 4709 3404 4781 expulit.
3435 4707 3546 4763 Ne-

258 4832 387 4888 eque
440 4816 707 4888 tragoedia
750 4817 871 4872 hanc
901 4814 1055 4870 hisce
1099 4812 1307 4868 ﬁnibus
1334 4810 1607 4866 constitit.
1633 4810 1849 4864 Etenim
1890 4810 1985 4881 qui
2057 4819 2242 4881 partes
2282 4819 2621 4880 sequuntur
2657 4810 2843 4866 omnia
2876 4824 2975 4878 per
3006 4805 3115 4862 vim
3136 4802 3368 4875 agentis,
3414 4809 3540 4871 post

277 4908 500 4979 impiam
529 4907 680 4963 illius
716 4905 1066 4969 concionem,
1121 4902 1230 4957 nisi
1261 4902 1409 4957 Deus
1449 4898 1850 4970 prohibuisset,
1891 4901 1947 4955 in
1997 4903 2234 4970 ipsamet
2290 4906 2644 4955 sacrosancta
2699 4898 2800 4954 Dei
2827 4895 3073 4952 Ecclesia
3101 4893 3305 4949 caulem
3330 4890 3546 4946 edituri

271 5015 560 5150 81ἲζιξστὰ
608 5092 739 5162 περὶ
783 5089 946 5165 ἡμῶν
986 5088 1260 5145 δύσπιστά
1296 5090 1415 5142 ἐστι
1462 5086 1603 5157 τάχα
1638 5084 1854 5147 πολλοῖς

273 5189 387 5251 τοῖς
429 5186 709 5242 ἀκούουσι.
767 5186 926 5240 Κατά
954 5183 1063 5255 γὰρ
1107 5181 1357 5236 κέλευσιν
1386 5178 1550 5234 αὐτοῦ
1596 5177 1691 5232 καὶ
1718 5193 1853 5245 προ-

271 5280 481 5351 τροπὴν
511 5277 818 5349 ἀνήλθομεν
862 5279 920 5329 tv
953 5274 1032 5345 τῷ
1058 5273 1394 5342 ὲπισκοπείῳ
1432 5266 1855 5341 πληροφορηθῆ-

2034 5080 2125 5135 Ill.
2150 5080 2325 5134 Porro
2364 5086 2550 5133 autem
2567 5078 2637 5133 iis
2659 5093 2780 5147 quae
2803 5076 2874 5132 ab
2907 5076 3004 5130 illo
3020 5030 3284 5145 ’perpessi
3324 5087 3534 5147 smnus,

1961 5170 2120 5225 multi
2172 5169 2403 5224 fortasse
2452 5167 2617 5222 Iidem
2667 5183 2780 5222 non
2820 5166 3125 5222 habebunt.
3162 5162 3378 5219 Etenim
3426 5176 3543 5231 quo

1961 5263 2210 5334 perfecte
2254 5261 2639 5325 edocesemur,
2674 5275 2878 5316 verane
2914 5274 2978 5314 ea
3011 5265 3220 5322 essent,
3262 5270 3332 5309 an
3377 5252 3539 5319 falsa,

1550 5400 1785 5457 VARIAE
1831 5397 2230 5454 LEC'I‘IONES.

346 5519 371 5550 α
410 5507 692 5581 ἀκριϐοῦς.
768 5505 797 5546 ιι
823 5505 1060 5575 ἀληθῶς.
1140 5514 1163 5542 ε
1222 5501 1308 5555 Io’.
1336 5500 1438 5553 οὐκ
1467 5496 1842 5566 ἀνεκδίκητον.

348 5631 427 5704 (l)
460 5631 670 5686 Nomen
705 5624 956 5704 ecclesia;
996 5636 1119 5704 qua:
1178 5635 1247 5704 ex
1293 5618 1424 5704 “situ
1473 5615 1758 5704 maritima‘
1785 5612 1930 5704 dicta
1969 5619 2073 5676 est,
2124 5624 2247 5665 cum
2298 5607 2416 5661 aliae
2465 5613 2653 5661 essent
2685 5602 2931 5676 ejusdem
2978 5598 3239 5656 nominis.
3276 5598 3354 5654 Ex
3399 5595 3539 5651 Pro-

271 5682 432 5774 copio
454 5682 537 5757 De
549 5682 797 5756 aediﬁciis
813 5682 1108 5751 Iustiniani
1129 5689 1262 5746 edit.
1293 5689 1453 5744 Rom.
1481 5686 1538 5740 in
1565 5682 1837 5740 emendat.
