  <div class='ocr_page' id='page_1' title='image "/cluster/home/n/w/nwhite01/storage/ocr_20150623/91/mdp.39015022223195/737.png"; bbox 0 0 3938 6148; ppageno 0'>
   <div class='ocr_carea' id='block_1_1' title="bbox 481 361 626 428">
    <p class='ocr_par' dir='ltr' id='par_1_1' title="bbox 481 361 626 428">
     <span class='ocr_line' id='line_1_1' title="bbox 481 361 626 428; baseline -0.014 0"><span class='ocrx_word' id='word_1_1' title='bbox 481 361 626 428; x_wconf 75' lang='grc'><strong>1475</strong></span> 
     </span>
    </p>
   </div>
   <div class='ocr_carea' id='block_1_2' title="bbox 1758 345 2055 418">
    <p class='ocr_par' dir='ltr' id='par_1_2' title="bbox 1758 354 2054 418">
     <span class='ocr_line' id='line_1_2' title="bbox 1758 354 2054 418; baseline -0.014 0"><span class='ocrx_word' id='word_1_2' title='bbox 1758 354 2054 418; x_wconf 78' lang='lat' dir='ltr'><strong>THALAS</strong></span> 
     </span>
    </p>
   </div>
   <div class='ocr_carea' id='block_1_3' title="bbox 2162 345 3789 418">
    <p class='ocr_par' dir='ltr' id='par_1_3' title="bbox 2162 345 3789 416">
     <span class='ocr_line' id='line_1_3' title="bbox 2162 345 3789 416; baseline -0.006 -1"><span class='ocrx_word' id='word_1_3' title='bbox 2162 354 2164 361; x_wconf 85' lang='grc'><em>’</em></span> <span class='ocrx_word' id='word_1_4' title='bbox 2205 353 2523 416; x_wconf 75' lang='lat' dir='ltr'><strong>ABBATIS</strong></span> <span class='ocrx_word' id='word_1_5' title='bbox 3669 345 3789 406; x_wconf 56' lang='lat'><strong>1475</strong></span> 
     </span>
    </p>
   </div>
   <div class='ocr_carea' id='block_1_4' title="bbox 480 455 2055 546">
    <p class='ocr_par' dir='ltr' id='par_1_4' title="bbox 480 463 2055 546">
     <span class='ocr_line' id='line_1_4' title="bbox 480 463 2055 546; baseline -0.01 -17"><span class='ocrx_word' id='word_1_6' title='bbox 480 489 605 546; x_wconf 74' lang='lat' dir='ltr'><strong>qua:</strong></span> <span class='ocrx_word' id='word_1_7' title='bbox 651 471 719 526; x_wconf 90' lang='lat' dir='ltr'><strong>de</strong></span> <span class='ocrx_word' id='word_1_8' title='bbox 755 485 822 522; x_wconf 91' lang='lat' dir='ltr'><strong>eo</strong></span> <span class='ocrx_word' id='word_1_9' title='bbox 869 482 1281 538; x_wconf 89' lang='lat' dir='ltr'><strong>acceperamus,</strong></span> <span class='ocrx_word' id='word_1_10' title='bbox 1324 466 1377 519; x_wconf 92' lang='lat' dir='ltr'><strong>in</strong></span> <span class='ocrx_word' id='word_1_11' title='bbox 1429 465 1740 534; x_wconf 85' lang='lat' dir='ltr'><strong>episcopale</strong></span> <span class='ocrx_word' id='word_1_12' title='bbox 1797 463 2055 533; x_wconf 76' lang='lat' dir='ltr'><strong>palatium</strong></span> 
     </span>
    </p>
   </div>
   <div class='ocr_carea' id='block_1_5' title="bbox 2162 455 3787 546">
    <p class='ocr_par' dir='ltr' id='par_1_5' title="bbox 2170 455 3787 531">
     <span class='ocr_line' id='line_1_5' title="bbox 2170 455 3787 531; baseline -0.004 -18"><span class='ocrx_word' id='word_1_13' title='bbox 2170 479 2280 527; x_wconf 87' lang='grc' dir='ltr'>ναι,</span> <span class='ocrx_word' id='word_1_14' title='bbox 2333 465 2381 514; x_wconf 83' lang='grc' dir='ltr'><strong>εί</strong></span> <span class='ocrx_word' id='word_1_15' title='bbox 2412 461 2598 523; x_wconf 85' lang='grc' dir='ltr'>καθὼς</span> <span class='ocrx_word' id='word_1_16' title='bbox 2631 461 2956 531; x_wconf 86' lang='grc' dir='ltr'>ὲνοήσαμεν,</span> <span class='ocrx_word' id='word_1_17' title='bbox 2991 459 3028 513; x_wconf 78' lang='grc' dir='ltr'><strong>ἀ</strong></span> <span class='ocrx_word' id='word_1_18' title='bbox 3061 457 3198 530; x_wconf 86' lang='grc' dir='ltr'><strong>περί</strong></span> <span class='ocrx_word' id='word_1_19' title='bbox 3230 455 3419 512; x_wconf 77' lang='grc' dir='ltr'><strong>αὑτοῦ</strong></span> <span class='ocrx_word' id='word_1_20' title='bbox 3449 455 3787 526; x_wconf 68' lang='grc' dir='ltr'>ἠκούσαμεν,</span> 
     </span>
    </p>
   </div>
   <div class='ocr_carea' id='block_1_6' title="bbox 481 553 2062 632">
    <p class='ocr_par' dir='ltr' id='par_1_6' title="bbox 481 553 2062 632">
     <span class='ocr_line' id='line_1_6' title="bbox 481 553 2062 632; baseline -0.008 -14"><span class='ocrx_word' id='word_1_21' title='bbox 481 563 632 618; x_wconf 87' lang='lat' dir='ltr'><strong>illius</strong></span> <span class='ocrx_word' id='word_1_22' title='bbox 696 563 856 632; x_wconf 85' lang='lat' dir='ltr'><strong>jussu</strong></span> <span class='ocrx_word' id='word_1_23' title='bbox 929 561 1266 628; x_wconf 92' lang='lat' dir='ltr'><strong>hortatuque</strong></span> <span class='ocrx_word' id='word_1_24' title='bbox 1354 556 1797 611; x_wconf 75' lang='lat' dir='ltr'><strong>wnsccndimus.</strong></span> <span class='ocrx_word' id='word_1_25' title='bbox 1882 553 2062 608; x_wconf 86' lang='lat' dir='ltr'><strong>Semel</strong></span> 
     </span>
    </p>
   </div>
   <div class='ocr_carea' id='block_1_7' title="bbox 481 641 2064 723">
    <p class='ocr_par' dir='ltr' id='par_1_7' title="bbox 481 641 2064 723">
     <span class='ocr_line' id='line_1_7' title="bbox 481 641 2064 723; baseline -0.006 -14"><span class='ocrx_word' id='word_1_26' title='bbox 481 663 666 710; x_wconf 85' lang='lat' dir='ltr'><strong>autem</strong></span> <span class='ocrx_word' id='word_1_27' title='bbox 697 663 862 723; x_wconf 90' lang='lat' dir='ltr'><strong>atque</strong></span> <span class='ocrx_word' id='word_1_28' title='bbox 913 653 1114 706; x_wconf 78' lang='lat' dir='ltr'><strong>iterum</strong></span> <span class='ocrx_word' id='word_1_29' title='bbox 1160 652 1216 705; x_wconf 93' lang='lat' dir='ltr'><strong>in</strong></span> <span class='ocrx_word' id='word_1_30' title='bbox 1249 650 1396 705; x_wconf 86' lang='lat' dir='ltr'><strong>aliud</strong></span> <span class='ocrx_word' id='word_1_31' title='bbox 1441 660 1658 720; x_wconf 92' lang='lat' dir='ltr'><strong>tempus</strong></span> <span class='ocrx_word' id='word_1_32' title='bbox 1698 648 1887 719; x_wconf 84' lang='lat' dir='ltr'><strong>rejecti</strong></span> <span class='ocrx_word' id='word_1_33' title='bbox 1914 686 1928 711; x_wconf 88' lang='lat'><strong>,</strong></span> <span class='ocrx_word' id='word_1_34' title='bbox 1974 641 2064 699; x_wconf 75' lang='lat' dir='ltr'><strong>vix</strong></span> 
     </span>
    </p>
   </div>
   <div class='ocr_carea' id='block_1_8' title="bbox 485 737 2066 814">
    <p class='ocr_par' dir='ltr' id='par_1_8' title="bbox 485 737 2066 814">
     <span class='ocr_line' id='line_1_8' title="bbox 485 737 2066 814; baseline -0.007 -13"><span class='ocrx_word' id='word_1_35' title='bbox 485 745 703 801; x_wconf 92' lang='lat' dir='ltr'><strong>tandem</strong></span> <span class='ocrx_word' id='word_1_36' title='bbox 752 743 1048 814; x_wconf 89' lang='lat' dir='ltr'><strong>prodiens:</strong></span> <span class='ocrx_word' id='word_1_37' title='bbox 1083 742 1234 810; x_wconf 65' lang='lat' dir='ltr'><strong>Quae,</strong></span> <span class='ocrx_word' id='word_1_38' title='bbox 1282 741 1484 811; x_wconf 85' lang='lat' dir='ltr'><strong>inquit,</strong></span> <span class='ocrx_word' id='word_1_39' title='bbox 1521 741 1706 806; x_wconf 84' lang='lat' dir='ltr'><strong>vultis,</strong></span> <span class='ocrx_word' id='word_1_40' title='bbox 1761 754 1826 793; x_wconf 90' lang='lat' dir='ltr'><strong>ea</strong></span> <span class='ocrx_word' id='word_1_41' title='bbox 1873 737 2066 807; x_wconf 87' lang='lat' dir='ltr'><strong>paucis</strong></span> 
     </span>
    </p>
   </div>
   <div class='ocr_carea' id='block_1_9' title="bbox 481 829 2065 908">
    <p class='ocr_par' dir='ltr' id='par_1_9' title="bbox 481 829 2065 908">
     <span class='ocr_line' id='line_1_9' title="bbox 481 829 2065 908; baseline -0.008 -16"><span class='ocrx_word' id='word_1_42' title='bbox 481 836 762 908; x_wconf 79' lang='lat' dir='ltr'><strong>exponite.</strong></span> <span class='ocrx_word' id='word_1_43' title='bbox 793 836 1159 904; x_wconf 80' lang='lat' dir='ltr'><strong>Posteaquam</strong></span> <span class='ocrx_word' id='word_1_44' title='bbox 1197 849 1326 887; x_wconf 85' lang='lat' dir='ltr'><strong>vero</strong></span> <span class='ocrx_word' id='word_1_45' title='bbox 1358 849 1426 886; x_wconf 76' lang='lat' dir='ltr'><strong>ex</strong></span> <span class='ocrx_word' id='word_1_46' title='bbox 1473 832 1633 885; x_wconf 88' lang='lat' dir='ltr'><strong>nobis</strong></span> <span class='ocrx_word' id='word_1_47' title='bbox 1683 829 1916 892; x_wconf 90' lang='lat' dir='ltr'><strong>audivit,</strong></span> <span class='ocrx_word' id='word_1_48' title='bbox 1943 842 2065 896; x_wconf 64' lang='lat' dir='ltr'><strong>quae</strong></span> 
     </span>
    </p>
   </div>
   <div class='ocr_carea' id='block_1_10' title="bbox 481 909 2064 991">
    <p class='ocr_par' dir='ltr' id='par_1_10' title="bbox 481 909 2064 991">
     <span class='ocr_line' id='line_1_10' title="bbox 481 909 2064 991; baseline -0.008 -6"><span class='ocrx_word' id='word_1_49' title='bbox 481 934 782 991; x_wconf 89' lang='lat' dir='ltr'><strong>docuerat;</strong></span> <span class='ocrx_word' id='word_1_50' title='bbox 843 927 1057 980; x_wconf 85' lang='lat' dir='ltr'><strong>scilicet</strong></span> <span class='ocrx_word' id='word_1_51' title='bbox 1103 925 1328 978; x_wconf 84' lang='lat' dir='ltr'><strong>Mariam</strong></span> <span class='ocrx_word' id='word_1_52' title='bbox 1375 923 1512 977; x_wconf 84' lang='lat' dir='ltr'><strong>nihil</strong></span> <span class='ocrx_word' id='word_1_53' title='bbox 1576 909 1726 977; x_wconf 73' lang='lat' dir='ltr'><strong>aliud</strong></span> <span class='ocrx_word' id='word_1_54' title='bbox 1777 920 2064 990; x_wconf 86' lang='lat' dir='ltr'><strong>peperisse</strong></span> 
     </span>
    </p>
   </div>
   <div class='ocr_carea' id='block_1_11' title="bbox 399 1013 2064 1094">
    <p class='ocr_par' dir='ltr' id='par_1_11' title="bbox 399 1013 2064 1094">
     <span class='ocr_line' id='line_1_11' title="bbox 399 1013 2064 1094; baseline -0.01 -15"><span class='ocrx_word' id='word_1_55' title='bbox 399 1041 408 1053; x_wconf 89' lang='grc'>·</span> <span class='ocrx_word' id='word_1_56' title='bbox 483 1039 652 1094; x_wconf 89' lang='lat' dir='ltr'><strong>quam</strong></span> <span class='ocrx_word' id='word_1_57' title='bbox 687 1021 972 1076; x_wconf 87' lang='lat' dir='ltr'><strong>hominem</strong></span> <span class='ocrx_word' id='word_1_58' title='bbox 1017 1017 1124 1072; x_wconf 84' lang='lat' dir='ltr'><strong>sibi</strong></span> <span class='ocrx_word' id='word_1_59' title='bbox 1160 1015 1610 1076; x_wconf 81' lang='lat' dir='ltr'><strong>coessentialem;</strong></span> <span class='ocrx_word' id='word_1_60' title='bbox 1655 1013 1790 1066; x_wconf 89' lang='lat' dir='ltr'><strong>nihil</strong></span> <span class='ocrx_word' id='word_1_61' title='bbox 1845 1025 2064 1065; x_wconf 86' lang='lat' dir='ltr'><strong>rursum</strong></span> 
     </span>
    </p>
   </div>
   <div class='ocr_carea' id='block_1_12' title="bbox 481 1100 2062 1179">
    <p class='ocr_par' dir='ltr' id='par_1_12' title="bbox 481 1100 2062 1179">
     <span class='ocr_line' id='line_1_12' title="bbox 481 1100 2062 1179; baseline -0.011 -9"><span class='ocrx_word' id='word_1_62' title='bbox 481 1132 550 1170; x_wconf 80' lang='lat' dir='ltr'><strong>ex</strong></span> <span class='ocrx_word' id='word_1_63' title='bbox 575 1129 738 1169; x_wconf 85' lang='lat' dir='ltr'><strong>earne</strong></span> <span class='ocrx_word' id='word_1_64' title='bbox 762 1111 911 1166; x_wconf 86' lang='lat' dir='ltr'><strong>nasci</strong></span> <span class='ocrx_word' id='word_1_65' title='bbox 944 1124 1124 1179; x_wconf 80' lang='lat' dir='ltr'><strong>posse,</strong></span> <span class='ocrx_word' id='word_1_66' title='bbox 1167 1108 1271 1162; x_wconf 90' lang='lat' dir='ltr'><strong>nisi</strong></span> <span class='ocrx_word' id='word_1_67' title='bbox 1297 1121 1549 1166; x_wconf 87' lang='lat' dir='ltr'><strong>carnem;</strong></span> <span class='ocrx_word' id='word_1_68' title='bbox 1599 1120 1662 1157; x_wconf 89' lang='lat' dir='ltr'><strong>ea</strong></span> <span class='ocrx_word' id='word_1_69' title='bbox 1727 1112 1888 1158; x_wconf 61' lang='lat' dir='ltr'><strong>recta:</strong></span> <span class='ocrx_word' id='word_1_70' title='bbox 1937 1100 2062 1156; x_wconf 82' lang='lat' dir='ltr'><strong>ﬁdei</strong></span> 
     </span>
    </p>
   </div>
   <div class='ocr_carea' id='block_1_13' title="bbox 484 1193 2064 1264">
    <p class='ocr_par' dir='ltr' id='par_1_13' title="bbox 484 1193 2064 1264">
     <span class='ocr_line' id='line_1_13' title="bbox 484 1193 2064 1264; baseline -0.009 -3"><span class='ocrx_word' id='word_1_71' title='bbox 484 1213 855 1261; x_wconf 89' lang='lat' dir='ltr'><strong>consentanea</strong></span> <span class='ocrx_word' id='word_1_72' title='bbox 883 1219 994 1255; x_wconf 87' lang='lat' dir='ltr'><strong>non</strong></span> <span class='ocrx_word' id='word_1_73' title='bbox 1019 1217 1164 1264; x_wconf 88' lang='lat' dir='ltr'><strong>esse,</strong></span> <span class='ocrx_word' id='word_1_74' title='bbox 1197 1199 1380 1254; x_wconf 87' lang='lat' dir='ltr'><strong>statim</strong></span> <span class='ocrx_word' id='word_1_75' title='bbox 1415 1213 1515 1250; x_wconf 91' lang='lat' dir='ltr'><strong>nos</strong></span> <span class='ocrx_word' id='word_1_76' title='bbox 1538 1196 1656 1264; x_wconf 88' lang='lat' dir='ltr'><strong>capi</strong></span> <span class='ocrx_word' id='word_1_77' title='bbox 1689 1195 1889 1264; x_wconf 85' lang='lat' dir='ltr'><strong>jussit:</strong></span> <span class='ocrx_word' id='word_1_78' title='bbox 1937 1193 2064 1248; x_wconf 89' lang='lat' dir='ltr'><strong>inde</strong></span> 
     </span>
    </p>
   </div>
   <div class='ocr_carea' id='block_1_14' title="bbox 485 1283 2066 1353">
    <p class='ocr_par' dir='ltr' id='par_1_14' title="bbox 485 1283 2066 1353">
     <span class='ocr_line' id='line_1_14' title="bbox 485 1283 2066 1353; baseline -0.01 0"><span class='ocrx_word' id='word_1_79' title='bbox 485 1297 734 1353; x_wconf 68' lang='lat' dir='ltr'><strong>credente</strong></span> <span class='ocrx_word' id='word_1_80' title='bbox 771 1309 875 1348; x_wconf 90' lang='lat' dir='ltr'><strong>nos</strong></span> <span class='ocrx_word' id='word_1_81' title='bbox 911 1292 1073 1347; x_wconf 89' lang='lat' dir='ltr'><strong>turba</strong></span> <span class='ocrx_word' id='word_1_82' title='bbox 1123 1291 1446 1352; x_wconf 88' lang='lat' dir='ltr'><strong>satellitum,</strong></span> <span class='ocrx_word' id='word_1_83' title='bbox 1493 1287 1558 1340; x_wconf 87' lang='lat' dir='ltr'><strong>ad</strong></span> <span class='ocrx_word' id='word_1_84' title='bbox 1596 1285 1837 1339; x_wconf 82' lang='lat' dir='ltr'><strong>tribunal</strong></span> <span class='ocrx_word' id='word_1_85' title='bbox 1890 1283 2066 1338; x_wconf 90' lang='lat' dir='ltr'><strong>abdu-</strong></span> 
     </span>
    </p>
   </div>
   <div class='ocr_carea' id='block_1_15' title="bbox 483 1369 2068 1452">
    <p class='ocr_par' dir='ltr' id='par_1_15' title="bbox 483 1369 2068 1452">
     <span class='ocr_line' id='line_1_15' title="bbox 483 1369 2068 1452; baseline -0.013 -10"><span class='ocrx_word' id='word_1_86' title='bbox 483 1389 680 1452; x_wconf 88' lang='lat' dir='ltr'><strong>cimur,</strong></span> <span class='ocrx_word' id='word_1_87' title='bbox 715 1385 1029 1451; x_wconf 82' lang='lat' dir='ltr'><strong>ibidemque</strong></span> <span class='ocrx_word' id='word_1_88' title='bbox 1048 1379 1218 1434; x_wconf 86' lang='lat' dir='ltr'><strong>veluti</strong></span> <span class='ocrx_word' id='word_1_89' title='bbox 1248 1391 1486 1446; x_wconf 88' lang='lat' dir='ltr'><strong>nequam</strong></span> <span class='ocrx_word' id='word_1_90' title='bbox 1523 1371 1794 1436; x_wconf 82' lang='lat' dir='ltr'><strong>scelerati,</strong></span> <span class='ocrx_word' id='word_1_91' title='bbox 1819 1369 2068 1425; x_wconf 87' lang='lat' dir='ltr'><strong>denuda-</strong></span> 
     </span>
    </p>
   </div>
   <div class='ocr_carea' id='block_1_16' title="bbox 483 1462 2062 1543">
    <p class='ocr_par' dir='ltr' id='par_1_16' title="bbox 483 1462 2062 1543">
     <span class='ocr_line' id='line_1_16' title="bbox 483 1462 2062 1543; baseline -0.012 -11"><span class='ocrx_word' id='word_1_92' title='bbox 483 1495 632 1540; x_wconf 89' lang='lat' dir='ltr'><strong>mur,</strong></span> <span class='ocrx_word' id='word_1_93' title='bbox 649 1473 1024 1543; x_wconf 87' lang='lat' dir='ltr'><strong>deuudatique</strong></span> <span class='ocrx_word' id='word_1_94' title='bbox 1046 1482 1102 1526; x_wconf 89' lang='lat' dir='ltr'><strong>et</strong></span> <span class='ocrx_word' id='word_1_95' title='bbox 1118 1469 1289 1524; x_wconf 88' lang='lat' dir='ltr'><strong>vincti</strong></span> <span class='ocrx_word' id='word_1_96' title='bbox 1311 1467 1550 1537; x_wconf 82' lang='lat' dir='ltr'><strong>indignis</strong></span> <span class='ocrx_word' id='word_1_97' title='bbox 1574 1464 1754 1518; x_wconf 92' lang='lat' dir='ltr'><strong>modis</strong></span> <span class='ocrx_word' id='word_1_98' title='bbox 1770 1463 1834 1516; x_wconf 86' lang='lat' dir='ltr'><strong>ad</strong></span> <span class='ocrx_word' id='word_1_99' title='bbox 1855 1462 2062 1532; x_wconf 87' lang='lat' dir='ltr'><strong>palum,</strong></span> 
     </span>
    </p>
   </div>
   <div class='ocr_carea' id='block_1_17' title="bbox 484 1555 2065 1636">
    <p class='ocr_par' dir='ltr' id='par_1_17' title="bbox 484 1555 2065 1636">
     <span class='ocr_line' id='line_1_17' title="bbox 484 1555 2065 1636; baseline -0.011 -11"><span class='ocrx_word' id='word_1_100' title='bbox 484 1578 540 1625; x_wconf 91' lang='lat' dir='ltr'><strong>et</strong></span> <span class='ocrx_word' id='word_1_101' title='bbox 576 1569 732 1624; x_wconf 86' lang='lat' dir='ltr'><strong>strati</strong></span> <span class='ocrx_word' id='word_1_102' title='bbox 767 1567 1113 1636; x_wconf 87' lang='lat' dir='ltr'><strong>vapulamus,</strong></span> <span class='ocrx_word' id='word_1_103' title='bbox 1140 1562 1495 1629; x_wconf 85' lang='lat' dir='ltr'><strong>calcibusque</strong></span> <span class='ocrx_word' id='word_1_104' title='bbox 1532 1556 1872 1626; x_wconf 89' lang='lat' dir='ltr'><strong>impetimur.</strong></span> <span class='ocrx_word' id='word_1_105' title='bbox 1903 1555 2065 1608; x_wconf 90' lang='lat' dir='ltr'><strong>Deni-</strong></span> 
     </span>
    </p>
   </div>
   <div class='ocr_carea' id='block_1_18' title="bbox 483 1643 2067 1729">
    <p class='ocr_par' dir='ltr' id='par_1_18' title="bbox 483 1643 2067 1729">
     <span class='ocr_line' id='line_1_18' title="bbox 483 1643 2067 1729; baseline -0.011 -16"><span class='ocrx_word' id='word_1_106' title='bbox 483 1677 591 1729; x_wconf 88' lang='lat' dir='ltr'><strong>que</strong></span> <span class='ocrx_word' id='word_1_107' title='bbox 624 1655 899 1729; x_wconf 70' lang='lat' dir='ltr'><strong>ejusmodi</strong></span> <span class='ocrx_word' id='word_1_108' title='bbox 929 1670 1028 1708; x_wconf 88' lang='lat' dir='ltr'><strong>nos</strong></span> <span class='ocrx_word' id='word_1_109' title='bbox 1064 1653 1119 1706; x_wconf 90' lang='lat' dir='ltr'><strong>in</strong></span> <span class='ocrx_word' id='word_1_110' title='bbox 1149 1651 1387 1705; x_wconf 85' lang='lat' dir='ltr'><strong>ecclesia</strong></span> <span class='ocrx_word' id='word_1_111' title='bbox 1418 1649 1619 1718; x_wconf 82' lang='lat' dir='ltr'><strong>injuste</strong></span> <span class='ocrx_word' id='word_1_112' title='bbox 1637 1647 1705 1699; x_wconf 90' lang='lat' dir='ltr'><strong>ab</strong></span> <span class='ocrx_word' id='word_1_113' title='bbox 1733 1646 1938 1714; x_wconf 87' lang='lat' dir='ltr'><strong>injusto</strong></span> <span class='ocrx_word' id='word_1_114' title='bbox 1971 1643 2067 1696; x_wconf 87' lang='lat' dir='ltr'><strong>illo</strong></span> 
     </span>
    </p>
   </div>
   <div class='ocr_carea' id='block_1_19' title="bbox 481 1735 2068 1823">
    <p class='ocr_par' dir='ltr' id='par_1_19' title="bbox 481 1735 2068 1823">
     <span class='ocr_line' id='line_1_19' title="bbox 481 1735 2068 1823; baseline -0.013 -15"><span class='ocrx_word' id='word_1_115' title='bbox 481 1751 731 1823; x_wconf 85' lang='lat' dir='ltr'><strong>perpessi</strong></span> <span class='ocrx_word' id='word_1_116' title='bbox 753 1763 964 1812; x_wconf 88' lang='lat' dir='ltr'><strong>sumus,</strong></span> <span class='ocrx_word' id='word_1_117' title='bbox 1002 1760 1125 1816; x_wconf 76' lang='lat' dir='ltr'><strong>qua:</strong></span> <span class='ocrx_word' id='word_1_118' title='bbox 1151 1759 1219 1797; x_wconf 92' lang='lat' dir='ltr'><strong>ne</strong></span> <span class='ocrx_word' id='word_1_119' title='bbox 1253 1742 1452 1795; x_wconf 72' lang='lat' dir='ltr'><strong>inlitum</strong></span> <span class='ocrx_word' id='word_1_120' title='bbox 1503 1738 1726 1807; x_wconf 85' lang='lat' dir='ltr'><strong>quidem</strong></span> <span class='ocrx_word' id='word_1_121' title='bbox 1763 1737 1928 1789; x_wconf 82' lang='lat' dir='ltr'><strong>sortis</strong></span> <span class='ocrx_word' id='word_1_122' title='bbox 1970 1735 2068 1789; x_wconf 88' lang='lat' dir='ltr'><strong>ho-</strong></span> 
     </span>
    </p>
   </div>
   <div class='ocr_carea' id='block_1_20' title="bbox 485 1817 2137 1910">
    <p class='ocr_par' dir='ltr' id='par_1_20' title="bbox 485 1817 2137 1910">
     <span class='ocr_line' id='line_1_20' title="bbox 485 1817 2137 1910; baseline -0.012 -13"><span class='ocrx_word' id='word_1_123' title='bbox 485 1817 663 1896; x_wconf 78' lang='lat' dir='ltr'><strong>mines</strong></span> <span class='ocrx_word' id='word_1_124' title='bbox 700 1839 1067 1910; x_wconf 82' lang='lat' dir='ltr'><strong>experiuntur</strong></span> <span class='ocrx_word' id='word_1_125' title='bbox 1101 1835 1155 1888; x_wconf 92' lang='lat' dir='ltr'><strong>in</strong></span> <span class='ocrx_word' id='word_1_126' title='bbox 1184 1835 1306 1888; x_wconf 79' lang='lat' dir='ltr'><strong>foro</strong></span> <span class='ocrx_word' id='word_1_127' title='bbox 1329 1831 1477 1886; x_wconf 78' lang='lat' dir='ltr'><strong>civili</strong></span> <span class='ocrx_word' id='word_1_128' title='bbox 1501 1870 1516 1892; x_wconf 90' lang='lat'><strong>,</strong></span> <span class='ocrx_word' id='word_1_129' title='bbox 1544 1846 1650 1883; x_wconf 89' lang='lat' dir='ltr'><strong>non</strong></span> <span class='ocrx_word' id='word_1_130' title='bbox 1698 1829 1826 1882; x_wconf 90' lang='lat' dir='ltr'><strong>dico</strong></span> <span class='ocrx_word' id='word_1_131' title='bbox 1850 1825 2060 1887; x_wconf 85' lang='lat' dir='ltr'><strong>clerici,</strong></span> <span class='ocrx_word' id='word_1_132' title='bbox 2098 1817 2137 1870; x_wconf 73' lang='grc' dir='ltr'><strong>Β</strong></span> 
     </span>
    </p>
   </div>
   <div class='ocr_carea' id='block_1_21' title="bbox 482 1918 2063 1993">
    <p class='ocr_par' dir='ltr' id='par_1_21' title="bbox 482 1918 2063 1993">
     <span class='ocr_line' id='line_1_21' title="bbox 482 1918 2063 1993; baseline -0.011 -6"><span class='ocrx_word' id='word_1_133' title='bbox 482 1938 551 1987; x_wconf 78' lang='lat' dir='ltr'><strong>et&#39;</strong></span> <span class='ocrx_word' id='word_1_134' title='bbox 581 1932 860 1993; x_wconf 85' lang='lat' dir='ltr'><strong>monachi,</strong></span> <span class='ocrx_word' id='word_1_135' title='bbox 901 1923 1742 1985; x_wconf 60' lang='lat' dir='ltr'><strong>etarchimandriumCaeterum</strong></span> <span class='ocrx_word' id='word_1_136' title='bbox 1797 1919 1889 1972; x_wconf 90' lang='lat' dir='ltr'><strong>diu</strong></span> <span class='ocrx_word' id='word_1_137' title='bbox 1925 1918 2063 1972; x_wconf 92' lang='lat' dir='ltr'><strong>mul-</strong></span> 
     </span>
    </p>
   </div>
   <div class='ocr_carea' id='block_1_22' title="bbox 481 2009 2057 2090">
    <p class='ocr_par' dir='ltr' id='par_1_22' title="bbox 481 2009 2057 2090">
     <span class='ocr_line' id='line_1_22' title="bbox 481 2009 2057 2090; baseline -0.01 -15"><span class='ocrx_word' id='word_1_138' title='bbox 481 2031 706 2090; x_wconf 86' lang='lat' dir='ltr'><strong>tumque</strong></span> <span class='ocrx_word' id='word_1_139' title='bbox 735 2020 812 2074; x_wconf 92' lang='lat' dir='ltr'><strong>ibi</strong></span> <span class='ocrx_word' id='word_1_140' title='bbox 845 2017 1108 2080; x_wconf 77' lang='lat' dir='ltr'><strong>divexati,</strong></span> <span class='ocrx_word' id='word_1_141' title='bbox 1141 2015 1392 2083; x_wconf 81' lang='lat' dir='ltr'><strong>fameque</strong></span> <span class='ocrx_word' id='word_1_142' title='bbox 1419 2013 1787 2073; x_wconf 87' lang='lat' dir='ltr'><strong>tabescentes,</strong></span> <span class='ocrx_word' id='word_1_143' title='bbox 1823 2009 1927 2064; x_wconf 88' lang='lat' dir='ltr'><strong>sub</strong></span> <span class='ocrx_word' id='word_1_144' title='bbox 1954 2023 2057 2062; x_wconf 89' lang='lat' dir='ltr'><strong>eu-</strong></span> 
     </span>
    </p>
   </div>
   <div class='ocr_carea' id='block_1_23' title="bbox 481 2097 2060 2172">
    <p class='ocr_par' dir='ltr' id='par_1_23' title="bbox 481 2097 2060 2172">
     <span class='ocr_line' id='line_1_23' title="bbox 481 2097 2060 2172; baseline -0.011 -6"><span class='ocrx_word' id='word_1_145' title='bbox 481 2110 662 2166; x_wconf 86' lang='lat' dir='ltr'><strong>stodia</strong></span> <span class='ocrx_word' id='word_1_146' title='bbox 726 2125 837 2163; x_wconf 89' lang='lat' dir='ltr'><strong>non</strong></span> <span class='ocrx_word' id='word_1_147' title='bbox 897 2108 1117 2162; x_wconf 88' lang='lat' dir='ltr'><strong>modico</strong></span> <span class='ocrx_word' id='word_1_148' title='bbox 1196 2113 1441 2172; x_wconf 81' lang='lat' dir='ltr'><strong>tempore</strong></span> <span class='ocrx_word' id='word_1_149' title='bbox 1512 2103 1718 2156; x_wconf 81' lang='lat' dir='ltr'><strong>fuimus</strong></span> <span class='ocrx_word' id='word_1_150' title='bbox 1778 2097 2060 2153; x_wconf 89' lang='lat' dir='ltr'><strong>asservati.</strong></span> 
     </span>
    </p>
   </div>
   <div class='ocr_carea' id='block_1_24' title="bbox 478 2191 2058 2268">
    <p class='ocr_par' dir='ltr' id='par_1_24' title="bbox 478 2191 2058 2268">
     <span class='ocr_line' id='line_1_24' title="bbox 478 2191 2058 2268; baseline -0.009 -14"><span class='ocrx_word' id='word_1_151' title='bbox 478 2200 670 2268; x_wconf 85' lang='lat' dir='ltr'><strong>Neque</strong></span> <span class='ocrx_word' id='word_1_152' title='bbox 731 2199 882 2251; x_wconf 90' lang='lat' dir='ltr'><strong>illius</strong></span> <span class='ocrx_word' id='word_1_153' title='bbox 911 2197 1070 2250; x_wconf 65' lang='lat' dir='ltr'><strong>furi-.e</strong></span> <span class='ocrx_word' id='word_1_154' title='bbox 1109 2195 1196 2248; x_wconf 90' lang='lat' dir='ltr'><strong>his</strong></span> <span class='ocrx_word' id='word_1_155' title='bbox 1255 2201 1532 2247; x_wconf 72' lang='lat' dir='ltr'><strong>contenta:</strong></span> <span class='ocrx_word' id='word_1_156' title='bbox 1579 2191 2058 2258; x_wconf 87' lang='lat' dir='ltr'><strong>conquieverunt;</strong></span> 
     </span>
    </p>
   </div>
   <div class='ocr_carea' id='block_1_25' title="bbox 479 2276 2063 2355">
    <p class='ocr_par' dir='ltr' id='par_1_25' title="bbox 479 2276 2063 2355">
     <span class='ocr_line' id='line_1_25' title="bbox 479 2276 2063 2355; baseline -0.008 -12"><span class='ocrx_word' id='word_1_157' title='bbox 479 2302 671 2343; x_wconf 87' lang='lat' dir='ltr'><strong>verum</strong></span> <span class='ocrx_word' id='word_1_158' title='bbox 698 2301 794 2355; x_wconf 89' lang='lat' dir='ltr'><strong>per</strong></span> <span class='ocrx_word' id='word_1_159' title='bbox 807 2283 1492 2354; x_wconf 81' lang='lat' dir='ltr'><strong>quamdam_imposturain</strong></span> <span class='ocrx_word' id='word_1_160' title='bbox 1520 2276 2063 2348; x_wconf 79' lang='lat' dir='ltr'><strong>magniﬁcentissimo</strong></span> 
     </span>
    </p>
   </div>
   <div class='ocr_carea' id='block_1_26' title="bbox 479 2370 2058 2444">
    <p class='ocr_par' dir='ltr' id='par_1_26' title="bbox 479 2370 2058 2444">
     <span class='ocr_line' id='line_1_26' title="bbox 479 2370 2058 2444; baseline -0.009 -9"><span class='ocrx_word' id='word_1_161' title='bbox 479 2379 856 2435; x_wconf 61' lang='lat' dir='ltr'><strong>celeberrimae</strong></span> <span class='ocrx_word' id='word_1_162' title='bbox 891 2377 1134 2432; x_wconf 78' lang='lat' dir='ltr'><strong>civitatis</strong></span> <span class='ocrx_word' id='word_1_163' title='bbox 1164 2376 1330 2444; x_wconf 79' lang='lat' dir='ltr'><strong>hujus</strong></span> <span class='ocrx_word' id='word_1_164' title='bbox 1347 2372 1608 2443; x_wconf 71' lang='lat' dir='ltr'><strong>prmfecto</strong></span> <span class='ocrx_word' id='word_1_165' title='bbox 1641 2370 1830 2424; x_wconf 89' lang='lat' dir='ltr'><strong>traditi</strong></span> <span class='ocrx_word' id='word_1_166' title='bbox 1850 2385 2058 2424; x_wconf 88' lang='lat' dir='ltr'><strong>sumus.</strong></span> 
     </span>
    </p>
   </div>
   <div class='ocr_carea' id='block_1_27' title="bbox 481 2460 2063 2546">
    <p class='ocr_par' dir='ltr' id='par_1_27' title="bbox 481 2460 2063 2546">
     <span class='ocr_line' id='line_1_27' title="bbox 481 2460 2063 2546; baseline -0.007 -20"><span class='ocrx_word' id='word_1_167' title='bbox 481 2472 764 2540; x_wconf 89' lang='lat' dir='ltr'><strong>Ferroque</strong></span> <span class='ocrx_word' id='word_1_168' title='bbox 819 2469 1012 2523; x_wconf 88' lang='lat' dir='ltr'><strong>onusti</strong></span> <span class='ocrx_word' id='word_1_169' title='bbox 1055 2467 1121 2524; x_wconf 89' lang='lat' dir='ltr'><strong>ad</strong></span> <span class='ocrx_word' id='word_1_170' title='bbox 1155 2480 1434 2546; x_wconf 57' lang='lat' dir='ltr'><strong>carcerem</strong></span> <span class='ocrx_word' id='word_1_171' title='bbox 1481 2463 1883 2516; x_wconf 84' lang='lat' dir='ltr'><strong>abstrahimur:</strong></span> <span class='ocrx_word' id='word_1_172' title='bbox 1933 2460 2063 2515; x_wconf 89' lang='lat' dir='ltr'><strong>hinc</strong></span> 
     </span>
    </p>
   </div>
   <div class='ocr_carea' id='block_1_28' title="bbox 479 2553 2063 2627">
    <p class='ocr_par' dir='ltr' id='par_1_28' title="bbox 479 2553 2063 2627">
     <span class='ocr_line' id='line_1_28' title="bbox 479 2553 2063 2627; baseline -0.007 -10"><span class='ocrx_word' id='word_1_173' title='bbox 479 2563 680 2617; x_wconf 89' lang='lat' dir='ltr'><strong>iterum</strong></span> <span class='ocrx_word' id='word_1_174' title='bbox 709 2561 966 2624; x_wconf 79' lang='lat' dir='ltr'><strong>extracti,</strong></span> <span class='ocrx_word' id='word_1_175' title='bbox 1003 2558 1329 2627; x_wconf 83' lang='lat' dir='ltr'><strong>catenisque</strong></span> <span class='ocrx_word' id='word_1_176' title='bbox 1359 2565 1420 2610; x_wconf 91' lang='lat' dir='ltr'><strong>ut</strong></span> <span class='ocrx_word' id='word_1_177' title='bbox 1459 2565 1590 2608; x_wconf 88' lang='lat' dir='ltr'><strong>ante</strong></span> <span class='ocrx_word' id='word_1_178' title='bbox 1629 2553 1902 2623; x_wconf 85' lang='lat' dir='ltr'><strong>impediti,</strong></span> <span class='ocrx_word' id='word_1_179' title='bbox 1927 2567 2063 2621; x_wconf 76' lang='lat' dir='ltr'><strong>pra:-</strong></span> 
     </span>
    </p>
   </div>
   <div class='ocr_carea' id='block_1_29' title="bbox 475 2643 2062 2719">
    <p class='ocr_par' dir='ltr' id='par_1_29' title="bbox 475 2643 2062 2719">
     <span class='ocr_line' id='line_1_29' title="bbox 475 2643 2062 2719; baseline -0.008 -11"><span class='ocrx_word' id='word_1_180' title='bbox 475 2655 621 2709; x_wconf 90' lang='lat' dir='ltr'><strong>torio</strong></span> <span class='ocrx_word' id='word_1_181' title='bbox 649 2655 921 2708; x_wconf 88' lang='lat' dir='ltr'><strong>sistimur.</strong></span> <span class='ocrx_word' id='word_1_182' title='bbox 968 2651 1220 2719; x_wconf 74' lang='lat' dir='ltr'><strong>Cumque</strong></span> <span class='ocrx_word' id='word_1_183' title='bbox 1267 2647 1474 2702; x_wconf 84' lang='lat' dir='ltr'><strong>ibidem</strong></span> <span class='ocrx_word' id='word_1_184' title='bbox 1517 2647 1704 2700; x_wconf 80' lang='lat' dir='ltr'><strong>nullus</strong></span> <span class='ocrx_word' id='word_1_185' title='bbox 1749 2645 1908 2714; x_wconf 89' lang='lat' dir='ltr'><strong>plane</strong></span> <span class='ocrx_word' id='word_1_186' title='bbox 1965 2643 2062 2713; x_wconf 89' lang='lat' dir='ltr'><strong>qui</strong></span> 
     </span>
    </p>
   </div>
   <div class='ocr_carea' id='block_1_30' title="bbox 477 2737 2056 2814">
    <p class='ocr_par' dir='ltr' id='par_1_30' title="bbox 477 2737 2056 2814">
     <span class='ocr_line' id='line_1_30' title="bbox 477 2737 2056 2814; baseline -0.008 -14"><span class='ocrx_word' id='word_1_187' title='bbox 477 2761 582 2800; x_wconf 73' lang='lat' dir='ltr'><strong>nos</strong></span> <span class='ocrx_word' id='word_1_188' title='bbox 626 2752 916 2800; x_wconf 80' lang='lat' dir='ltr'><strong>accusaret</strong></span> <span class='ocrx_word' id='word_1_189' title='bbox 967 2754 1168 2814; x_wconf 71' lang='lat' dir='ltr'><strong>praasto</strong></span> <span class='ocrx_word' id='word_1_190' title='bbox 1216 2743 1382 2806; x_wconf 82' lang='lat' dir='ltr'><strong>foret,</strong></span> <span class='ocrx_word' id='word_1_191' title='bbox 1435 2755 1655 2794; x_wconf 86' lang='lat' dir='ltr'><strong>rursum</strong></span> <span class='ocrx_word' id='word_1_192' title='bbox 1709 2737 1778 2791; x_wconf 90' lang='lat' dir='ltr'><strong>ad</strong></span> <span class='ocrx_word' id='word_1_193' title='bbox 1835 2752 2056 2790; x_wconf 90' lang='lat' dir='ltr'><strong>reorum</strong></span> 
     </span>
    </p>
   </div>
   <div class='ocr_carea' id='block_1_31' title="bbox 479 2819 2056 2899">
    <p class='ocr_par' dir='ltr' id='par_1_31' title="bbox 479 2819 2056 2899">
     <span class='ocr_line' id='line_1_31' title="bbox 479 2819 2056 2899; baseline -0.007 -8"><span class='ocrx_word' id='word_1_194' title='bbox 479 2838 662 2892; x_wconf 85' lang='lat' dir='ltr'><strong>locum</strong></span> <span class='ocrx_word' id='word_1_195' title='bbox 690 2853 720 2890; x_wconf 90' lang='lat' dir='ltr'><strong>a</strong></span> <span class='ocrx_word' id='word_1_196' title='bbox 757 2819 1096 2890; x_wconf 79' lang='lat' dir='ltr'><strong>satellitibus</strong></span> <span class='ocrx_word' id='word_1_197' title='bbox 1141 2831 1762 2899; x_wconf 85' lang='lat' dir='ltr'><strong>reducimur;‘hueque</strong></span> <span class='ocrx_word' id='word_1_198' title='bbox 1819 2827 2056 2891; x_wconf 90' lang='lat' dir='ltr'><strong>reducti,</strong></span> 
     </span>
    </p>
   </div>
   <div class='ocr_carea' id='block_1_32' title="bbox 477 2921 2059 2988">
    <p class='ocr_par' dir='ltr' id='par_1_32' title="bbox 477 2921 2059 2988">
     <span class='ocr_line' id='line_1_32' title="bbox 477 2921 2059 2988; baseline -0.007 -5"><span class='ocrx_word' id='word_1_199' title='bbox 477 2930 661 2984; x_wconf 85' lang='lat' dir='ltr'><strong>denuo</strong></span> <span class='ocrx_word' id='word_1_200' title='bbox 683 2928 752 2982; x_wconf 90' lang='lat' dir='ltr'><strong>ab</strong></span> <span class='ocrx_word' id='word_1_201' title='bbox 787 2927 882 2980; x_wconf 92' lang='lat' dir='ltr'><strong>illo</strong></span> <span class='ocrx_word' id='word_1_202' title='bbox 906 2927 962 2979; x_wconf 90' lang='lat' dir='ltr'><strong>in</strong></span> <span class='ocrx_word' id='word_1_203' title='bbox 983 2927 1176 2981; x_wconf 79' lang='lat' dir='ltr'><strong>faciem</strong></span> <span class='ocrx_word' id='word_1_204' title='bbox 1237 2925 1520 2978; x_wconf 71' lang='lat' dir='ltr'><strong>cazdimur.</strong></span> <span class='ocrx_word' id='word_1_205' title='bbox 1557 2921 1804 2988; x_wconf 86' lang='lat' dir='ltr'><strong>Denique</strong></span> <span class='ocrx_word' id='word_1_206' title='bbox 1836 2933 2059 2987; x_wconf 85' lang='lat' dir='ltr'><strong>compo-</strong></span> 
     </span>
    </p>
   </div>
   <div class='ocr_carea' id='block_1_33' title="bbox 479 3013 2059 3083">
    <p class='ocr_par' dir='ltr' id='par_1_33' title="bbox 479 3013 2059 3083">
     <span class='ocr_line' id='line_1_33' title="bbox 479 3013 2059 3083; baseline -0.008 -11"><span class='ocrx_word' id='word_1_207' title='bbox 479 3019 585 3072; x_wconf 89' lang='lat' dir='ltr'><strong>sita</strong></span> <span class='ocrx_word' id='word_1_208' title='bbox 609 3016 860 3069; x_wconf 85' lang='lat' dir='ltr'><strong>oratione</strong></span> <span class='ocrx_word' id='word_1_209' title='bbox 897 3029 995 3083; x_wconf 89' lang='lat' dir='ltr'><strong>per</strong></span> <span class='ocrx_word' id='word_1_210' title='bbox 1040 3013 1289 3066; x_wconf 84' lang='lat' dir='ltr'><strong>fraudem</strong></span> <span class='ocrx_word' id='word_1_211' title='bbox 1339 3025 1598 3064; x_wconf 87' lang='lat' dir='ltr'><strong>assensus</strong></span> <span class='ocrx_word' id='word_1_212' title='bbox 1626 3018 1732 3072; x_wconf 89' lang='lat' dir='ltr'><strong>est,</strong></span> <span class='ocrx_word' id='word_1_213' title='bbox 1783 3017 1842 3061; x_wconf 90' lang='lat' dir='ltr'><strong>ut</strong></span> <span class='ocrx_word' id='word_1_214' title='bbox 1871 3017 2059 3076; x_wconf 90' lang='lat' dir='ltr'><strong>postea</strong></span> 
     </span>
    </p>
   </div>
   <div class='ocr_carea' id='block_1_34' title="bbox 432 3099 2056 3179">
    <p class='ocr_par' dir='ltr' id='par_1_34' title="bbox 432 3099 2056 3179">
     <span class='ocr_line' id='line_1_34' title="bbox 432 3099 2056 3179; baseline -0.007 -16"><span class='ocrx_word' id='word_1_215' title='bbox 432 3107 682 3179; x_wconf 56' lang='lat' dir='ltr'><strong>.patuit,</strong></span> <span class='ocrx_word' id='word_1_216' title='bbox 721 3107 788 3160; x_wconf 91' lang='lat' dir='ltr'><strong>de</strong></span> <span class='ocrx_word' id='word_1_217' title='bbox 817 3103 1059 3158; x_wconf 89' lang='lat' dir='ltr'><strong>naturali</strong></span> <span class='ocrx_word' id='word_1_218' title='bbox 1110 3103 1204 3158; x_wconf 94' lang='lat' dir='ltr'><strong>Dei</strong></span> <span class='ocrx_word' id='word_1_219' title='bbox 1234 3101 1395 3164; x_wconf 89' lang='lat' dir='ltr'><strong>Filio,</strong></span> <span class='ocrx_word' id='word_1_220' title='bbox 1453 3101 1601 3174; x_wconf 87' lang='lat' dir='ltr'><strong>quod</strong></span> <span class='ocrx_word' id='word_1_221' title='bbox 1642 3109 1806 3154; x_wconf 89' lang='lat' dir='ltr'><strong>natus</strong></span> <span class='ocrx_word' id='word_1_222' title='bbox 1862 3101 1934 3154; x_wconf 87' lang='lat' dir='ltr'><strong>sit</strong></span> <span class='ocrx_word' id='word_1_223' title='bbox 1987 3099 2056 3153; x_wconf 91' lang='lat' dir='ltr'><strong>de</strong></span> 
     </span>
    </p>
   </div>
   <div class='ocr_carea' id='block_1_35' title="bbox 475 3193 2056 3266">
    <p class='ocr_par' dir='ltr' id='par_1_35' title="bbox 475 3193 2056 3266">
     <span class='ocr_line' id='line_1_35' title="bbox 475 3193 2056 3266; baseline -0.006 -11"><span class='ocrx_word' id='word_1_224' title='bbox 475 3208 666 3255; x_wconf 89' lang='lat' dir='ltr'><strong>sancta</strong></span> <span class='ocrx_word' id='word_1_225' title='bbox 690 3198 858 3253; x_wconf 81' lang='lat' dir='ltr'><strong>Maria</strong></span> <span class='ocrx_word' id='word_1_226' title='bbox 898 3197 1128 3266; x_wconf 90' lang='lat' dir='ltr'><strong>Deipara</strong></span> <span class='ocrx_word' id='word_1_227' title='bbox 1163 3213 1177 3248; x_wconf 89' lang='lat'>:</span> <span class='ocrx_word' id='word_1_228' title='bbox 1207 3193 1418 3250; x_wconf 84' lang='lat' dir='ltr'><strong>addens</strong></span> <span class='ocrx_word' id='word_1_229' title='bbox 1452 3193 1714 3262; x_wconf 91' lang='lat' dir='ltr'><strong>quoniam</strong></span> <span class='ocrx_word' id='word_1_230' title='bbox 1753 3202 1838 3247; x_wconf 91' lang='lat' dir='ltr'><strong>est</strong></span> <span class='ocrx_word' id='word_1_231' title='bbox 1889 3193 2056 3247; x_wconf 88' lang='lat' dir='ltr'><strong>etiam</strong></span> 
     </span>
    </p>
   </div>
   <div class='ocr_carea' id='block_1_36' title="bbox 478 3285 2058 3360">
    <p class='ocr_par' dir='ltr' id='par_1_36' title="bbox 478 3285 2058 3360">
     <span class='ocr_line' id='line_1_36' title="bbox 478 3285 2058 3360; baseline -0.004 -14"><span class='ocrx_word' id='word_1_232' title='bbox 478 3292 621 3346; x_wconf 89' lang='lat' dir='ltr'><strong>alius</strong></span> <span class='ocrx_word' id='word_1_233' title='bbox 671 3291 850 3345; x_wconf 75' lang='lat' dir='ltr'><strong>(ilius:</strong></span> <span class='ocrx_word' id='word_1_234' title='bbox 881 3297 1046 3360; x_wconf 90' lang='lat' dir='ltr'><strong>atque</strong></span> <span class='ocrx_word' id='word_1_235' title='bbox 1087 3289 1142 3342; x_wconf 91' lang='lat' dir='ltr'><strong>in</strong></span> <span class='ocrx_word' id='word_1_236' title='bbox 1209 3287 1358 3342; x_wconf 90' lang='lat' dir='ltr'><strong>hunc</strong></span> <span class='ocrx_word' id='word_1_237' title='bbox 1401 3285 1624 3342; x_wconf 92' lang='lat' dir='ltr'><strong>modum</strong></span> <span class='ocrx_word' id='word_1_238' title='bbox 1689 3285 1906 3339; x_wconf 86' lang='lat' dir='ltr'><strong>tandem</strong></span> <span class='ocrx_word' id='word_1_239' title='bbox 1957 3300 2058 3340; x_wconf 90' lang='lat' dir='ltr'><strong>nos</strong></span> 
     </span>
    </p>
   </div>
   <div class='ocr_carea' id='block_1_37' title="bbox 477 3381 709 3436">
    <p class='ocr_par' dir='ltr' id='par_1_37' title="bbox 477 3381 709 3436">
     <span class='ocr_line' id='line_1_37' title="bbox 477 3381 709 3436; baseline 0.004 -1"><span class='ocrx_word' id='word_1_240' title='bbox 477 3381 709 3436; x_wconf 90' lang='lat' dir='ltr'><strong>dimisit.</strong></span> 
     </span>
    </p>
   </div>
   <div class='ocr_carea' id='block_1_38' title="bbox 547 3471 2054 3541">
    <p class='ocr_par' dir='ltr' id='par_1_38' title="bbox 547 3471 2054 3541">
     <span class='ocr_line' id='line_1_38' title="bbox 547 3471 2054 3541; baseline -0.003 -13"><span class='ocrx_word' id='word_1_241' title='bbox 547 3473 639 3531; x_wconf 74' lang='lat' dir='ltr'><strong>IV.</strong></span> <span class='ocrx_word' id='word_1_242' title='bbox 658 3473 1028 3540; x_wconf 85' lang='lat' dir='ltr'><strong>Quamobrem</strong></span> <span class='ocrx_word' id='word_1_243' title='bbox 1053 3473 1252 3528; x_wconf 91' lang='lat' dir='ltr'><strong>iterum</strong></span> <span class='ocrx_word' id='word_1_244' title='bbox 1275 3480 1438 3541; x_wconf 88' lang='lat' dir='ltr'><strong>atque</strong></span> <span class='ocrx_word' id='word_1_245' title='bbox 1463 3472 1664 3526; x_wconf 89' lang='lat' dir='ltr'><strong>iterum</strong></span> <span class='ocrx_word' id='word_1_246' title='bbox 1687 3471 2054 3526; x_wconf 89' lang='lat' dir='ltr'><strong>immortalem</strong></span> 
     </span>
    </p>
   </div>
   <div class='ocr_carea' id='block_1_39' title="bbox 475 3565 2057 3638">
    <p class='ocr_par' dir='ltr' id='par_1_39' title="bbox 475 3565 2057 3638">
     <span class='ocr_line' id='line_1_39' title="bbox 475 3565 2057 3638; baseline -0.002 -18"><span class='ocrx_word' id='word_1_247' title='bbox 475 3566 892 3638; x_wconf 88' lang='lat' dir='ltr'><strong>piissimamque</strong></span> <span class='ocrx_word' id='word_1_248' title='bbox 928 3565 1092 3620; x_wconf 84' lang='lat' dir='ltr'><strong>ﬁdem</strong></span> <span class='ocrx_word' id='word_1_249' title='bbox 1151 3575 1390 3620; x_wconf 85' lang='lat' dir='ltr'><strong>vestram</strong></span> <span class='ocrx_word' id='word_1_250' title='bbox 1443 3565 1808 3628; x_wconf 77' lang='lat' dir='ltr'><strong>obtestamur,</strong></span> <span class='ocrx_word' id='word_1_251' title='bbox 1848 3579 1915 3620; x_wconf 84' lang='lat' dir='ltr'><strong>ne</strong></span> <span class='ocrx_word' id='word_1_252' title='bbox 1967 3581 2057 3618; x_wconf 87' lang='lat' dir='ltr'><strong>or-</strong></span> 
     </span>
    </p>
   </div>
   <div class='ocr_carea' id='block_1_40' title="bbox 477 3655 2055 3724">
    <p class='ocr_par' dir='ltr' id='par_1_40' title="bbox 477 3655 2055 3724">
     <span class='ocr_line' id='line_1_40' title="bbox 477 3655 2055 3724; baseline -0.004 -12"><span class='ocrx_word' id='word_1_253' title='bbox 477 3657 776 3713; x_wconf 81' lang='lat' dir='ltr'><strong>thodoxam</strong></span> <span class='ocrx_word' id='word_1_254' title='bbox 803 3657 1106 3712; x_wconf 81' lang='lat' dir='ltr'><strong>Ecclesiam</strong></span> <span class='ocrx_word' id='word_1_255' title='bbox 1161 3656 1456 3710; x_wconf 79' lang='lat' dir='ltr'><strong>orthodoxi</strong></span> <span class='ocrx_word' id='word_1_256' title='bbox 1502 3655 1846 3724; x_wconf 90' lang='lat' dir='ltr'><strong>piissimique</strong></span> <span class='ocrx_word' id='word_1_257' title='bbox 1899 3655 2055 3724; x_wconf 81' lang='lat' dir='ltr'><strong>regni</strong></span> 
     </span>
    </p>
   </div>
   <div class='ocr_carea' id='block_1_41' title="bbox 473 3745 2055 3818">
    <p class='ocr_par' dir='ltr' id='par_1_41' title="bbox 473 3745 2055 3818">
     <span class='ocr_line' id='line_1_41' title="bbox 473 3745 2055 3818; baseline -0.003 -14"><span class='ocrx_word' id='word_1_258' title='bbox 473 3750 645 3804; x_wconf 84' lang='lat' dir='ltr'><strong>vestri</strong></span> <span class='ocrx_word' id='word_1_259' title='bbox 694 3750 1040 3818; x_wconf 88' lang='lat' dir='ltr'><strong>temporibus</strong></span> <span class='ocrx_word' id='word_1_260' title='bbox 1081 3749 1150 3802; x_wconf 89' lang='lat' dir='ltr'><strong>ab</strong></span> <span class='ocrx_word' id='word_1_261' title='bbox 1205 3748 1484 3802; x_wconf 64' lang='lat' dir='ltr'><strong>haareticis</strong></span> <span class='ocrx_word' id='word_1_262' title='bbox 1555 3745 1855 3800; x_wconf 87' lang='lat' dir='ltr'><strong>adulterari</strong></span> <span class='ocrx_word' id='word_1_263' title='bbox 1911 3746 2055 3799; x_wconf 89' lang='lat' dir='ltr'><strong>ultra</strong></span> 
     </span>
    </p>
   </div>
   <div class='ocr_carea' id='block_1_42' title="bbox 469 3837 2053 3912">
    <p class='ocr_par' dir='ltr' id='par_1_42' title="bbox 469 3837 2053 3912">
     <span class='ocr_line' id='line_1_42' title="bbox 469 3837 2053 3912; baseline -0.003 -16"><span class='ocrx_word' id='word_1_264' title='bbox 469 3841 824 3912; x_wconf 86' lang='lat' dir='ltr'><strong>permittatis.</strong></span> <span class='ocrx_word' id='word_1_265' title='bbox 881 3841 1000 3894; x_wconf 88' lang='lat' dir='ltr'><strong>Non</strong></span> <span class='ocrx_word' id='word_1_266' title='bbox 1039 3841 1354 3910; x_wconf 79' lang='lat' dir='ltr'><strong>expetimus</strong></span> <span class='ocrx_word' id='word_1_267' title='bbox 1409 3839 1776 3894; x_wconf 86' lang='lat' dir='ltr'><strong>contumelias</strong></span> <span class='ocrx_word' id='word_1_268' title='bbox 1829 3837 2053 3908; x_wconf 78' lang='lat' dir='ltr'><strong>indigne</strong></span> 
     </span>
    </p>
   </div>
   <div class='ocr_carea' id='block_1_43' title="bbox 469 3931 2054 3997">
    <p class='ocr_par' dir='ltr' id='par_1_43' title="bbox 469 3931 2054 3997">
     <span class='ocr_line' id='line_1_43' title="bbox 469 3931 2054 3997; baseline -0.001 -10"><span class='ocrx_word' id='word_1_269' title='bbox 469 3933 632 3988; x_wconf 89' lang='lat' dir='ltr'><strong>nobis</strong></span> <span class='ocrx_word' id='word_1_270' title='bbox 663 3932 840 3986; x_wconf 89' lang='lat' dir='ltr'><strong>illatas</strong></span> <span class='ocrx_word' id='word_1_271' title='bbox 887 3931 1190 3997; x_wconf 86' lang='lat' dir='ltr'><strong>vindicari;</strong></span> <span class='ocrx_word' id='word_1_272' title='bbox 1225 3932 1372 3986; x_wconf 89' lang='lat' dir='ltr'><strong>Deus</strong></span> <span class='ocrx_word' id='word_1_273' title='bbox 1420 3931 1578 3986; x_wconf 89' lang='lat' dir='ltr'><strong>novit</strong></span> <span class='ocrx_word' id='word_1_274' title='bbox 1625 3949 1637 3984; x_wconf 91' lang='lat'>:</span> <span class='ocrx_word' id='word_1_275' title='bbox 1671 3931 2054 3986; x_wconf 87' lang='lat' dir='ltr'><strong>desideramus</strong></span> 
     </span>
    </p>
   </div>
   <div class='ocr_carea' id='block_1_44' title="bbox 467 4023 2050 4082">
    <p class='ocr_par' dir='ltr' id='par_1_44' title="bbox 467 4023 2050 4082">
     <span class='ocr_line' id='line_1_44' title="bbox 467 4023 2050 4082; baseline -0.003 0"><span class='ocrx_word' id='word_1_276' title='bbox 467 4035 652 4082; x_wconf 87' lang='lat' dir='ltr'><strong>autem</strong></span> <span class='ocrx_word' id='word_1_277' title='bbox 683 4025 1012 4080; x_wconf 71' lang='lat' dir='ltr'><strong>Christiana:</strong></span> <span class='ocrx_word' id='word_1_278' title='bbox 1049 4025 1176 4079; x_wconf 89' lang='lat' dir='ltr'><strong>lidei</strong></span> <span class='ocrx_word' id='word_1_279' title='bbox 1203 4023 1624 4078; x_wconf 83' lang='lat' dir='ltr'><strong>fundamentum</strong></span> <span class='ocrx_word' id='word_1_280' title='bbox 1660 4025 2050 4079; x_wconf 88' lang='lat' dir='ltr'><strong>inconcussum</strong></span> 
     </span>
    </p>
   </div>
   <div class='ocr_carea' id='block_1_45' title="bbox 467 4115 2050 4186">
    <p class='ocr_par' dir='ltr' id='par_1_45' title="bbox 467 4115 2050 4186">
     <span class='ocr_line' id='line_1_45' title="bbox 467 4115 2050 4186; baseline -0.001 -14"><span class='ocrx_word' id='word_1_281' title='bbox 467 4119 870 4186; x_wconf 88' lang='lat' dir='ltr'><strong>immotumque</strong></span> <span class='ocrx_word' id='word_1_282' title='bbox 917 4115 1234 4185; x_wconf 84' lang='lat' dir='ltr'><strong>persistere.</strong></span> <span class='ocrx_word' id='word_1_283' title='bbox 1267 4116 1460 4170; x_wconf 83' lang='lat' dir='ltr'><strong>Vestra</strong></span> <span class='ocrx_word' id='word_1_284' title='bbox 1519 4115 1751 4184; x_wconf 82' lang='lat' dir='ltr'><strong>proinde</strong></span> <span class='ocrx_word' id='word_1_285' title='bbox 1793 4116 2050 4186; x_wconf 86' lang='lat' dir='ltr'><strong>majestas</strong></span> 
     </span>
    </p>
   </div>
   <div class='ocr_carea' id='block_1_46' title="bbox 462 4203 2048 4273">
    <p class='ocr_par' dir='ltr' id='par_1_46' title="bbox 462 4203 2048 4273">
     <span class='ocr_line' id='line_1_46' title="bbox 462 4203 2048 4273; baseline -0.003 -12"><span class='ocrx_word' id='word_1_286' title='bbox 462 4206 662 4261; x_wconf 80' lang='lat' dir='ltr'><strong>eﬂicict</strong></span> <span class='ocrx_word' id='word_1_287' title='bbox 685 4215 746 4258; x_wconf 90' lang='lat' dir='ltr'><strong>ut</strong></span> <span class='ocrx_word' id='word_1_288' title='bbox 775 4221 932 4260; x_wconf 88' lang='lat' dir='ltr'><strong>saera</strong></span> <span class='ocrx_word' id='word_1_289' title='bbox 963 4205 1309 4260; x_wconf 76' lang='lat' dir='ltr'><strong>(ecunienica</strong></span> <span class='ocrx_word' id='word_1_290' title='bbox 1343 4203 1586 4273; x_wconf 78' lang='lat' dir='ltr'><strong>synodus</strong></span> <span class='ocrx_word' id='word_1_291' title='bbox 1627 4204 1805 4271; x_wconf 85' lang='lat' dir='ltr'><strong>primo</strong></span> <span class='ocrx_word' id='word_1_292' title='bbox 1828 4218 2048 4270; x_wconf 84' lang='lat' dir='ltr'><strong>quoque</strong></span> 
     </span>
    </p>
   </div>
   <div class='ocr_carea' id='block_1_47' title="bbox 464 4293 2050 4366">
    <p class='ocr_par' dir='ltr' id='par_1_47' title="bbox 464 4293 2050 4366">
     <span class='ocr_line' id='line_1_47' title="bbox 464 4293 2050 4366; baseline -0.001 -16"><span class='ocrx_word' id='word_1_293' title='bbox 464 4305 712 4366; x_wconf 90' lang='lat' dir='ltr'><strong>tempore</strong></span> <span class='ocrx_word' id='word_1_294' title='bbox 735 4296 845 4350; x_wconf 90' lang='lat' dir='ltr'><strong>huc</strong></span> <span class='ocrx_word' id='word_1_295' title='bbox 874 4306 1052 4360; x_wconf 83' lang='lat' dir='ltr'><strong>coeat,</strong></span> <span class='ocrx_word' id='word_1_296' title='bbox 1079 4311 1190 4366; x_wconf 89' lang='lat' dir='ltr'><strong>quo</strong></span> <span class='ocrx_word' id='word_1_297' title='bbox 1227 4295 1326 4348; x_wconf 86' lang='lat' dir='ltr'><strong>hac</strong></span> <span class='ocrx_word' id='word_1_298' title='bbox 1349 4302 1618 4364; x_wconf 68' lang='lat' dir='ltr'><strong>praesente</strong></span> <span class='ocrx_word' id='word_1_299' title='bbox 1640 4293 1894 4348; x_wconf 81' lang='lat' dir='ltr'><strong>Christus</strong></span> <span class='ocrx_word' id='word_1_300' title='bbox 1925 4310 2050 4348; x_wconf 88' lang='lat' dir='ltr'><strong>san-</strong></span> 
     </span>
    </p>
   </div>
   <div class='ocr_carea' id='block_1_48' title="bbox 461 4385 2045 4454">
    <p class='ocr_par' dir='ltr' id='par_1_48' title="bbox 461 4385 2045 4454">
     <span class='ocr_line' id='line_1_48' title="bbox 461 4385 2045 4454; baseline -0.001 -12"><span class='ocrx_word' id='word_1_301' title='bbox 461 4389 762 4442; x_wconf 84' lang='lat' dir='ltr'><strong>ctissimam</strong></span> <span class='ocrx_word' id='word_1_302' title='bbox 812 4386 1116 4442; x_wconf 88' lang='lat' dir='ltr'><strong>Ecelesiam</strong></span> <span class='ocrx_word' id='word_1_303' title='bbox 1160 4387 1334 4451; x_wconf 88' lang='lat' dir='ltr'><strong>uniat,</strong></span> <span class='ocrx_word' id='word_1_304' title='bbox 1372 4385 1749 4454; x_wconf 87' lang='lat' dir='ltr'><strong>populumque</strong></span> <span class='ocrx_word' id='word_1_305' title='bbox 1785 4385 1842 4438; x_wconf 91' lang='lat' dir='ltr'><strong>in</strong></span> <span class='ocrx_word' id='word_1_306' title='bbox 1875 4401 2045 4440; x_wconf 86' lang='lat' dir='ltr'><strong>unum</strong></span> 
     </span>
    </p>
   </div>
   <div class='ocr_carea' id='block_1_49' title="bbox 2167 546 3790 622">
    <p class='ocr_par' dir='ltr' id='par_1_49' title="bbox 2167 546 3790 622">
     <span class='ocr_line' id='line_1_49' title="bbox 2167 546 3790 622; baseline -0.004 -18"><span class='ocrx_word' id='word_1_307' title='bbox 2167 552 2336 614; x_wconf 81' lang='grc' dir='ltr'>ἔστιν,</span> <span class='ocrx_word' id='word_1_308' title='bbox 2373 552 2406 622; x_wconf 82' lang='grc' dir='ltr'>ἢ</span> <span class='ocrx_word' id='word_1_309' title='bbox 2437 549 2525 604; x_wconf 81' lang='grc' dir='ltr'><strong>ού.</strong></span> <span class='ocrx_word' id='word_1_310' title='bbox 2583 553 2694 604; x_wconf 70' lang='grc' dir='ltr'><strong>Καὶ</strong></span> <span class='ocrx_word' id='word_1_311' title='bbox 2732 553 2810 613; x_wconf 84' lang='grc' dir='ltr'><strong>είς</strong></span> <span class='ocrx_word' id='word_1_312' title='bbox 2845 549 3141 620; x_wconf 82' lang='grc' dir='ltr'><strong>ὑπέρθεσιν</strong></span> <span class='ocrx_word' id='word_1_313' title='bbox 3169 548 3455 618; x_wconf 86' lang='grc' dir='ltr'>δεύτερον</span> <span class='ocrx_word' id='word_1_314' title='bbox 3489 547 3594 599; x_wconf 85' lang='grc' dir='ltr'>καὶ</span> <span class='ocrx_word' id='word_1_315' title='bbox 3619 546 3790 616; x_wconf 70' lang='grc' dir='ltr'>τρίτον</span> 
     </span>
    </p>
   </div>
   <div class='ocr_carea' id='block_1_50' title="bbox 2167 639 3788 714">
    <p class='ocr_par' dir='ltr' id='par_1_50' title="bbox 2167 639 3788 714">
     <span class='ocr_line' id='line_1_50' title="bbox 2167 639 3788 714; baseline -0.003 -18"><span class='ocrx_word' id='word_1_316' title='bbox 2167 645 2316 714; x_wconf 74' lang='grc' dir='ltr'>ἡμᾶς</span> <span class='ocrx_word' id='word_1_317' title='bbox 2347 639 2528 699; x_wconf 75' lang='grc' dir='ltr'>ἔϐαλε.</span> <span class='ocrx_word' id='word_1_318' title='bbox 2588 644 2697 697; x_wconf 75' lang='grc' dir='ltr'><strong>Καὶ</strong></span> <span class='ocrx_word' id='word_1_319' title='bbox 2739 643 2860 696; x_wconf 83' lang='grc' dir='ltr'><strong>τότε</strong></span> <span class='ocrx_word' id='word_1_320' title='bbox 2900 643 3054 712; x_wconf 84' lang='grc' dir='ltr'><strong>μόλις</strong></span> <span class='ocrx_word' id='word_1_321' title='bbox 3081 642 3393 696; x_wconf 80' lang='grc' dir='ltr'>ἐκέλευσεν</span> <span class='ocrx_word' id='word_1_322' title='bbox 3421 641 3570 710; x_wconf 81' lang='grc' dir='ltr'>ἡμῖν</span> <span class='ocrx_word' id='word_1_323' title='bbox 3601 641 3788 703; x_wconf 68' lang='grc' dir='ltr'>εἰπεῖν,</span> 
     </span>
    </p>
   </div>
   <div class='ocr_carea' id='block_1_51' title="bbox 2165 729 3786 805">
    <p class='ocr_par' dir='ltr' id='par_1_51' title="bbox 2165 729 3786 805">
     <span class='ocr_line' id='line_1_51' title="bbox 2165 729 3786 805; baseline -0.004 -17"><span class='ocrx_word' id='word_1_324' title='bbox 2165 735 2218 788; x_wconf 84' lang='grc' dir='ltr'><strong>τί</strong></span> <span class='ocrx_word' id='word_1_325' title='bbox 2266 735 2414 788; x_wconf 82' lang='grc' dir='ltr'>ἐστιν</span> <span class='ocrx_word' id='word_1_326' title='bbox 2467 735 2498 787; x_wconf 81' lang='grc' dir='ltr'><strong>δ</strong></span> <span class='ocrx_word' id='word_1_327' title='bbox 2553 733 2880 805; x_wconf 80' lang='grc' dir='ltr'><strong>βουλόμεθα.</strong></span> <span class='ocrx_word' id='word_1_328' title='bbox 2927 734 3017 796; x_wconf 80' lang='grc' dir='ltr'>Ὠς</span> <span class='ocrx_word' id='word_1_329' title='bbox 3058 733 3118 786; x_wconf 84' lang='grc' dir='ltr'>δὲ</span> <span class='ocrx_word' id='word_1_330' title='bbox 3169 733 3388 802; x_wconf 77' lang='grc' dir='ltr'>ἢκουσε</span> <span class='ocrx_word' id='word_1_331' title='bbox 3445 733 3588 801; x_wconf 82' lang='grc' dir='ltr'>παρ’</span> <span class='ocrx_word' id='word_1_332' title='bbox 3612 729 3786 800; x_wconf 73' lang='grc' dir='ltr'>ἡμῶν,</span> 
     </span>
    </p>
   </div>
   <div class='ocr_carea' id='block_1_52' title="bbox 2166 823 3786 896">
    <p class='ocr_par' dir='ltr' id='par_1_52' title="bbox 2166 823 3786 896">
     <span class='ocr_line' id='line_1_52' title="bbox 2166 823 3786 896; baseline -0.002 -16"><span class='ocrx_word' id='word_1_333' title='bbox 2166 827 2247 880; x_wconf 80' lang='grc' dir='ltr'><strong>ὅτι</strong></span> <span class='ocrx_word' id='word_1_334' title='bbox 2297 824 2469 878; x_wconf 79' lang='grc' dir='ltr'><strong>ταῦτα</strong></span> <span class='ocrx_word' id='word_1_335' title='bbox 2515 825 2585 877; x_wconf 73' lang='grc' dir='ltr'><strong>τὰ</strong></span> <span class='ocrx_word' id='word_1_336' title='bbox 2622 825 2751 896; x_wconf 84' lang='grc' dir='ltr'>παρ’</span> <span class='ocrx_word' id='word_1_337' title='bbox 2777 823 2945 878; x_wconf 78' lang='grc' dir='ltr'>αὑτοῦ</span> <span class='ocrx_word' id='word_1_338' title='bbox 2976 823 3284 894; x_wconf 81' lang='grc' dir='ltr'><strong>λεχθέντα,</strong></span> <span class='ocrx_word' id='word_1_339' title='bbox 3324 825 3414 887; x_wconf 79' lang='grc' dir='ltr'>τὸ,</span> <span class='ocrx_word' id='word_1_340' title='bbox 3458 823 3587 876; x_wconf 77' lang='grc' dir='ltr'>Οὐκ</span> <span class='ocrx_word' id='word_1_341' title='bbox 3616 823 3786 888; x_wconf 78' lang='grc' dir='ltr'>ἔτεκε,</span> 
     </span>
    </p>
   </div>
   <div class='ocr_carea' id='block_1_53' title="bbox 2169 915 3783 989">
    <p class='ocr_par' dir='ltr' id='par_1_53' title="bbox 2169 915 3783 989">
     <span class='ocr_line' id='line_1_53' title="bbox 2169 915 3783 989; baseline -0.002 -19"><span class='ocrx_word' id='word_1_342' title='bbox 2169 918 2342 989; x_wconf 77' lang='grc' dir='ltr'>φησὶ,</span> <span class='ocrx_word' id='word_1_343' title='bbox 2401 917 2592 987; x_wconf 85' lang='grc' dir='ltr'>Μαρία</span> <span class='ocrx_word' id='word_1_344' title='bbox 2616 955 2631 979; x_wconf 89' lang='grc'><strong>,</strong></span> <span class='ocrx_word' id='word_1_345' title='bbox 2685 919 2734 970; x_wconf 84' lang='grc' dir='ltr'><strong>εί</strong></span> <span class='ocrx_word' id='word_1_346' title='bbox 2773 917 2846 988; x_wconf 84' lang='grc' dir='ltr'>μὴ</span> <span class='ocrx_word' id='word_1_347' title='bbox 2879 916 3168 988; x_wconf 80' lang='grc' dir='ltr'>ἄνθρωπον</span> <span class='ocrx_word' id='word_1_348' title='bbox 3203 916 3521 986; x_wconf 83' lang='grc' dir='ltr'>ὁμοούσιον</span> <span class='ocrx_word' id='word_1_349' title='bbox 3548 915 3783 984; x_wconf 78' lang='grc' dir='ltr'>ἑαυτῆς·</span> 
     </span>
    </p>
   </div>
   <div class='ocr_carea' id='block_1_54' title="bbox 2167 999 3782 1078">
    <p class='ocr_par' dir='ltr' id='par_1_54' title="bbox 2167 999 3782 1078">
     <span class='ocr_line' id='line_1_54' title="bbox 2167 999 3782 1078; baseline -0.002 -18"><span class='ocrx_word' id='word_1_350' title='bbox 2167 1009 2262 1060; x_wconf 74' lang='grc' dir='ltr'>καὶ</span> <span class='ocrx_word' id='word_1_351' title='bbox 2310 1007 2372 1060; x_wconf 87' lang='grc' dir='ltr'><strong>τδ</strong></span> <span class='ocrx_word' id='word_1_352' title='bbox 2422 1009 2823 1077; x_wconf 83' lang='grc' dir='ltr'><strong>γεγεννημένον</strong></span> <span class='ocrx_word' id='word_1_353' title='bbox 2872 999 2937 1060; x_wconf 79' lang='grc' dir='ltr'>ἐκ</span> <span class='ocrx_word' id='word_1_354' title='bbox 2983 1007 3081 1076; x_wconf 82' lang='grc' dir='ltr'><strong>τῆς</strong></span> <span class='ocrx_word' id='word_1_355' title='bbox 3126 1007 3374 1078; x_wconf 81' lang='grc' dir='ltr'>σαρκὸς.</span> <span class='ocrx_word' id='word_1_356' title='bbox 3431 1003 3584 1075; x_wconf 74' lang='grc' dir='ltr'>σάρξ</span> <span class='ocrx_word' id='word_1_357' title='bbox 3621 1008 3782 1066; x_wconf 76' lang='grc' dir='ltr'>ἐστιν,</span> 
     </span>
    </p>
   </div>
   <div class='ocr_carea' id='block_1_55' title="bbox 2167 1085 3782 1168">
    <p class='ocr_par' dir='ltr' id='par_1_55' title="bbox 2167 1085 3782 1168">
     <span class='ocr_line' id='line_1_55' title="bbox 2167 1085 3782 1168; baseline -0.002 -18"><span class='ocrx_word' id='word_1_358' title='bbox 2167 1099 2268 1150; x_wconf 87' lang='grc' dir='ltr'><strong>ούκ</strong></span> <span class='ocrx_word' id='word_1_359' title='bbox 2333 1098 2482 1150; x_wconf 78' lang='grc' dir='ltr'>ἔστιν</span> <span class='ocrx_word' id='word_1_360' title='bbox 2530 1085 2862 1168; x_wconf 75' lang='grc' dir='ltr'>όρθοδόξων·</span> <span class='ocrx_word' id='word_1_361' title='bbox 2929 1098 3277 1167; x_wconf 74' lang='grc' dir='ltr'>παραχρῆμα</span> <span class='ocrx_word' id='word_1_362' title='bbox 3333 1095 3612 1150; x_wconf 82' lang='grc' dir='ltr'>ἐκέλευσε</span> <span class='ocrx_word' id='word_1_363' title='bbox 3664 1095 3782 1148; x_wconf 78' lang='grc' dir='ltr'>συλ-</span> 
     </span>
    </p>
   </div>
   <div class='ocr_carea' id='block_1_56' title="bbox 2167 1188 3784 1260">
    <p class='ocr_par' dir='ltr' id='par_1_56' title="bbox 2167 1188 3784 1260">
     <span class='ocr_line' id='line_1_56' title="bbox 2167 1188 3784 1260; baseline -0.002 -18"><span class='ocrx_word' id='word_1_364' title='bbox 2167 1190 2438 1260; x_wconf 78' lang='grc' dir='ltr'>ληφθῆναι</span> <span class='ocrx_word' id='word_1_365' title='bbox 2461 1192 2633 1260; x_wconf 79' lang='grc' dir='ltr'>ἡμᾶς’</span> <span class='ocrx_word' id='word_1_366' title='bbox 2667 1190 2922 1244; x_wconf 79' lang='grc' dir='ltr'>κάκεῖθεν</span> <span class='ocrx_word' id='word_1_367' title='bbox 2950 1191 3286 1260; x_wconf 81' lang='grc' dir='ltr'><strong>τυπτόμενοι</strong></span> <span class='ocrx_word' id='word_1_368' title='bbox 3314 1190 3478 1259; x_wconf 77' lang='grc' dir='ltr'><strong>παρά</strong></span> <span class='ocrx_word' id='word_1_369' title='bbox 3502 1188 3608 1241; x_wconf 76' lang='grc' dir='ltr'><strong>τοῦ</strong></span> <span class='ocrx_word' id='word_1_370' title='bbox 3632 1189 3784 1258; x_wconf 67' lang='grc' dir='ltr'>ὄχλου</span> 
     </span>
    </p>
   </div>
   <div class='ocr_carea' id='block_1_57' title="bbox 2167 1280 3784 1352">
    <p class='ocr_par' dir='ltr' id='par_1_57' title="bbox 2167 1280 3784 1352">
     <span class='ocr_line' id='line_1_57' title="bbox 2167 1280 3784 1352; baseline -0.002 -18"><span class='ocrx_word' id='word_1_371' title='bbox 2167 1282 2274 1334; x_wconf 85' lang='grc' dir='ltr'><strong>τῶν</strong></span> <span class='ocrx_word' id='word_1_372' title='bbox 2316 1282 2555 1336; x_wconf 78' lang='grc' dir='ltr'>δικανῶν</span> <span class='ocrx_word' id='word_1_373' title='bbox 2579 1321 2593 1345; x_wconf 92' lang='grc'><strong>,</strong></span> <span class='ocrx_word' id='word_1_374' title='bbox 2653 1281 2986 1351; x_wconf 72' lang='grc' dir='ltr'><strong>ἀπηγόμεθα</strong></span> <span class='ocrx_word' id='word_1_375' title='bbox 3030 1284 3088 1333; x_wconf 84' lang='grc' dir='ltr'>ὲν</span> <span class='ocrx_word' id='word_1_376' title='bbox 3123 1281 3204 1352; x_wconf 84' lang='grc' dir='ltr'><strong>τῷ</strong></span> <span class='ocrx_word' id='word_1_377' title='bbox 3231 1281 3516 1352; x_wconf 86' lang='grc' dir='ltr'>δικανικῷ</span> <span class='ocrx_word' id='word_1_378' title='bbox 3543 1297 3558 1310; x_wconf 88' lang='grc'><strong>·</strong></span> <span class='ocrx_word' id='word_1_379' title='bbox 3625 1280 3784 1332; x_wconf 60' lang='lat' dir='ltr'><strong>the?</strong></span> 
     </span>
    </p>
   </div>
   <div class='ocr_carea' id='block_1_58' title="bbox 2167 1375 3784 1446">
    <p class='ocr_par' dir='ltr' id='par_1_58' title="bbox 2167 1375 3784 1446">
     <span class='ocr_line' id='line_1_58' title="bbox 2167 1375 3784 1446; baseline 0.002 -20"><span class='ocrx_word' id='word_1_380' title='bbox 2167 1378 2410 1446; x_wconf 65' lang='grc' dir='ltr'>γυμνοὺς</span> <span class='ocrx_word' id='word_1_381' title='bbox 2443 1378 2589 1446; x_wconf 71' lang='grc' dir='ltr'>ἡμᾶς</span> <span class='ocrx_word' id='word_1_382' title='bbox 2613 1377 2630 1414; x_wconf 74' lang='grc' dir='ltr'><em>τ</em></span> <span class='ocrx_word' id='word_1_383' title='bbox 2665 1376 2947 1446; x_wconf 73' lang='grc' dir='ltr'><strong>δεσμίους,</strong></span> <span class='ocrx_word' id='word_1_384' title='bbox 2985 1378 3062 1438; x_wconf 80' lang='grc' dir='ltr'>ὡς</span> <span class='ocrx_word' id='word_1_385' title='bbox 3089 1377 3183 1430; x_wconf 79' lang='grc' dir='ltr'><strong>καὶ</strong></span> <span class='ocrx_word' id='word_1_386' title='bbox 3209 1375 3578 1436; x_wconf 74' lang='grc' dir='ltr'>ὑπευθύνους</span> <span class='ocrx_word' id='word_1_387' title='bbox 3609 1376 3680 1444; x_wconf 74' lang='grc' dir='ltr'><strong>τῇ</strong></span> <span class='ocrx_word' id='word_1_388' title='bbox 3709 1392 3784 1426; x_wconf 79' lang='grc' dir='ltr'><strong>τιο</strong></span> 
     </span>
    </p>
   </div>
   <div class='ocr_carea' id='block_1_59' title="bbox 2172 1467 3779 1538">
    <p class='ocr_par' dir='ltr' id='par_1_59' title="bbox 2172 1467 3779 1538">
     <span class='ocr_line' id='line_1_59' title="bbox 2172 1467 3779 1538; baseline -0.002 -18"><span class='ocrx_word' id='word_1_389' title='bbox 2172 1467 2400 1538; x_wconf 74' lang='grc' dir='ltr'>μωρίᾳδ</span> <span class='ocrx_word' id='word_1_390' title='bbox 2449 1468 2774 1531; x_wconf 84' lang='grc' dir='ltr'>ὲστύλισαν,</span> <span class='ocrx_word' id='word_1_391' title='bbox 2835 1468 3233 1538; x_wconf 79' lang='grc' dir='ltr'>ὲκρεϐἀτισαν,</span> <span class='ocrx_word' id='word_1_392' title='bbox 3283 1469 3380 1520; x_wconf 78' lang='grc' dir='ltr'><strong>καὶ</strong></span> <span class='ocrx_word' id='word_1_393' title='bbox 3415 1467 3779 1536; x_wconf 78' lang='grc' dir='ltr'>ὲπτὲρνισαν.</span> 
     </span>
    </p>
   </div>
   <div class='ocr_carea' id='block_1_60' title="bbox 2170 1558 3784 1630">
    <p class='ocr_par' dir='ltr' id='par_1_60' title="bbox 2170 1558 3784 1630">
     <span class='ocr_line' id='line_1_60' title="bbox 2170 1558 3784 1630; baseline -0.004 -17"><span class='ocrx_word' id='word_1_394' title='bbox 2170 1561 2349 1630; x_wconf 86' lang='grc' dir='ltr'>Ὅπερ</span> <span class='ocrx_word' id='word_1_395' title='bbox 2377 1561 2436 1612; x_wconf 83' lang='grc' dir='ltr'><strong>ού</strong></span> <span class='ocrx_word' id='word_1_396' title='bbox 2471 1560 2772 1629; x_wconf 84' lang='grc' dir='ltr'><strong>πάσχουσιν</strong></span> <span class='ocrx_word' id='word_1_397' title='bbox 2803 1561 2862 1612; x_wconf 82' lang='grc' dir='ltr'>ὲν</span> <span class='ocrx_word' id='word_1_398' title='bbox 2883 1563 2997 1622; x_wconf 79' lang='grc' dir='ltr'><strong>τοῖς</strong></span> <span class='ocrx_word' id='word_1_399' title='bbox 3024 1559 3129 1624; x_wconf 83' lang='grc' dir='ltr'><strong>ἔξω</strong></span> <span class='ocrx_word' id='word_1_400' title='bbox 3157 1559 3582 1628; x_wconf 81' lang='grc' dir='ltr'>δικαστηρίοις,</span> <span class='ocrx_word' id='word_1_401' title='bbox 3614 1558 3682 1609; x_wconf 71' lang='grc' dir='ltr'>οὐ</span> <span class='ocrx_word' id='word_1_402' title='bbox 3707 1558 3784 1608; x_wconf 77' lang='grc' dir='ltr'>λέ-</span> 
     </span>
    </p>
   </div>
   <div class='ocr_carea' id='block_1_61' title="bbox 2167 1648 3780 1720">
    <p class='ocr_par' dir='ltr' id='par_1_61' title="bbox 2167 1648 3780 1720">
     <span class='ocr_line' id='line_1_61' title="bbox 2167 1648 3780 1720; baseline -0.002 -16"><span class='ocrx_word' id='word_1_403' title='bbox 2167 1667 2340 1720; x_wconf 89' lang='grc' dir='ltr'>γομεν</span> <span class='ocrx_word' id='word_1_404' title='bbox 2393 1651 2475 1703; x_wconf 76' lang='grc' dir='ltr'>ὅτι</span> <span class='ocrx_word' id='word_1_405' title='bbox 2529 1651 2781 1720; x_wconf 74' lang='grc' dir='ltr'>κληρικοὶ</span> <span class='ocrx_word' id='word_1_406' title='bbox 2837 1651 2932 1702; x_wconf 75' lang='grc' dir='ltr'><strong>καὶ</strong></span> <span class='ocrx_word' id='word_1_407' title='bbox 2979 1651 3453 1720; x_wconf 80' lang='grc' dir='ltr'>ἀρχιμανδρῖται,</span> <span class='ocrx_word' id='word_1_408' title='bbox 3517 1648 3555 1719; x_wconf 77' lang='grc' dir='ltr'>ἢ</span> <span class='ocrx_word' id='word_1_409' title='bbox 3617 1666 3780 1718; x_wconf 75' lang='grc' dir='ltr'>μονα-</span> 
     </span>
    </p>
   </div>
   <div class='ocr_carea' id='block_1_62' title="bbox 2169 1741 3780 1812">
    <p class='ocr_par' dir='ltr' id='par_1_62' title="bbox 2169 1741 3780 1812">
     <span class='ocr_line' id='line_1_62' title="bbox 2169 1741 3780 1812; baseline -0.003 -16"><span class='ocrx_word' id='word_1_410' title='bbox 2169 1743 2374 1808; x_wconf 83' lang='grc' dir='ltr'>ζοντες,</span> <span class='ocrx_word' id='word_1_411' title='bbox 2411 1742 2522 1796; x_wconf 85' lang='grc' dir='ltr'>ἀλλ’</span> <span class='ocrx_word' id='word_1_412' title='bbox 2545 1741 2668 1796; x_wconf 78' lang='grc' dir='ltr'>οὕτε</span> <span class='ocrx_word' id='word_1_413' title='bbox 2699 1745 2746 1795; x_wconf 87' lang='grc' dir='ltr'><strong>οἱ</strong></span> <span class='ocrx_word' id='word_1_414' title='bbox 2771 1743 3030 1812; x_wconf 78' lang='grc' dir='ltr'><strong>τυχόντες</strong></span> <span class='ocrx_word' id='word_1_415' title='bbox 3057 1742 3337 1812; x_wconf 73' lang='grc' dir='ltr'>κοσμικοὶ,</span> <span class='ocrx_word' id='word_1_416' title='bbox 3370 1741 3398 1794; x_wconf 85' lang='grc' dir='ltr'>ὃ</span> <span class='ocrx_word' id='word_1_417' title='bbox 3420 1744 3607 1810; x_wconf 80' lang='grc' dir='ltr'>ἡμεῖς</span> <span class='ocrx_word' id='word_1_418' title='bbox 3636 1743 3700 1792; x_wconf 80' lang='grc' dir='ltr'>ἐν</span> <span class='ocrx_word' id='word_1_419' title='bbox 3726 1745 3780 1810; x_wconf 64' lang='grc' dir='ltr'><strong>τῇ</strong></span> 
     </span>
    </p>
   </div>
   <div class='ocr_carea' id='block_1_63' title="bbox 2167 1833 3782 1908">
    <p class='ocr_par' dir='ltr' id='par_1_63' title="bbox 2167 1833 3782 1908">
     <span class='ocr_line' id='line_1_63' title="bbox 2167 1833 3782 1908; baseline -0.004 -20"><span class='ocrx_word' id='word_1_420' title='bbox 2167 1836 2437 1908; x_wconf 78' lang='grc' dir='ltr'><strong>ἐκκλησίᾳ</strong></span> <span class='ocrx_word' id='word_1_421' title='bbox 2484 1836 2635 1905; x_wconf 84' lang='grc' dir='ltr'><strong>παρά</strong></span> <span class='ocrx_word' id='word_1_422' title='bbox 2673 1834 2768 1888; x_wconf 81' lang='grc' dir='ltr'><strong>τοῦ</strong></span> <span class='ocrx_word' id='word_1_423' title='bbox 2804 1836 3126 1905; x_wconf 78' lang='grc' dir='ltr'>παρανόμου</span> <span class='ocrx_word' id='word_1_424' title='bbox 3181 1833 3530 1904; x_wconf 76' lang='grc' dir='ltr'>παρανόμως</span> <span class='ocrx_word' id='word_1_425' title='bbox 3567 1834 3782 1886; x_wconf 75' lang='grc' dir='ltr'>πεπόν-</span> 
     </span>
    </p>
   </div>
   <div class='ocr_carea' id='block_1_64' title="bbox 2167 1925 3779 1998">
    <p class='ocr_par' dir='ltr' id='par_1_64' title="bbox 2167 1925 3779 1998">
     <span class='ocr_line' id='line_1_64' title="bbox 2167 1925 3779 1998; baseline -0.003 -17"><span class='ocrx_word' id='word_1_426' title='bbox 2167 1928 2364 1998; x_wconf 86' lang='grc' dir='ltr'>θαμεν.</span> <span class='ocrx_word' id='word_1_427' title='bbox 2424 1927 2747 1998; x_wconf 83' lang='grc' dir='ltr'>Θ).ιϐόμενοι</span> <span class='ocrx_word' id='word_1_428' title='bbox 2799 1929 2858 1979; x_wconf 83' lang='grc' dir='ltr'>ἐν</span> <span class='ocrx_word' id='word_1_429' title='bbox 2903 1927 2982 1996; x_wconf 81' lang='grc' dir='ltr'><strong>τῷ</strong></span> <span class='ocrx_word' id='word_1_430' title='bbox 3023 1927 3313 1996; x_wconf 84' lang='grc' dir='ltr'>δικανικῷ,</span> <span class='ocrx_word' id='word_1_431' title='bbox 3369 1925 3779 1995; x_wconf 81' lang='grc' dir='ltr'><strong>λιμώττοντες,</strong></span> 
     </span>
    </p>
   </div>
   <div class='ocr_carea' id='block_1_65' title="bbox 2165 2017 3779 2091">
    <p class='ocr_par' dir='ltr' id='par_1_65' title="bbox 2165 2017 3779 2091">
     <span class='ocr_line' id='line_1_65' title="bbox 2165 2017 3779 2091; baseline -0.002 -19"><span class='ocrx_word' id='word_1_432' title='bbox 2165 2023 2222 2072; x_wconf 77' lang='grc' dir='ltr'>ἐν</span> <span class='ocrx_word' id='word_1_433' title='bbox 2250 2019 2503 2091; x_wconf 62' lang='grc' dir='ltr'><strong>οἰκετεία11</strong></span> <span class='ocrx_word' id='word_1_434' title='bbox 2538 2019 2936 2089; x_wconf 80' lang='grc' dir='ltr'>φυλαττόμενοι</span> <span class='ocrx_word' id='word_1_435' title='bbox 2968 2019 3060 2070; x_wconf 81' lang='grc' dir='ltr'>ἐπὶ</span> <span class='ocrx_word' id='word_1_436' title='bbox 3089 2019 3283 2088; x_wconf 86' lang='grc' dir='ltr'>χρόνον</span> <span class='ocrx_word' id='word_1_437' title='bbox 3314 2017 3495 2070; x_wconf 82' lang='grc' dir='ltr'>πολὺν</span> <span class='ocrx_word' id='word_1_438' title='bbox 3529 2017 3779 2069; x_wconf 79' lang='grc' dir='ltr'>διετελὲ-</span> 
     </span>
    </p>
   </div>
   <div class='ocr_carea' id='block_1_66' title="bbox 2167 2108 3776 2182">
    <p class='ocr_par' dir='ltr' id='par_1_66' title="bbox 2167 2108 3776 2182">
     <span class='ocr_line' id='line_1_66' title="bbox 2167 2108 3776 2182; baseline -0.002 -16"><span class='ocrx_word' id='word_1_439' title='bbox 2167 2131 2358 2181; x_wconf 85' lang='grc' dir='ltr'>σαμεν.</span> <span class='ocrx_word' id='word_1_440' title='bbox 2422 2113 2530 2165; x_wconf 77' lang='grc' dir='ltr'>Καὶ</span> <span class='ocrx_word' id='word_1_441' title='bbox 2577 2113 2680 2164; x_wconf 75' lang='grc' dir='ltr'>οὐκ</span> <span class='ocrx_word' id='word_1_442' title='bbox 2727 2111 2974 2182; x_wconf 72' lang='grc' dir='ltr'>ἠρκέσθη</span> <span class='ocrx_word' id='word_1_443' title='bbox 3017 2111 3232 2174; x_wconf 83' lang='grc' dir='ltr'><strong>τούτοις</strong></span> <span class='ocrx_word' id='word_1_444' title='bbox 3276 2111 3310 2180; x_wconf 90' lang='grc' dir='ltr'><strong>ή</strong></span> <span class='ocrx_word' id='word_1_445' title='bbox 3351 2108 3533 2162; x_wconf 83' lang='grc' dir='ltr'><strong>αὑτοῦ</strong></span> <span class='ocrx_word' id='word_1_446' title='bbox 3570 2110 3776 2179; x_wconf 82' lang='grc' dir='ltr'>μανία·</span> 
     </span>
    </p>
   </div>
   <div class='ocr_carea' id='block_1_67' title="bbox 2163 2189 3778 2273">
    <p class='ocr_par' dir='ltr' id='par_1_67' title="bbox 2163 2189 3778 2273">
     <span class='ocr_line' id='line_1_67' title="bbox 2163 2189 3778 2273; baseline -0.002 -17"><span class='ocrx_word' id='word_1_447' title='bbox 2163 2204 2299 2256; x_wconf 82' lang='grc' dir='ltr'><strong>ἀλλά</strong></span> <span class='ocrx_word' id='word_1_448' title='bbox 2326 2204 2424 2256; x_wconf 75' lang='grc' dir='ltr'><strong>καὶ</strong></span> <span class='ocrx_word' id='word_1_449' title='bbox 2455 2203 2592 2272; x_wconf 85' lang='grc' dir='ltr'><strong>μετά</strong></span> <span class='ocrx_word' id='word_1_450' title='bbox 2620 2201 2794 2256; x_wconf 82' lang='grc' dir='ltr'><strong>ταῦτα</strong></span> <span class='ocrx_word' id='word_1_451' title='bbox 2821 2189 2901 2272; x_wconf 72' lang='grc' dir='ltr'><strong>τῷ</strong></span> <span class='ocrx_word' id='word_1_452' title='bbox 2931 2201 3516 2273; x_wconf 77' lang='grc' dir='ltr'>μεγαλοπρεπεστάτῳ</span> <span class='ocrx_word' id='word_1_453' title='bbox 3539 2203 3778 2271; x_wconf 72' lang='grc' dir='ltr'>ἐπάρχῳ</span> 
     </span>
    </p>
   </div>
   <div class='ocr_carea' id='block_1_68' title="bbox 2163 2293 3776 2369">
    <p class='ocr_par' dir='ltr' id='par_1_68' title="bbox 2163 2293 3776 2369">
     <span class='ocr_line' id='line_1_68' title="bbox 2163 2293 3776 2369; baseline -0.005 -17"><span class='ocrx_word' id='word_1_454' title='bbox 2163 2299 2324 2367; x_wconf 79' lang='grc' dir='ltr'>τῆσδε</span> <span class='ocrx_word' id='word_1_455' title='bbox 2377 2299 2478 2368; x_wconf 85' lang='grc' dir='ltr'><strong>τῆς</strong></span> <span class='ocrx_word' id='word_1_456' title='bbox 2520 2299 2916 2369; x_wconf 86' lang='grc' dir='ltr'>μεγαλωνύμου</span> <span class='ocrx_word' id='word_1_457' title='bbox 2961 2297 3171 2360; x_wconf 86' lang='grc' dir='ltr'>πόλεως</span> <span class='ocrx_word' id='word_1_458' title='bbox 3218 2294 3339 2350; x_wconf 83' lang='grc' dir='ltr'>κατ’</span> <span class='ocrx_word' id='word_1_459' title='bbox 3369 2293 3606 2362; x_wconf 78' lang='grc' dir='ltr'><strong>ἀπάτην</strong></span> <span class='ocrx_word' id='word_1_460' title='bbox 3657 2297 3776 2345; x_wconf 64' lang='grc' dir='ltr'>τινα</span> 
     </span>
    </p>
   </div>
   <div class='ocr_carea' id='block_1_69' title="bbox 2164 2387 3774 2461">
    <p class='ocr_par' dir='ltr' id='par_1_69' title="bbox 2164 2387 3774 2461">
     <span class='ocr_line' id='line_1_69' title="bbox 2164 2387 3774 2461; baseline -0.002 -19"><span class='ocrx_word' id='word_1_461' title='bbox 2164 2391 2580 2461; x_wconf 78' lang='grc' dir='ltr'>παρεδόθημεν,</span> <span class='ocrx_word' id='word_1_462' title='bbox 2637 2391 2732 2444; x_wconf 73' lang='grc' dir='ltr'><strong>καὶ</strong></span> <span class='ocrx_word' id='word_1_463' title='bbox 2774 2390 3166 2460; x_wconf 73' lang='grc' dir='ltr'>σιδηρῑυθέντες</span> <span class='ocrx_word' id='word_1_464' title='bbox 3212 2387 3559 2459; x_wconf 84' lang='grc' dir='ltr'>ἀπήχθημεν</span> <span class='ocrx_word' id='word_1_465' title='bbox 3607 2389 3672 2438; x_wconf 78' lang='grc' dir='ltr'>ὲν</span> <span class='ocrx_word' id='word_1_466' title='bbox 3715 2388 3774 2456; x_wconf 77' lang='grc' dir='ltr'><strong>τῇ</strong></span> 
     </span>
    </p>
   </div>
   <div class='ocr_carea' id='block_1_70' title="bbox 2164 2477 3774 2553">
    <p class='ocr_par' dir='ltr' id='par_1_70' title="bbox 2164 2477 3774 2553">
     <span class='ocr_line' id='line_1_70' title="bbox 2164 2477 3774 2553; baseline -0.002 -23"><span class='ocrx_word' id='word_1_467' title='bbox 2164 2481 2421 2552; x_wconf 77' lang='grc' dir='ltr'>φυλακῇ,</span> <span class='ocrx_word' id='word_1_468' title='bbox 2482 2482 2580 2534; x_wconf 72' lang='grc' dir='ltr'>καὶ</span> <span class='ocrx_word' id='word_1_469' title='bbox 2631 2482 2770 2553; x_wconf 83' lang='grc' dir='ltr'><strong>μετά</strong></span> <span class='ocrx_word' id='word_1_470' title='bbox 2811 2481 2985 2536; x_wconf 80' lang='grc' dir='ltr'><strong>ταῦτα</strong></span> <span class='ocrx_word' id='word_1_471' title='bbox 3036 2478 3358 2550; x_wconf 80' lang='grc' dir='ltr'><strong>ἀνήχθημεν</strong></span> <span class='ocrx_word' id='word_1_472' title='bbox 3393 2480 3456 2530; x_wconf 79' lang='grc' dir='ltr'>ἐν</span> <span class='ocrx_word' id='word_1_473' title='bbox 3487 2477 3573 2547; x_wconf 79' lang='grc' dir='ltr'><strong>τῷ</strong></span> <span class='ocrx_word' id='word_1_474' title='bbox 3605 2494 3774 2547; x_wconf 80' lang='grc' dir='ltr'>πραι-</span> 
     </span>
    </p>
   </div>
   <div class='ocr_carea' id='block_1_71' title="bbox 2162 2570 3772 2646">
    <p class='ocr_par' dir='ltr' id='par_1_71' title="bbox 2162 2570 3772 2646">
     <span class='ocr_line' id='line_1_71' title="bbox 2162 2570 3772 2646; baseline -0.001 -22"><span class='ocrx_word' id='word_1_475' title='bbox 2162 2573 2348 2644; x_wconf 85' lang='grc' dir='ltr'>τωρίῳ</span> <span class='ocrx_word' id='word_1_476' title='bbox 2375 2573 2458 2644; x_wconf 83' lang='grc' dir='ltr'><strong>τῷ</strong></span> <span class='ocrx_word' id='word_1_477' title='bbox 2479 2573 2630 2645; x_wconf 81' lang='grc' dir='ltr'>αὐτῷ</span> <span class='ocrx_word' id='word_1_478' title='bbox 2650 2573 2839 2646; x_wconf 80' lang='grc' dir='ltr'>τρόπῳ</span> <span class='ocrx_word' id='word_1_479' title='bbox 2869 2573 3008 2645; x_wconf 73' lang='grc' dir='ltr'>μετὰ</span> <span class='ocrx_word' id='word_1_480' title='bbox 3030 2573 3136 2625; x_wconf 85' lang='grc' dir='ltr'><strong>τῶν</strong></span> <span class='ocrx_word' id='word_1_481' title='bbox 3159 2570 3403 2640; x_wconf 82' lang='grc' dir='ltr'>δεσμῶν.</span> <span class='ocrx_word' id='word_1_482' title='bbox 3430 2571 3554 2624; x_wconf 80' lang='grc' dir='ltr'>Καὶ</span> <span class='ocrx_word' id='word_1_483' title='bbox 3576 2570 3772 2638; x_wconf 70' lang='grc' dir='ltr'>ἐπειδὴ</span> 
     </span>
    </p>
   </div>
   <div class='ocr_carea' id='block_1_72' title="bbox 2161 2659 3771 2735">
    <p class='ocr_par' dir='ltr' id='par_1_72' title="bbox 2161 2659 3771 2735">
     <span class='ocr_line' id='line_1_72' title="bbox 2161 2659 3771 2735; baseline -0.002 -21"><span class='ocrx_word' id='word_1_484' title='bbox 2161 2663 2339 2726; x_wconf 75' lang='grc' dir='ltr'>οὐδεὶς</span> <span class='ocrx_word' id='word_1_485' title='bbox 2379 2659 2450 2735; x_wconf 79' lang='grc' dir='ltr'>ἦν</span> <span class='ocrx_word' id='word_1_486' title='bbox 2497 2666 2527 2718; x_wconf 81' lang='grc' dir='ltr'><strong>ὁ</strong></span> <span class='ocrx_word' id='word_1_487' title='bbox 2577 2663 2904 2734; x_wconf 83' lang='grc' dir='ltr'>κατηγορῶν</span> <span class='ocrx_word' id='word_1_488' title='bbox 2923 2702 2941 2728; x_wconf 94' lang='grc'><strong>,</strong></span> <span class='ocrx_word' id='word_1_489' title='bbox 2991 2664 3050 2716; x_wconf 80' lang='grc' dir='ltr'>ἐν</span> <span class='ocrx_word' id='word_1_490' title='bbox 3073 2661 3154 2734; x_wconf 80' lang='grc' dir='ltr'><strong>τῷ</strong></span> <span class='ocrx_word' id='word_1_491' title='bbox 3175 2660 3446 2732; x_wconf 78' lang='grc' dir='ltr'><strong>δικανικῷ</strong></span> <span class='ocrx_word' id='word_1_492' title='bbox 3473 2662 3658 2715; x_wconf 71' lang='grc' dir='ltr'>πάλιν</span> <span class='ocrx_word' id='word_1_493' title='bbox 3689 2661 3771 2712; x_wconf 63' lang='grc' dir='ltr'><strong>δια</strong></span> 
     </span>
    </p>
   </div>
   <div class='ocr_carea' id='block_1_73' title="bbox 2162 2751 3761 2824">
    <p class='ocr_par' dir='ltr' id='par_1_73' title="bbox 2162 2751 3761 2824">
     <span class='ocr_line' id='line_1_73' title="bbox 2162 2751 3761 2824; baseline -0.001 -18"><span class='ocrx_word' id='word_1_494' title='bbox 2162 2755 2263 2824; x_wconf 84' lang='grc' dir='ltr'><strong>τῆς</strong></span> <span class='ocrx_word' id='word_1_495' title='bbox 2311 2753 2518 2817; x_wconf 80' lang='grc' dir='ltr'>τάξεως</span> <span class='ocrx_word' id='word_1_496' title='bbox 2569 2753 2856 2824; x_wconf 77' lang='grc' dir='ltr'>ἡχθημεν·</span> <span class='ocrx_word' id='word_1_497' title='bbox 2917 2753 3014 2807; x_wconf 76' lang='grc' dir='ltr'>καὶ</span> <span class='ocrx_word' id='word_1_498' title='bbox 3059 2752 3204 2806; x_wconf 74' lang='grc' dir='ltr'><strong>οὕτω</strong></span> <span class='ocrx_word' id='word_1_499' title='bbox 3244 2751 3410 2806; x_wconf 73' lang='grc' dir='ltr'>πάλιν</span> <span class='ocrx_word' id='word_1_500' title='bbox 3447 2751 3761 2805; x_wconf 72' lang='grc' dir='ltr'>ἐκόλασεν·</span> 
     </span>
    </p>
   </div>
   <div class='ocr_carea' id='block_1_74' title="bbox 2162 2841 3766 2914">
    <p class='ocr_par' dir='ltr' id='par_1_74' title="bbox 2162 2841 3766 2914">
     <span class='ocr_line' id='line_1_74' title="bbox 2162 2841 3766 2914; baseline 0 -20"><span class='ocrx_word' id='word_1_501' title='bbox 2162 2844 2310 2914; x_wconf 82' lang='grc' dir='ltr'>ἡμᾶς</span> <span class='ocrx_word' id='word_1_502' title='bbox 2362 2843 2504 2896; x_wconf 86' lang='grc' dir='ltr'><strong>κατά</strong></span> <span class='ocrx_word' id='word_1_503' title='bbox 2556 2844 2850 2913; x_wconf 84' lang='grc' dir='ltr'>πρόσωπον</span> <span class='ocrx_word' id='word_1_504' title='bbox 2899 2842 3204 2912; x_wconf 83' lang='grc' dir='ltr'>τυπτήσας.</span> <span class='ocrx_word' id='word_1_505' title='bbox 3263 2842 3377 2894; x_wconf 81' lang='grc' dir='ltr'><strong>Καὶ</strong></span> <span class='ocrx_word' id='word_1_506' title='bbox 3423 2841 3766 2912; x_wconf 76' lang='grc' dir='ltr'>διαλεχθεὶς,</span> 
     </span>
    </p>
   </div>
   <div class='ocr_carea' id='block_1_75' title="bbox 2161 2921 3764 3000">
    <p class='ocr_par' dir='ltr' id='par_1_75' title="bbox 2161 2921 3764 3000">
     <span class='ocr_line' id='line_1_75' title="bbox 2161 2921 3764 3000; baseline -0.001 -15"><span class='ocrx_word' id='word_1_507' title='bbox 2161 2933 2257 2985; x_wconf 73' lang='grc' dir='ltr'>καὶ</span> <span class='ocrx_word' id='word_1_508' title='bbox 2305 2921 2640 3000; x_wconf 74' lang='grc' dir='ltr'>συνθέμενος</span> <span class='ocrx_word' id='word_1_509' title='bbox 2693 2933 2816 2984; x_wconf 83' lang='grc' dir='ltr'>κατ’</span> <span class='ocrx_word' id='word_1_510' title='bbox 2837 2933 3092 3000; x_wconf 74' lang='grc' dir='ltr'>ἀπάτην,</span> <span class='ocrx_word' id='word_1_511' title='bbox 3149 2931 3226 2994; x_wconf 84' lang='grc' dir='ltr'>ὡς</span> <span class='ocrx_word' id='word_1_512' title='bbox 3267 2930 3342 2983; x_wconf 84' lang='grc' dir='ltr'><strong>τὰ</strong></span> <span class='ocrx_word' id='word_1_513' title='bbox 3392 2931 3542 3000; x_wconf 80' lang='grc' dir='ltr'><strong>μετά</strong></span> <span class='ocrx_word' id='word_1_514' title='bbox 3589 2931 3764 2985; x_wconf 79' lang='grc' dir='ltr'><strong>ταῦτα</strong></span> 
     </span>
    </p>
   </div>
   <div class='ocr_carea' id='block_1_76' title="bbox 2161 3020 3761 3092">
    <p class='ocr_par' dir='ltr' id='par_1_76' title="bbox 2161 3020 3761 3092">
     <span class='ocr_line' id='line_1_76' title="bbox 2161 3020 3761 3092; baseline 0 -18"><span class='ocrx_word' id='word_1_515' title='bbox 2161 3021 2328 3087; x_wconf 73' lang='grc' dir='ltr'>ἔδειξε</span> <span class='ocrx_word' id='word_1_516' title='bbox 2355 3061 2370 3084; x_wconf 87' lang='grc'><strong>,</strong></span> <span class='ocrx_word' id='word_1_517' title='bbox 2429 3021 2563 3092; x_wconf 75' lang='grc' dir='ltr'>περὶ</span> <span class='ocrx_word' id='word_1_518' title='bbox 2607 3021 2700 3074; x_wconf 83' lang='grc' dir='ltr'><strong>τοῦ</strong></span> <span class='ocrx_word' id='word_1_519' title='bbox 2731 3021 2891 3090; x_wconf 84' lang='grc' dir='ltr'>φύσει</span> <span class='ocrx_word' id='word_1_520' title='bbox 2914 3021 3044 3074; x_wconf 82' lang='grc' dir='ltr'>Υίοῦ</span> <span class='ocrx_word' id='word_1_521' title='bbox 3075 3021 3169 3074; x_wconf 80' lang='grc' dir='ltr'><strong>τοῦ</strong></span> <span class='ocrx_word' id='word_1_522' title='bbox 3191 3020 3330 3074; x_wconf 84' lang='grc' dir='ltr'>Θεοῦ</span> <span class='ocrx_word' id='word_1_523' title='bbox 3355 3061 3369 3084; x_wconf 93' lang='grc'><strong>,</strong></span> <span class='ocrx_word' id='word_1_524' title='bbox 3424 3021 3514 3074; x_wconf 69' lang='grc' dir='ltr'><strong>ὅτι</strong></span> <span class='ocrx_word' id='word_1_525' title='bbox 3563 3023 3761 3092; x_wconf 76' lang='grc' dir='ltr'>ἐτέχθη</span> 
     </span>
    </p>
   </div>
   <div class='ocr_carea' id='block_1_77' title="bbox 2165 3111 3763 3182">
    <p class='ocr_par' dir='ltr' id='par_1_77' title="bbox 2165 3111 3763 3182">
     <span class='ocr_line' id='line_1_77' title="bbox 2165 3111 3763 3182; baseline 0 -16"><span class='ocrx_word' id='word_1_526' title='bbox 2165 3111 2274 3166; x_wconf 75' lang='grc' dir='ltr'><strong>ἀπὸ</strong></span> <span class='ocrx_word' id='word_1_527' title='bbox 2319 3115 2416 3181; x_wconf 85' lang='grc' dir='ltr'><strong>τῆς</strong></span> <span class='ocrx_word' id='word_1_528' title='bbox 2459 3113 2621 3179; x_wconf 88' lang='grc' dir='ltr'>ἀγίας</span> <span class='ocrx_word' id='word_1_529' title='bbox 2659 3113 2880 3182; x_wconf 78' lang='grc' dir='ltr'>Μαρίας</span> <span class='ocrx_word' id='word_1_530' title='bbox 2921 3113 3019 3182; x_wconf 84' lang='grc' dir='ltr'><strong>τῆς</strong></span> <span class='ocrx_word' id='word_1_531' title='bbox 3059 3112 3326 3166; x_wconf 74' lang='grc' dir='ltr'>Θεοτόκου</span> <span class='ocrx_word' id='word_1_532' title='bbox 3361 3111 3583 3182; x_wconf 82' lang='grc' dir='ltr'>λέγων·</span> <span class='ocrx_word' id='word_1_533' title='bbox 3637 3113 3763 3166; x_wconf 78' lang='grc' dir='ltr'>ἐπεὶ</span> 
     </span>
    </p>
   </div>
   <div class='ocr_carea' id='block_1_78' title="bbox 2166 3203 3316 3275">
    <p class='ocr_par' dir='ltr' id='par_1_78' title="bbox 2166 3203 3316 3275">
     <span class='ocr_line' id='line_1_78' title="bbox 2166 3203 3316 3275; baseline 0.003 -19"><span class='ocrx_word' id='word_1_534' title='bbox 2166 3203 2242 3256; x_wconf 80' lang='grc' dir='ltr'><strong>ἔνι</strong></span> <span class='ocrx_word' id='word_1_535' title='bbox 2274 3205 2432 3268; x_wconf 83' lang='grc' dir='ltr'>ἀλλος</span> <span class='ocrx_word' id='word_1_536' title='bbox 2461 3204 2576 3266; x_wconf 87' lang='grc' dir='ltr'>υἱός</span> <span class='ocrx_word' id='word_1_537' title='bbox 2595 3219 2606 3230; x_wconf 91' lang='grc'><strong>·</strong></span> <span class='ocrx_word' id='word_1_538' title='bbox 2641 3203 2812 3267; x_wconf 76' lang='grc' dir='ltr'><strong>οὕτως</strong></span> <span class='ocrx_word' id='word_1_539' title='bbox 2844 3203 3117 3258; x_wconf 83' lang='grc' dir='ltr'>ἀπέλυσεν</span> <span class='ocrx_word' id='word_1_540' title='bbox 3147 3205 3316 3275; x_wconf 75' lang='grc' dir='ltr'>ἡμᾶς.</span> 
     </span>
    </p>
   </div>
   <div class='ocr_carea' id='block_1_79' title="bbox 2229 3480 3752 3558">
    <p class='ocr_par' dir='ltr' id='par_1_79' title="bbox 2229 3480 3752 3558">
     <span class='ocr_line' id='line_1_79' title="bbox 2229 3480 3752 3558; baseline 0.004 -22"><span class='ocrx_word' id='word_1_541' title='bbox 2229 3485 2304 3538; x_wconf 72' lang='grc' dir='ltr'><strong>Δο.</strong></span> <span class='ocrx_word' id='word_1_542' title='bbox 2362 3483 2795 3554; x_wconf 78' lang='grc' dir='ltr'>Παρακαλοῦμεν</span> <span class='ocrx_word' id='word_1_543' title='bbox 2838 3480 2932 3539; x_wconf 76' lang='grc' dir='ltr'><strong>οὖν</strong></span> <span class='ocrx_word' id='word_1_544' title='bbox 2985 3485 3086 3556; x_wconf 78' lang='grc' dir='ltr'><strong>τὴν</strong></span> <span class='ocrx_word' id='word_1_545' title='bbox 3136 3486 3412 3542; x_wconf 88' lang='grc' dir='ltr'>ἀθάνατον</span> <span class='ocrx_word' id='word_1_546' title='bbox 3459 3489 3624 3558; x_wconf 78' lang='grc' dir='ltr'>ὑμῶν</span> <span class='ocrx_word' id='word_1_547' title='bbox 3663 3490 3752 3544; x_wconf 70' lang='grc' dir='ltr'>καὶ</span> 
     </span>
    </p>
   </div>
   <div class='ocr_carea' id='block_1_80' title="bbox 2159 3566 3750 3649">
    <p class='ocr_par' dir='ltr' id='par_1_80' title="bbox 2159 3566 3750 3649">
     <span class='ocr_line' id='line_1_80' title="bbox 2159 3566 3750 3649; baseline 0.004 -20"><span class='ocrx_word' id='word_1_548' title='bbox 2159 3577 2562 3646; x_wconf 80' lang='grc' dir='ltr'>εὐσεϐεστάτην</span> <span class='ocrx_word' id='word_1_549' title='bbox 2585 3566 2954 3640; x_wconf 69' lang='grc' dir='ltr'>πίστιν,’ὥστε</span> <span class='ocrx_word' id='word_1_550' title='bbox 2981 3579 3059 3647; x_wconf 76' lang='grc' dir='ltr'>μὴ</span> <span class='ocrx_word' id='word_1_551' title='bbox 3084 3578 3338 3649; x_wconf 81' lang='grc' dir='ltr'>παριδεῖν</span> <span class='ocrx_word' id='word_1_552' title='bbox 3360 3580 3427 3632; x_wconf 84' lang='grc' dir='ltr'>ἐκ</span> <span class='ocrx_word' id='word_1_553' title='bbox 3448 3581 3549 3634; x_wconf 79' lang='grc' dir='ltr'><strong>τοῦ</strong></span> <span class='ocrx_word' id='word_1_554' title='bbox 3569 3582 3750 3635; x_wconf 73' lang='grc' dir='ltr'>λοιποῦ</span> 
     </span>
    </p>
   </div>
   <div class='ocr_carea' id='block_1_81' title="bbox 2159 3668 3752 3746">
    <p class='ocr_par' dir='ltr' id='par_1_81' title="bbox 2159 3668 3752 3746">
     <span class='ocr_line' id='line_1_81' title="bbox 2159 3668 3752 3746; baseline 0.004 -26"><span class='ocrx_word' id='word_1_555' title='bbox 2159 3668 2259 3738; x_wconf 75' lang='grc' dir='ltr'><strong>τὴν</strong></span> <span class='ocrx_word' id='word_1_556' title='bbox 2300 3669 2582 3737; x_wconf 77' lang='grc' dir='ltr'>ὀρθόδοξον</span> <span class='ocrx_word' id='word_1_557' title='bbox 2615 3669 2944 3739; x_wconf 84' lang='grc' dir='ltr'>Ἐκκλησίαν</span> <span class='ocrx_word' id='word_1_558' title='bbox 2982 3671 3384 3740; x_wconf 81' lang='grc' dir='ltr'>μοιχευομένην</span> <span class='ocrx_word' id='word_1_559' title='bbox 3419 3673 3580 3744; x_wconf 82' lang='grc' dir='ltr'><strong>παρά</strong></span> <span class='ocrx_word' id='word_1_560' title='bbox 3608 3678 3752 3746; x_wconf 81' lang='grc' dir='ltr'>αἱρε-</span> 
     </span>
    </p>
   </div>
   <div class='ocr_carea' id='block_1_82' title="bbox 2157 3761 3747 3834">
    <p class='ocr_par' dir='ltr' id='par_1_82' title="bbox 2157 3761 3747 3834">
     <span class='ocr_line' id='line_1_82' title="bbox 2157 3761 3747 3834; baseline 0.004 -20"><span class='ocrx_word' id='word_1_561' title='bbox 2157 3761 2325 3814; x_wconf 85' lang='grc' dir='ltr'>τικῶν</span> <span class='ocrx_word' id='word_1_562' title='bbox 2355 3764 2412 3814; x_wconf 79' lang='grc' dir='ltr'>ἐν</span> <span class='ocrx_word' id='word_1_563' title='bbox 2442 3764 2555 3825; x_wconf 82' lang='grc' dir='ltr'>τοῖς</span> <span class='ocrx_word' id='word_1_564' title='bbox 2583 3765 2798 3832; x_wconf 86' lang='grc' dir='ltr'>καιροῖς</span> <span class='ocrx_word' id='word_1_565' title='bbox 2829 3762 2986 3833; x_wconf 80' lang='grc' dir='ltr'>ὑμῶν</span> <span class='ocrx_word' id='word_1_566' title='bbox 3009 3763 3121 3816; x_wconf 83' lang='grc' dir='ltr'><strong>τῶν</strong></span> <span class='ocrx_word' id='word_1_567' title='bbox 3145 3763 3451 3834; x_wconf 78' lang='grc' dir='ltr'>όρθοδόξων</span> <span class='ocrx_word' id='word_1_568' title='bbox 3477 3769 3577 3820; x_wconf 73' lang='grc' dir='ltr'><strong>καὶ</strong></span> <span class='ocrx_word' id='word_1_569' title='bbox 3600 3769 3747 3821; x_wconf 75' lang='grc' dir='ltr'>εὗσε-</span> 
     </span>
    </p>
   </div>
   <div class='ocr_carea' id='block_1_83' title="bbox 2157 3852 3746 3930">
    <p class='ocr_par' dir='ltr' id='par_1_83' title="bbox 2157 3852 3746 3930">
     <span class='ocr_line' id='line_1_83' title="bbox 2157 3852 3746 3930; baseline 0.006 -27"><span class='ocrx_word' id='word_1_570' title='bbox 2157 3852 2438 3904; x_wconf 84' lang='grc' dir='ltr'>ϐεστάτων</span> <span class='ocrx_word' id='word_1_571' title='bbox 2470 3852 2764 3922; x_wconf 81' lang='grc' dir='ltr'>βασιλέων·</span> <span class='ocrx_word' id='word_1_572' title='bbox 2833 3854 2930 3924; x_wconf 78' lang='grc' dir='ltr'>οὐχ</span> <span class='ocrx_word' id='word_1_573' title='bbox 2979 3854 3054 3918; x_wconf 87' lang='grc' dir='ltr'><strong>ὡς</strong></span> <span class='ocrx_word' id='word_1_574' title='bbox 3099 3855 3189 3910; x_wconf 79' lang='grc' dir='ltr'>διὰ</span> <span class='ocrx_word' id='word_1_575' title='bbox 3219 3856 3379 3909; x_wconf 80' lang='grc' dir='ltr'><strong>τοῦτο</strong></span> <span class='ocrx_word' id='word_1_576' title='bbox 3407 3857 3512 3921; x_wconf 72' lang='grc' dir='ltr'><strong>τὰς</strong></span> <span class='ocrx_word' id='word_1_577' title='bbox 3557 3859 3746 3930; x_wconf 74' lang='grc' dir='ltr'><strong>ἡμετε-</strong></span> 
     </span>
    </p>
   </div>
   <div class='ocr_carea' id='block_1_84' title="bbox 2158 3943 3743 4015">
    <p class='ocr_par' dir='ltr' id='par_1_84' title="bbox 2158 3943 3743 4015">
     <span class='ocr_line' id='line_1_84' title="bbox 2158 3943 3743 4015; baseline 0.006 -20"><span class='ocrx_word' id='word_1_578' title='bbox 2158 3961 2257 4012; x_wconf 83' lang='grc' dir='ltr'><strong>ρας</strong></span> <span class='ocrx_word' id='word_1_579' title='bbox 2305 3943 2491 4014; x_wconf 74' lang='grc' dir='ltr'>ὕϐρεις</span> <span class='ocrx_word' id='word_1_580' title='bbox 2545 3944 2858 4015; x_wconf 84' lang='grc' dir='ltr'>βουλόμενοι</span> <span class='ocrx_word' id='word_1_581' title='bbox 2891 3947 3127 4000; x_wconf 75' lang='grc' dir='ltr'>ἐκδικεῖν</span> <span class='ocrx_word' id='word_1_582' title='bbox 3149 3964 3161 3977; x_wconf 91' lang='grc'><strong>·</strong></span> <span class='ocrx_word' id='word_1_583' title='bbox 3197 3949 3227 4000; x_wconf 84' lang='grc' dir='ltr'><strong>ὁ</strong></span> <span class='ocrx_word' id='word_1_584' title='bbox 3260 3949 3394 4015; x_wconf 80' lang='grc' dir='ltr'>θεὸς</span> <span class='ocrx_word' id='word_1_585' title='bbox 3421 3946 3603 4005; x_wconf 58' lang='grc' dir='ltr'>οἶδεν</span> <span class='ocrx_word' id='word_1_586' title='bbox 3637 3952 3743 4004; x_wconf 81' lang='grc' dir='ltr'>ἀλλ’</span> 
     </span>
    </p>
   </div>
   <div class='ocr_carea' id='block_1_85' title="bbox 2155 4031 3744 4108">
    <p class='ocr_par' dir='ltr' id='par_1_85' title="bbox 2155 4031 3744 4108">
     <span class='ocr_line' id='line_1_85' title="bbox 2155 4031 3744 4108; baseline 0.008 -26"><span class='ocrx_word' id='word_1_587' title='bbox 2155 4031 2251 4094; x_wconf 81' lang='grc' dir='ltr'>ὡς·</span> <span class='ocrx_word' id='word_1_588' title='bbox 2279 4031 2526 4096; x_wconf 77' lang='grc' dir='ltr'>θέλοντες</span> <span class='ocrx_word' id='word_1_589' title='bbox 2543 4033 2634 4084; x_wconf 71' lang='grc' dir='ltr'><strong>’τὸ</strong></span> <span class='ocrx_word' id='word_1_590' title='bbox 2680 4033 2970 4104; x_wconf 83' lang='grc' dir='ltr'>στερέωμα</span> <span class='ocrx_word' id='word_1_591' title='bbox 3001 4037 3099 4104; x_wconf 83' lang='grc' dir='ltr'><strong>τῆς</strong></span> <span class='ocrx_word' id='word_1_592' title='bbox 3135 4039 3217 4099; x_wconf 85' lang='grc' dir='ltr'>εἰς</span> <span class='ocrx_word' id='word_1_593' title='bbox 3243 4039 3482 4108; x_wconf 74' lang='grc' dir='ltr'>Χριστὸν</span> <span class='ocrx_word' id='word_1_594' title='bbox 3513 4042 3744 4103; x_wconf 75' lang='grc' dir='ltr'>πίστεως</span> 
     </span>
    </p>
   </div>
   <div class='ocr_carea' id='block_1_86' title="bbox 2153 4117 3736 4204">
    <p class='ocr_par' dir='ltr' id='par_1_86' title="bbox 2153 4117 3736 4204">
     <span class='ocr_line' id='line_1_86' title="bbox 2153 4117 3736 4204; baseline 0.008 -30"><span class='ocrx_word' id='word_1_595' title='bbox 2153 4121 2454 4175; x_wconf 80' lang='grc' dir='ltr'>ἀσάλευτον</span> <span class='ocrx_word' id='word_1_596' title='bbox 2488 4123 2700 4192; x_wconf 77' lang='grc' dir='ltr'>μένεινο</span> <span class='ocrx_word' id='word_1_597' title='bbox 2737 4127 2831 4178; x_wconf 68' lang='grc' dir='ltr'>καὶ</span> <span class='ocrx_word' id='word_1_598' title='bbox 2861 4127 3110 4180; x_wconf 82' lang='grc' dir='ltr'>κελεύσει</span> <span class='ocrx_word' id='word_1_599' title='bbox 3139 4129 3202 4182; x_wconf 77' lang='grc' dir='ltr'><strong>τὸ</strong></span> <span class='ocrx_word' id='word_1_600' title='bbox 3228 4117 3501 4202; x_wconf 76' lang='grc' dir='ltr'>ὑμέτερον</span> <span class='ocrx_word' id='word_1_601' title='bbox 3526 4135 3736 4204; x_wconf 72' lang='grc' dir='ltr'>κράτος,</span> 
     </span>
    </p>
   </div>
   <div class='ocr_carea' id='block_1_87' title="bbox 2152 4211 3736 4294">
    <p class='ocr_par' dir='ltr' id='par_1_87' title="bbox 2152 4211 3736 4294">
     <span class='ocr_line' id='line_1_87' title="bbox 2152 4211 3736 4294; baseline 0.008 -31"><span class='ocrx_word' id='word_1_602' title='bbox 2152 4211 2250 4282; x_wconf 81' lang='grc' dir='ltr'>τὴν</span> <span class='ocrx_word' id='word_1_603' title='bbox 2272 4215 2435 4280; x_wconf 82' lang='grc' dir='ltr'>ἁγίαν</span> <span class='ocrx_word' id='word_1_604' title='bbox 2485 4216 2580 4267; x_wconf 78' lang='grc' dir='ltr'>καὶ</span> <span class='ocrx_word' id='word_1_605' title='bbox 2628 4218 3014 4289; x_wconf 75' lang='grc' dir='ltr'>οίκουμενικὴν</span> <span class='ocrx_word' id='word_1_606' title='bbox 3065 4220 3283 4274; x_wconf 81' lang='grc' dir='ltr'>σύνοδον</span> <span class='ocrx_word' id='word_1_607' title='bbox 3326 4225 3736 4294; x_wconf 76' lang='grc' dir='ltr'>παραγενέσθαι</span> 
     </span>
    </p>
   </div>
   <div class='ocr_carea' id='block_1_88' title="bbox 2153 4305 3734 4391">
    <p class='ocr_par' dir='ltr' id='par_1_88' title="bbox 2153 4305 3734 4391">
     <span class='ocr_line' id='line_1_88' title="bbox 2153 4305 3734 4391; baseline 0.006 -35"><span class='ocrx_word' id='word_1_608' title='bbox 2153 4305 2390 4358; x_wconf 82' lang='grc' dir='ltr'>ὲνταυθα</span> <span class='ocrx_word' id='word_1_609' title='bbox 2419 4305 2551 4376; x_wconf 77' lang='grc' dir='ltr'>ἤδη,</span> <span class='ocrx_word' id='word_1_610' title='bbox 2609 4307 2695 4391; x_wconf 77' lang='grc' dir='ltr'>ἵνα</span> <span class='ocrx_word' id='word_1_611' title='bbox 2742 4309 2842 4377; x_wconf 84' lang='grc' dir='ltr'><strong>τῆς</strong></span> <span class='ocrx_word' id='word_1_612' title='bbox 2876 4309 3094 4364; x_wconf 80' lang='grc' dir='ltr'>συνόδου</span> <span class='ocrx_word' id='word_1_613' title='bbox 3126 4317 3613 4386; x_wconf 84' lang='grc' dir='ltr'>παραγενομένης,</span> <span class='ocrx_word' id='word_1_614' title='bbox 3647 4316 3734 4386; x_wconf 73' lang='grc' dir='ltr'><strong>τὴν</strong></span> 
     </span>
    </p>
   </div>
   <div class='ocr_carea' id='block_1_89' title="bbox 2157 4396 3732 4476">
    <p class='ocr_par' dir='ltr' id='par_1_89' title="bbox 2157 4396 3732 4476">
     <span class='ocr_line' id='line_1_89' title="bbox 2157 4396 3732 4476; baseline 0.007 -29"><span class='ocrx_word' id='word_1_615' title='bbox 2157 4396 2470 4466; x_wconf 83' lang='grc' dir='ltr'>ἀγιωτάτην</span> <span class='ocrx_word' id='word_1_616' title='bbox 2505 4399 2835 4468; x_wconf 71' lang='grc' dir='ltr'>Ἐκκλησίαν</span> <span class='ocrx_word' id='word_1_617' title='bbox 2865 4401 2893 4454; x_wconf 85' lang='grc' dir='ltr'><strong>ό</strong></span> <span class='ocrx_word' id='word_1_618' title='bbox 2917 4401 3078 4465; x_wconf 72' lang='grc' dir='ltr'>Θεδςὶ</span> <span class='ocrx_word' id='word_1_619' title='bbox 3120 4403 3298 4476; x_wconf 79' lang='grc' dir='ltr'><strong>ὲνώσῃ</strong></span> <span class='ocrx_word' id='word_1_620' title='bbox 3320 4449 3334 4467; x_wconf 84' lang='grc'><strong>,</strong></span> <span class='ocrx_word' id='word_1_621' title='bbox 3372 4409 3470 4459; x_wconf 74' lang='grc' dir='ltr'>καὶ</span> <span class='ocrx_word' id='word_1_622' title='bbox 3499 4409 3591 4460; x_wconf 80' lang='grc' dir='ltr'><strong>τὸν</strong></span> <span class='ocrx_word' id='word_1_623' title='bbox 3619 4408 3732 4459; x_wconf 76' lang='grc' dir='ltr'>λαὸν</span> 
     </span>
    </p>
   </div>
   <div class='ocr_carea' id='block_1_90' title="bbox 459 4478 2055 4568">
    <p class='ocr_par' dir='ltr' id='par_1_90' title="bbox 459 4478 2044 4547">
     <span class='ocr_line' id='line_1_90' title="bbox 459 4478 2044 4547; baseline -0.001 -13"><span class='ocrx_word' id='word_1_624' title='bbox 459 4481 710 4543; x_wconf 85' lang='lat' dir='ltr'><strong>reducat,</strong></span> <span class='ocrx_word' id='word_1_625' title='bbox 746 4495 810 4533; x_wconf 90' lang='lat' dir='ltr'><strong>ac</strong></span> <span class='ocrx_word' id='word_1_626' title='bbox 843 4479 1162 4534; x_wconf 88' lang='lat' dir='ltr'><strong>sacerdotes</strong></span> <span class='ocrx_word' id='word_1_627' title='bbox 1187 4479 1418 4533; x_wconf 66' lang='lat' dir='ltr'><strong>sincera:</strong></span> <span class='ocrx_word' id='word_1_628' title='bbox 1466 4478 1592 4531; x_wconf 73' lang='lat' dir='ltr'><strong>fidei</strong></span> <span class='ocrx_word' id='word_1_629' title='bbox 1631 4479 2044 4547; x_wconf 64' lang='lat' dir='ltr'><strong>praedicatores,</strong></span> 
     </span>
    </p>
   </div>
   <div class='ocr_carea' id='block_1_91' title="bbox 2162 4478 3727 4568">
    <p class='ocr_par' dir='ltr' id='par_1_91' title="bbox 2162 4487 3727 4568">
     <span class='ocr_line' id='line_1_91' title="bbox 2162 4487 3727 4568; baseline 0.006 -28"><span class='ocrx_word' id='word_1_630' title='bbox 2162 4487 2357 4558; x_wconf 80' lang='grc' dir='ltr'>συνάξῃ</span> <span class='ocrx_word' id='word_1_631' title='bbox 2385 4529 2399 4555; x_wconf 88' lang='grc'><strong>,</strong></span> <span class='ocrx_word' id='word_1_632' title='bbox 2453 4491 2548 4543; x_wconf 76' lang='grc' dir='ltr'>καὶ</span> <span class='ocrx_word' id='word_1_633' title='bbox 2578 4492 2703 4554; x_wconf 79' lang='grc' dir='ltr'>τοὺς</span> <span class='ocrx_word' id='word_1_634' title='bbox 2735 4491 2918 4562; x_wconf 87' lang='grc' dir='ltr'>ίερέας</span> <span class='ocrx_word' id='word_1_635' title='bbox 2946 4494 3243 4548; x_wconf 80' lang='grc' dir='ltr'>ἀπολαϐεῖν</span> <span class='ocrx_word' id='word_1_636' title='bbox 3285 4498 3342 4549; x_wconf 76' lang='grc' dir='ltr'><strong>ἐν</strong></span> <span class='ocrx_word' id='word_1_637' title='bbox 3369 4499 3449 4566; x_wconf 78' lang='grc' dir='ltr'><strong>τῷ</strong></span> <span class='ocrx_word' id='word_1_638' title='bbox 3478 4498 3581 4568; x_wconf 85' lang='grc' dir='ltr'><strong>τῆς</strong></span> <span class='ocrx_word' id='word_1_639' title='bbox 3609 4497 3727 4567; x_wconf 76' lang='grc' dir='ltr'>ἀληο</span> 
     </span>
    </p>
   </div>
   <div class='ocr_carea' id='block_1_92' title="bbox 460 4570 2044 4642">
    <p class='ocr_par' dir='ltr' id='par_1_92' title="bbox 460 4570 2044 4642">
     <span class='ocr_line' id='line_1_92' title="bbox 460 4570 2044 4642; baseline 0.001 -18"><span class='ocrx_word' id='word_1_640' title='bbox 460 4573 784 4642; x_wconf 87' lang='lat' dir='ltr'><strong>priusquam</strong></span> <span class='ocrx_word' id='word_1_641' title='bbox 820 4570 986 4641; x_wconf 88' lang='lat' dir='ltr'><strong>impia</strong></span> <span class='ocrx_word' id='word_1_642' title='bbox 1037 4571 1128 4624; x_wconf 89' lang='lat' dir='ltr'><strong>illa</strong></span> <span class='ocrx_word' id='word_1_643' title='bbox 1159 4570 1413 4624; x_wconf 89' lang='lat' dir='ltr'><strong>doctrina</strong></span> <span class='ocrx_word' id='word_1_644' title='bbox 1463 4570 1630 4624; x_wconf 90' lang='lat' dir='ltr'><strong>latius</strong></span> <span class='ocrx_word' id='word_1_645' title='bbox 1667 4577 1872 4639; x_wconf 86' lang='lat' dir='ltr'><strong>serpat,</strong></span> <span class='ocrx_word' id='word_1_646' title='bbox 1924 4571 2044 4625; x_wconf 91' lang='lat' dir='ltr'><strong>loco</strong></span> 
     </span>
    </p>
   </div>
   <div class='ocr_carea' id='block_1_93' title="bbox 459 4661 2046 4732">
    <p class='ocr_par' dir='ltr' id='par_1_93' title="bbox 459 4661 2046 4732">
     <span class='ocr_line' id='line_1_93' title="bbox 459 4661 2046 4732; baseline 0 -15"><span class='ocrx_word' id='word_1_647' title='bbox 459 4679 561 4718; x_wconf 89' lang='lat' dir='ltr'><strong>suo</strong></span> <span class='ocrx_word' id='word_1_648' title='bbox 591 4663 868 4718; x_wconf 89' lang='lat' dir='ltr'><strong>restituat.</strong></span> <span class='ocrx_word' id='word_1_649' title='bbox 903 4661 1044 4717; x_wconf 86' lang='lat' dir='ltr'><strong>Illud</strong></span> <span class='ocrx_word' id='word_1_650' title='bbox 1092 4663 1258 4716; x_wconf 88' lang='lat' dir='ltr'><strong>etiam</strong></span> <span class='ocrx_word' id='word_1_651' title='bbox 1291 4662 1492 4716; x_wconf 81' lang='lat' dir='ltr'><strong>obnixe</strong></span> <span class='ocrx_word' id='word_1_652' title='bbox 1523 4677 1815 4730; x_wconf 87' lang='lat' dir='ltr'><strong>precamur</strong></span> <span class='ocrx_word' id='word_1_653' title='bbox 1851 4677 1916 4716; x_wconf 90' lang='lat' dir='ltr'><strong>ac</strong></span> <span class='ocrx_word' id='word_1_654' title='bbox 1949 4679 2046 4732; x_wconf 88' lang='lat' dir='ltr'><strong>pe-</strong></span> 
     </span>
    </p>
   </div>
   <div class='ocr_carea' id='block_1_94' title="bbox 463 4753 2041 4825">
    <p class='ocr_par' dir='ltr' id='par_1_94' title="bbox 463 4753 2041 4825">
     <span class='ocr_line' id='line_1_94' title="bbox 463 4753 2041 4825; baseline -0.001 -16"><span class='ocrx_word' id='word_1_655' title='bbox 463 4755 658 4820; x_wconf 87' lang='lat' dir='ltr'><strong>timus,</strong></span> <span class='ocrx_word' id='word_1_656' title='bbox 692 4753 1140 4825; x_wconf 86' lang='lat' dir='ltr'><strong>quandoquidem</strong></span> <span class='ocrx_word' id='word_1_657' title='bbox 1173 4754 1466 4808; x_wconf 82' lang='lat' dir='ltr'><strong>Nestorius</strong></span> <span class='ocrx_word' id='word_1_658' title='bbox 1496 4753 2041 4821; x_wconf 86' lang='lat' dir='ltr'><strong>comminationibus,</strong></span> 
     </span>
    </p>
   </div>
   <div class='ocr_carea' id='block_1_95' title="bbox 461 4845 2046 4915">
    <p class='ocr_par' dir='ltr' id='par_1_95' title="bbox 461 4845 2046 4915">
     <span class='ocr_line' id='line_1_95' title="bbox 461 4845 2046 4915; baseline 0.001 -14"><span class='ocrx_word' id='word_1_659' title='bbox 461 4846 944 4909; x_wconf 86' lang='lat' dir='ltr'><strong>insectationibus,</strong></span> <span class='ocrx_word' id='word_1_660' title='bbox 976 4847 1208 4911; x_wconf 76' lang='lat' dir='ltr'><strong>exsiliis,</strong></span> <span class='ocrx_word' id='word_1_661' title='bbox 1234 4845 1453 4899; x_wconf 72' lang='lat' dir='ltr'><strong>callidis</strong></span> <span class='ocrx_word' id='word_1_662' title='bbox 1503 4845 1798 4915; x_wconf 87' lang='lat' dir='ltr'><strong>pravisque</strong></span> <span class='ocrx_word' id='word_1_663' title='bbox 1835 4848 2046 4902; x_wconf 82' lang='lat' dir='ltr'><strong>maelii-</strong></span> 
     </span>
    </p>
   </div>
   <div class='ocr_carea' id='block_1_96' title="bbox 459 4937 2040 5008">
    <p class='ocr_par' dir='ltr' id='par_1_96' title="bbox 459 4937 2040 5008">
     <span class='ocr_line' id='line_1_96' title="bbox 459 4937 2040 5008; baseline -0.001 -15"><span class='ocrx_word' id='word_1_664' title='bbox 459 4937 778 4993; x_wconf 86' lang='lat' dir='ltr'><strong>nationibus</strong></span> <span class='ocrx_word' id='word_1_665' title='bbox 821 4938 1258 5008; x_wconf 82' lang='lat' dir='ltr'><strong>Perterrefacere</strong></span> <span class='ocrx_word' id='word_1_666' title='bbox 1308 4937 1568 4999; x_wconf 88' lang='lat' dir='ltr'><strong>molitur;</strong></span> <span class='ocrx_word' id='word_1_667' title='bbox 1622 4945 1830 5007; x_wconf 83' lang='lat' dir='ltr'><strong>etquo</strong></span> <span class='ocrx_word' id='word_1_668' title='bbox 1885 4953 2040 4993; x_wconf 89' lang='lat' dir='ltr'><strong>suam</strong></span> 
     </span>
    </p>
   </div>
   <div class='ocr_carea' id='block_1_97' title="bbox 459 5029 2041 5100">
    <p class='ocr_par' dir='ltr' id='par_1_97' title="bbox 459 5029 2041 5100">
     <span class='ocr_line' id='line_1_97' title="bbox 459 5029 2041 5100; baseline 0.002 -16"><span class='ocrx_word' id='word_1_669' title='bbox 459 5032 729 5087; x_wconf 86' lang='lat' dir='ltr'><strong>insaniam</strong></span> <span class='ocrx_word' id='word_1_670' title='bbox 789 5047 1058 5100; x_wconf 85' lang='lat' dir='ltr'><strong>suamque</strong></span> <span class='ocrx_word' id='word_1_671' title='bbox 1149 5029 1490 5100; x_wconf 82' lang='lat' dir='ltr'><strong>impietatem</strong></span> <span class='ocrx_word' id='word_1_672' title='bbox 1575 5030 2041 5087; x_wconf 44' lang='lat' dir='ltr'><strong>conﬁrmatio‘em</strong></span> 
     </span>
    </p>
   </div>
   <div class='ocr_carea' id='block_1_98' title="bbox 459 5122 2042 5197">
    <p class='ocr_par' dir='ltr' id='par_1_98' title="bbox 459 5122 2042 5197">
     <span class='ocr_line' id='line_1_98' title="bbox 459 5122 2042 5197; baseline 0.001 -21"><span class='ocrx_word' id='word_1_673' title='bbox 459 5123 676 5188; x_wconf 80' lang='lat' dir='ltr'><strong>reddat,</strong></span> <span class='ocrx_word' id='word_1_674' title='bbox 767 5139 1112 5193; x_wconf 56' lang='lat' dir='ltr'><strong>quascunque</strong></span> <span class='ocrx_word' id='word_1_675' title='bbox 1191 5122 1494 5193; x_wconf 78' lang='lat' dir='ltr'><strong>excogitari</strong></span> <span class='ocrx_word' id='word_1_676' title='bbox 1584 5133 1837 5192; x_wconf 87' lang='lat' dir='ltr'><strong>possunt,</strong></span> <span class='ocrx_word' id='word_1_677' title='bbox 1922 5125 2042 5197; x_wconf 80' lang='lat' dir='ltr'><strong>sine</strong></span> 
     </span>
    </p>
   </div>
   <div class='ocr_carea' id='block_1_99' title="bbox 459 5213 2040 5286">
    <p class='ocr_par' dir='ltr' id='par_1_99' title="bbox 459 5213 2040 5286">
     <span class='ocr_line' id='line_1_99' title="bbox 459 5213 2040 5286; baseline 0.001 -18"><span class='ocrx_word' id='word_1_678' title='bbox 459 5213 782 5270; x_wconf 89' lang='lat' dir='ltr'><strong>discrimine</strong></span> <span class='ocrx_word' id='word_1_679' title='bbox 824 5215 1174 5286; x_wconf 76' lang='lat' dir='ltr'><strong>aggreditur;</strong></span> <span class='ocrx_word' id='word_1_680' title='bbox 1229 5231 1338 5268; x_wconf 90' lang='lat' dir='ltr'><strong>non</strong></span> <span class='ocrx_word' id='word_1_681' title='bbox 1387 5216 1562 5269; x_wconf 88' lang='lat' dir='ltr'><strong>Deum</strong></span> <span class='ocrx_word' id='word_1_682' title='bbox 1617 5216 1794 5278; x_wconf 89' lang='lat' dir='ltr'><strong>timet,</strong></span> <span class='ocrx_word' id='word_1_683' title='bbox 1829 5217 2040 5270; x_wconf 87' lang='lat' dir='ltr'><strong>nullum</strong></span> 
     </span>
    </p>
   </div>
   <div class='ocr_carea' id='block_1_100' title="bbox 459 5305 2046 5376">
    <p class='ocr_par' dir='ltr' id='par_1_100' title="bbox 459 5305 2046 5376">
     <span class='ocr_line' id='line_1_100' title="bbox 459 5305 2046 5376; baseline 0.001 -16"><span class='ocrx_word' id='word_1_684' title='bbox 459 5305 742 5361; x_wconf 87' lang='lat' dir='ltr'><strong>hominem</strong></span> <span class='ocrx_word' id='word_1_685' title='bbox 809 5317 1067 5370; x_wconf 90' lang='lat' dir='ltr'><strong>veretur,</strong></span> <span class='ocrx_word' id='word_1_686' title='bbox 1128 5307 1340 5359; x_wconf 90' lang='lat' dir='ltr'><strong>nullum</strong></span> <span class='ocrx_word' id='word_1_687' title='bbox 1413 5307 1738 5376; x_wconf 81' lang='lat' dir='ltr'><strong>episeOpum</strong></span> <span class='ocrx_word' id='word_1_688' title='bbox 1821 5323 2046 5361; x_wconf 86' lang='lat' dir='ltr'><strong>venera-</strong></span> 
     </span>
    </p>
   </div>
   <div class='ocr_carea' id='block_1_101' title="bbox 463 5401 2040 5468">
    <p class='ocr_par' dir='ltr' id='par_1_101' title="bbox 463 5401 2040 5468">
     <span class='ocr_line' id='line_1_101' title="bbox 463 5401 2040 5468; baseline 0.001 -14"><span class='ocrx_word' id='word_1_689' title='bbox 463 5408 578 5468; x_wconf 86' lang='lat' dir='ltr'><strong>tur,</strong></span> <span class='ocrx_word' id='word_1_690' title='bbox 623 5403 841 5456; x_wconf 90' lang='lat' dir='ltr'><strong>nullum</strong></span> <span class='ocrx_word' id='word_1_691' title='bbox 865 5401 1210 5457; x_wconf 89' lang='lat' dir='ltr'><strong>sacerdotem</strong></span> <span class='ocrx_word' id='word_1_692' title='bbox 1237 5403 1632 5466; x_wconf 88' lang='lat' dir='ltr'><strong>autclcricum,</strong></span> <span class='ocrx_word' id='word_1_693' title='bbox 1659 5412 1754 5456; x_wconf 88' lang='lat' dir='ltr'><strong>aut</strong></span> <span class='ocrx_word' id='word_1_694' title='bbox 1789 5413 2040 5456; x_wconf 90' lang='lat' dir='ltr'><strong>sanctum</strong></span> 
     </span>
    </p>
   </div>
   <div class='ocr_carea' id='block_1_102' title="bbox 2153 4579 3726 4660">
    <p class='ocr_par' dir='ltr' id='par_1_102' title="bbox 2153 4579 3726 4660">
     <span class='ocr_line' id='line_1_102' title="bbox 2153 4579 3726 4660; baseline 0.008 -29"><span class='ocrx_word' id='word_1_695' title='bbox 2153 4579 2306 4650; x_wconf 80' lang='grc' dir='ltr'>θινῆς</span> <span class='ocrx_word' id='word_1_696' title='bbox 2337 4581 2583 4645; x_wconf 78' lang='grc' dir='ltr'>πίστεως</span> <span class='ocrx_word' id='word_1_697' title='bbox 2605 4583 2924 4654; x_wconf 77' lang='grc' dir='ltr'>κηρύγματι</span> <span class='ocrx_word' id='word_1_698' title='bbox 2957 4587 3192 4660; x_wconf 83' lang='grc' dir='ltr'>ποιήσῃ,</span> <span class='ocrx_word' id='word_1_699' title='bbox 3231 4587 3336 4658; x_wconf 82' lang='grc' dir='ltr'>πρὸ</span> <span class='ocrx_word' id='word_1_700' title='bbox 3363 4588 3461 4642; x_wconf 79' lang='grc' dir='ltr'><strong>τοῦ</strong></span> <span class='ocrx_word' id='word_1_701' title='bbox 3494 4593 3577 4653; x_wconf 85' lang='grc' dir='ltr'><strong>είς</strong></span> <span class='ocrx_word' id='word_1_702' title='bbox 3602 4590 3726 4643; x_wconf 81' lang='grc' dir='ltr'>πλά-</span> 
     </span>
    </p>
   </div>
   <div class='ocr_carea' id='block_1_103' title="bbox 2150 4673 3724 4752">
    <p class='ocr_par' dir='ltr' id='par_1_103' title="bbox 2150 4673 3724 4752">
     <span class='ocr_line' id='line_1_103' title="bbox 2150 4673 3724 4752; baseline 0.007 -30"><span class='ocrx_word' id='word_1_703' title='bbox 2150 4688 2242 4734; x_wconf 85' lang='grc' dir='ltr'><strong>τος</strong></span> <span class='ocrx_word' id='word_1_704' title='bbox 2273 4673 2368 4742; x_wconf 78' lang='grc' dir='ltr'><strong>τὴν</strong></span> <span class='ocrx_word' id='word_1_705' title='bbox 2395 4673 2580 4726; x_wconf 85' lang='grc' dir='ltr'>ἄδικον</span> <span class='ocrx_word' id='word_1_706' title='bbox 2609 4674 2956 4730; x_wconf 73' lang='grc' dir='ltr'>διδασκαλίαν</span> <span class='ocrx_word' id='word_1_707' title='bbox 2988 4676 3186 4734; x_wconf 79' lang='grc' dir='ltr'>ἐλθεῖν.</span> <span class='ocrx_word' id='word_1_708' title='bbox 3221 4680 3459 4732; x_wconf 84' lang='grc' dir='ltr'>Κάκεῖνο</span> <span class='ocrx_word' id='word_1_709' title='bbox 3478 4681 3543 4752; x_wconf 81' lang='grc' dir='ltr'>δὴ</span> <span class='ocrx_word' id='word_1_710' title='bbox 3564 4697 3724 4750; x_wconf 63' lang='grc' dir='ltr'>παρα-</span> 
     </span>
    </p>
   </div>
   <div class='ocr_carea' id='block_1_104' title="bbox 2152 4763 3719 4841">
    <p class='ocr_par' dir='ltr' id='par_1_104' title="bbox 2152 4763 3719 4841">
     <span class='ocr_line' id='line_1_104' title="bbox 2152 4763 3719 4841; baseline 0.006 -28"><span class='ocrx_word' id='word_1_711' title='bbox 2152 4763 2467 4830; x_wconf 77' lang='grc' dir='ltr'>καλοῦμεν,</span> <span class='ocrx_word' id='word_1_712' title='bbox 2545 4764 2862 4830; x_wconf 77' lang='grc' dir='ltr'>ἀξιοῦντες,</span> <span class='ocrx_word' id='word_1_713' title='bbox 2937 4769 3129 4840; x_wconf 76' lang='grc' dir='ltr'>ἐπειδὴ</span> <span class='ocrx_word' id='word_1_714' title='bbox 3198 4773 3458 4841; x_wconf 79' lang='grc' dir='ltr'>πειρᾶται</span> <span class='ocrx_word' id='word_1_715' title='bbox 3517 4775 3719 4832; x_wconf 81' lang='grc' dir='ltr'>πτοείν,</span> 
     </span>
    </p>
   </div>
   <div class='ocr_carea' id='block_1_105' title="bbox 2151 4852 3716 4934">
    <p class='ocr_par' dir='ltr' id='par_1_105' title="bbox 2151 4852 3716 4934">
     <span class='ocr_line' id='line_1_105' title="bbox 2151 4852 3716 4934; baseline 0.006 -30"><span class='ocrx_word' id='word_1_716' title='bbox 2151 4852 2413 4916; x_wconf 79' lang='grc' dir='ltr'>ἀπειλῶν,</span> <span class='ocrx_word' id='word_1_717' title='bbox 2445 4854 2706 4921; x_wconf 81' lang='grc' dir='ltr'>ἐλαύνων,</span> <span class='ocrx_word' id='word_1_718' title='bbox 2730 4856 2972 4924; x_wconf 79' lang='grc' dir='ltr'>ἐξωθῶν,</span> <span class='ocrx_word' id='word_1_719' title='bbox 2997 4861 3344 4931; x_wconf 84' lang='grc' dir='ltr'>κακουργῶν,</span> <span class='ocrx_word' id='word_1_720' title='bbox 3369 4861 3716 4934; x_wconf 57' lang='grc' dir='ltr'>ρᾳδιουργῶν,</span> 
     </span>
    </p>
   </div>
   <div class='ocr_carea' id='block_1_106' title="bbox 2150 4946 3718 5022">
    <p class='ocr_par' dir='ltr' id='par_1_106' title="bbox 2150 4946 3718 5022">
     <span class='ocr_line' id='line_1_106' title="bbox 2150 4946 3718 5022; baseline 0.005 -26"><span class='ocrx_word' id='word_1_721' title='bbox 2150 4947 2245 4997; x_wconf 75' lang='grc' dir='ltr'><strong>καὶ</strong></span> <span class='ocrx_word' id='word_1_722' title='bbox 2279 4946 2496 5009; x_wconf 82' lang='grc' dir='ltr'>κακῶν,</span> <span class='ocrx_word' id='word_1_723' title='bbox 2540 4949 2634 5000; x_wconf 76' lang='grc' dir='ltr'>καὶ</span> <span class='ocrx_word' id='word_1_724' title='bbox 2677 4949 2764 5002; x_wconf 78' lang='grc' dir='ltr'><strong>ἵνα</strong></span> <span class='ocrx_word' id='word_1_725' title='bbox 2793 4951 2894 5022; x_wconf 81' lang='grc' dir='ltr'><strong>τὴν</strong></span> <span class='ocrx_word' id='word_1_726' title='bbox 2923 4951 3090 5004; x_wconf 82' lang='grc' dir='ltr'>αὐτοῦ</span> <span class='ocrx_word' id='word_1_727' title='bbox 3120 4953 3320 5022; x_wconf 83' lang='grc' dir='ltr'>μανίαν</span> <span class='ocrx_word' id='word_1_728' title='bbox 3359 4956 3455 5009; x_wconf 79' lang='grc' dir='ltr'><strong>καὶ</strong></span> <span class='ocrx_word' id='word_1_729' title='bbox 3479 4955 3718 5008; x_wconf 75' lang='grc' dir='ltr'>ἀσέϐειαν</span> 
     </span>
    </p>
   </div>
   <div class='ocr_carea' id='block_1_107' title="bbox 2150 5039 3714 5116">
    <p class='ocr_par' dir='ltr' id='par_1_107' title="bbox 2150 5039 3714 5116">
     <span class='ocr_line' id='line_1_107' title="bbox 2150 5039 3714 5116; baseline 0.006 -26"><span class='ocrx_word' id='word_1_730' title='bbox 2150 5039 2423 5108; x_wconf 78' lang='grc' dir='ltr'>κρατύνῃ,</span> <span class='ocrx_word' id='word_1_731' title='bbox 2492 5041 2674 5098; x_wconf 84' lang='grc' dir='ltr'>πάντα</span> <span class='ocrx_word' id='word_1_732' title='bbox 2729 5044 2900 5098; x_wconf 79' lang='grc' dir='ltr'>ποιῶν</span> <span class='ocrx_word' id='word_1_733' title='bbox 2948 5045 3212 5114; x_wconf 83' lang='grc' dir='ltr'>ἀφειδῶς,</span> <span class='ocrx_word' id='word_1_734' title='bbox 3269 5049 3332 5100; x_wconf 86' lang='grc' dir='ltr'><strong>οὐ</strong></span> <span class='ocrx_word' id='word_1_735' title='bbox 3367 5049 3500 5102; x_wconf 77' lang='grc' dir='ltr'>Θεὸν</span> <span class='ocrx_word' id='word_1_736' title='bbox 3534 5047 3714 5116; x_wconf 68' lang='grc' dir='ltr'>φοϐού-</span> 
     </span>
    </p>
   </div>
   <div class='ocr_carea' id='block_1_108' title="bbox 2155 5132 3714 5208">
    <p class='ocr_par' dir='ltr' id='par_1_108' title="bbox 2155 5132 3714 5208">
     <span class='ocr_line' id='line_1_108' title="bbox 2155 5132 3714 5208; baseline 0.006 -26"><span class='ocrx_word' id='word_1_737' title='bbox 2155 5148 2334 5201; x_wconf 83' lang='grc' dir='ltr'>μενος,</span> <span class='ocrx_word' id='word_1_738' title='bbox 2362 5132 2462 5184; x_wconf 82' lang='grc' dir='ltr'>οὐκ</span> <span class='ocrx_word' id='word_1_739' title='bbox 2488 5133 2813 5204; x_wconf 82' lang='grc' dir='ltr'>ἀνθρώπους</span> <span class='ocrx_word' id='word_1_740' title='bbox 2837 5137 3252 5208; x_wconf 74' lang='grc' dir='ltr'>αἰσχυνόμενος,</span> <span class='ocrx_word' id='word_1_741' title='bbox 3277 5141 3379 5193; x_wconf 85' lang='grc' dir='ltr'><strong>οὐκ</strong></span> <span class='ocrx_word' id='word_1_742' title='bbox 3399 5141 3714 5199; x_wconf 77' lang='grc' dir='ltr'>ἐπισκόπους</span> 
     </span>
    </p>
   </div>
   <div class='ocr_carea' id='block_1_109' title="bbox 2151 5221 3709 5301">
    <p class='ocr_par' dir='ltr' id='par_1_109' title="bbox 2151 5221 3709 5301">
     <span class='ocr_line' id='line_1_109' title="bbox 2151 5221 3709 5301; baseline 0.006 -28"><span class='ocrx_word' id='word_1_743' title='bbox 2151 5221 2572 5291; x_wconf 82' lang='grc' dir='ltr'>εὐλαϐούμενος,</span> <span class='ocrx_word' id='word_1_744' title='bbox 2629 5225 2754 5280; x_wconf 76' lang='grc' dir='ltr'><strong>οὔτε</strong></span> <span class='ocrx_word' id='word_1_745' title='bbox 2807 5227 2956 5296; x_wconf 80' lang='grc' dir='ltr'>ἱερέα</span> <span class='ocrx_word' id='word_1_746' title='bbox 3028 5229 3172 5295; x_wconf 81' lang='grc' dir='ltr'>τινὰ,</span> <span class='ocrx_word' id='word_1_747' title='bbox 3224 5231 3286 5283; x_wconf 86' lang='grc' dir='ltr'><strong>ού</strong></span> <span class='ocrx_word' id='word_1_748' title='bbox 3335 5231 3538 5301; x_wconf 75' lang='grc' dir='ltr'>κλῆρόν</span> <span class='ocrx_word' id='word_1_749' title='bbox 3586 5245 3709 5292; x_wconf 65' lang='grc' dir='ltr'>εινα,</span> 
     </span>
    </p>
   </div>
   <div class='ocr_carea' id='block_1_110' title="bbox 2150 5307 3711 5388">
    <p class='ocr_par' dir='ltr' id='par_1_110' title="bbox 2150 5307 3711 5388">
     <span class='ocr_line' id='line_1_110' title="bbox 2150 5307 3711 5388; baseline 0.004 -23"><span class='ocrx_word' id='word_1_750' title='bbox 2150 5315 2250 5383; x_wconf 76' lang='grc' dir='ltr'>οὺχ</span> <span class='ocrx_word' id='word_1_751' title='bbox 2291 5313 2482 5382; x_wconf 83' lang='grc' dir='ltr'>ἁγίους</span> <span class='ocrx_word' id='word_1_752' title='bbox 2517 5319 2807 5387; x_wconf 80' lang='grc' dir='ltr'>μοναχοὺς,</span> <span class='ocrx_word' id='word_1_753' title='bbox 2843 5320 2944 5371; x_wconf 80' lang='grc' dir='ltr'>οὐκ</span> <span class='ocrx_word' id='word_1_754' title='bbox 2975 5307 3518 5388; x_wconf 62' lang='grc' dir='ltr'>εύλάϐειανλαϊκῶν,</span> <span class='ocrx_word' id='word_1_755' title='bbox 3549 5321 3606 5374; x_wconf 82' lang='grc' dir='ltr'><strong>οὗ</strong></span> <span class='ocrx_word' id='word_1_756' title='bbox 3633 5319 3711 5372; x_wconf 68' lang='grc' dir='ltr'>οὗν</span> 
     </span>
    </p>
   </div>
   <div class='ocr_carea' id='block_1_111' title="bbox 2151 5404 3707 5484">
    <p class='ocr_par' dir='ltr' id='par_1_111' title="bbox 2151 5404 3707 5484">
     <span class='ocr_line' id='line_1_111' title="bbox 2151 5404 3707 5484; baseline 0.004 -28"><span class='ocrx_word' id='word_1_757' title='bbox 2151 5407 2292 5458; x_wconf 73' lang='grc' dir='ltr'>κατὰ</span> <span class='ocrx_word' id='word_1_758' title='bbox 2323 5404 2432 5457; x_wconf 82' lang='grc' dir='ltr'><strong>τῶν</strong></span> <span class='ocrx_word' id='word_1_759' title='bbox 2457 5406 2788 5461; x_wconf 84' lang='grc' dir='ltr'>ἀδικούντων</span> <span class='ocrx_word' id='word_1_760' title='bbox 2817 5410 3202 5482; x_wconf 77' lang='grc' dir='ltr'>ἐπηρτημένον</span> <span class='ocrx_word' id='word_1_761' title='bbox 3229 5414 3418 5484; x_wconf 76' lang='grc' dir='ltr'>φόϐον,</span> <span class='ocrx_word' id='word_1_762' title='bbox 3445 5415 3506 5467; x_wconf 84' lang='grc' dir='ltr'>ού</span> <span class='ocrx_word' id='word_1_763' title='bbox 3533 5413 3618 5466; x_wconf 72' lang='grc' dir='ltr'><strong>τὸν</strong></span> <span class='ocrx_word' id='word_1_764' title='bbox 3639 5410 3707 5462; x_wconf 86' lang='grc' dir='ltr'>νό-</span> 
     </span>
    </p>
   </div>
   <div class='ocr_carea' id='block_1_112' title="bbox 1677 5513 2808 5579">
    <p class='ocr_par' dir='ltr' id='par_1_112' title="bbox 1677 5513 2808 5579">
     <span class='ocr_line' id='line_1_112' title="bbox 1677 5513 2808 5579; baseline 0.012 -14"><span class='ocrx_word' id='word_1_765' title='bbox 1677 5513 1908 5568; x_wconf 69' lang='lat' dir='ltr'><strong>VARI/13</strong></span> <span class='ocrx_word' id='word_1_766' title='bbox 1960 5514 2366 5572; x_wconf 70' lang='lat' dir='ltr'><strong>LECTIONES.</strong></span> <span class='ocrx_word' id='word_1_767' title='bbox 2792 5567 2808 5579; x_wconf 53' lang='grc' dir='ltr'><strong>κ</strong></span> 
     </span>
    </p>
   </div>
   <div class='ocr_carea' id='block_1_113' title="bbox 543 5602 3704 5686">
    <p class='ocr_par' dir='ltr' id='par_1_113' title="bbox 543 5602 3704 5686">
     <span class='ocr_line' id='line_1_113' title="bbox 543 5602 3704 5686; baseline 0.002 -27"><span class='ocrx_word' id='word_1_768' title='bbox 543 5602 563 5686; x_wconf 61' lang='grc' dir='ltr'><strong><em>ξ</em></strong></span> <span class='ocrx_word' id='word_1_769' title='bbox 597 5603 658 5686; x_wconf 69' lang='lat' dir='ltr'><strong>In</strong></span> <span class='ocrx_word' id='word_1_770' title='bbox 708 5618 810 5686; x_wconf 81' lang='lat' dir='ltr'><strong>ms.</strong></span> <span class='ocrx_word' id='word_1_771' title='bbox 855 5604 982 5686; x_wconf 53' lang='grc' dir='ltr'>δοες.</span> <span class='ocrx_word' id='word_1_772' title='bbox 1015 5608 1205 5686; x_wconf 41' lang='grc' dir='ltr'>’ἡμᾶς</span> <span class='ocrx_word' id='word_1_773' title='bbox 1245 5605 1396 5675; x_wconf 84' lang='grc' dir='ltr'>ποιρά</span> <span class='ocrx_word' id='word_1_774' title='bbox 1451 5605 1544 5658; x_wconf 78' lang='grc' dir='ltr'><strong>τοῦ</strong></span> <span class='ocrx_word' id='word_1_775' title='bbox 1591 5605 1752 5686; x_wconf 36' lang='grc' dir='ltr'>,ὄχλου</span> <span class='ocrx_word' id='word_1_776' title='bbox 1779 5605 1896 5686; x_wconf 43' lang='grc' dir='ltr'>,τῶν</span> <span class='ocrx_word' id='word_1_777' title='bbox 1945 5607 2196 5686; x_wconf 37' lang='lat' dir='ltr'><strong>{summa</strong></span> <span class='ocrx_word' id='word_1_778' title='bbox 2217 5607 2474 5686; x_wconf 62' lang='grc' dir='ltr'>κάκεῖθεν</span> <span class='ocrx_word' id='word_1_779' title='bbox 2512 5609 2801 5678; x_wconf 81' lang='grc' dir='ltr'>πατόμενοι</span> <span class='ocrx_word' id='word_1_780' title='bbox 2833 5610 3170 5681; x_wconf 78' lang='grc' dir='ltr'>ἀπηγόμεθα</span> <span class='ocrx_word' id='word_1_781' title='bbox 3224 5616 3280 5666; x_wconf 78' lang='grc' dir='ltr'>ὲν</span> <span class='ocrx_word' id='word_1_782' title='bbox 3311 5614 3386 5686; x_wconf 83' lang='grc' dir='ltr'><strong>τῷ</strong></span> <span class='ocrx_word' id='word_1_783' title='bbox 3443 5611 3704 5685; x_wconf 75' lang='grc' dir='ltr'>δεκανικῷ.</span> 
     </span>
    </p>
   </div>
   <div class='ocr_carea' id='block_1_114' title="bbox 463 5671 2411 5748">
    <p class='ocr_par' dir='ltr' id='par_1_114' title="bbox 463 5671 2411 5748">
     <span class='ocr_line' id='line_1_114' title="bbox 463 5671 2411 5748; baseline 0.003 -23"><span class='ocrx_word' id='word_1_784' title='bbox 463 5673 492 5713; x_wconf 71' lang='grc'><strong>³</strong></span> <span class='ocrx_word' id='word_1_785' title='bbox 521 5671 594 5737; x_wconf 82' lang='grc' dir='ltr'>ὡς</span> <span class='ocrx_word' id='word_1_786' title='bbox 623 5674 852 5744; x_wconf 85' lang='grc' dir='ltr'>δημίους</span> <span class='ocrx_word' id='word_1_787' title='bbox 883 5671 976 5726; x_wconf 73' lang='grc' dir='ltr'><strong>κᾶὶ</strong></span> <span class='ocrx_word' id='word_1_788' title='bbox 1008 5671 1358 5740; x_wconf 67' lang='grc' dir='ltr'>ὑπευθύνους,</span> <span class='ocrx_word' id='word_1_789' title='bbox 1399 5671 1969 5746; x_wconf 56' lang='grc' dir='ltr'>τιμιορίξῖἐστόλισαν,</span> <span class='ocrx_word' id='word_1_790' title='bbox 1993 5678 2411 5748; x_wconf 67' lang='grc' dir='ltr'>ἐκρειϐΰάτισαν.</span> 
     </span>
    </p>
   </div>
   <div class='ocr_carea' id='block_1_115' title="bbox 2491 5680 3550 5758">
    <p class='ocr_par' dir='ltr' id='par_1_115' title="bbox 2491 5680 3550 5758">
     <span class='ocr_line' id='line_1_115' title="bbox 2491 5680 3550 5758; baseline 0.008 -26"><span class='ocrx_word' id='word_1_791' title='bbox 2491 5680 2518 5719; x_wconf 78' lang='lat' dir='ltr'><strong>h</strong></span> <span class='ocrx_word' id='word_1_792' title='bbox 2555 5680 2774 5750; x_wconf 78' lang='grc' dir='ltr'>ἱκετείᾳ.</span> <span class='ocrx_word' id='word_1_793' title='bbox 2863 5684 2880 5720; x_wconf 85' lang='lat' dir='ltr'><strong>i</strong></span> <span class='ocrx_word' id='word_1_794' title='bbox 2918 5680 3172 5740; x_wconf 79' lang='grc' dir='ltr'>ἐκάλεσε.</span> <span class='ocrx_word' id='word_1_795' title='bbox 3247 5695 3262 5734; x_wconf 74' lang='grc' dir='ltr'>ι</span> <span class='ocrx_word' id='word_1_796' title='bbox 3305 5680 3550 5758; x_wconf 80' lang='grc' dir='ltr'>Χριστός.</span> 
     </span>
    </p>
   </div>
  </div>
