3938 6148
243 362 369 429 1477

1263 363 1631 423 LIBELLUS
1669 360 1768 418 AD
1805 357 2302 417 THEODOSIUM
2344 356 2502 416 IMP.

3347 355 3372 419 1
3388 358 3484 420 Πὸ

239 496 338 541 μον
380 476 490 530 τῶν
535 477 898 530 ἐκτελούντων
929 477 1206 531 διακονίαν
1235 481 1352 531 τινὰ
1384 478 1502 547 Θεῷ
1533 481 1612 540 εἰς
1641 476 1793 547 ὸργὴι

1913 473 2266 537 monachum,
2312 485 2407 530 aut
2442 472 2760 542 religiosum
2804 473 3004 528 laienm
3034 473 3300 541 honorat;
3357 477 3483 528 lllll-

231 571 376 624 κατά
425 569 534 621 τῶν
582 568 748 634 ἀξίων
773 609 787 633 ,
853 569 966 621 ἀλλ’
999 569 1358 638 ἐνδυσάμενος
1386 570 1482 638 τὴν
1509 569 1808 643 ὑπεροψίαν

232 660 376 712 κατὰ
404 661 623 712 πάντων
645 697 660 722 ,
716 658 936 730 θαρρῶν
967 663 1080 722 τοῖς
1110 662 1374 729 χρήμασι,
1416 662 1506 714 καί
1535 678 1696 715 τινων
1727 661 1809 712 δι-

231 749 595 820 εφθαρμένων
626 753 690 819 τῇ
728 749 905 819 ίσχύῖ,
962 751 994 820 ἢ
1048 751 1134 803 ῖνα
1167 751 1383 818 ἀφόϐως
1411 753 1670 821 εἴπωμεν,
1712 752 1808 805 καὶ

229 839 309 908 τῷ
359 839 613 910 ὑμετέρῳ
657 841 879 910 κράτει,
918 841 1093 893 ταῦτα
1123 843 1304 893 ποιεῖ·
1348 840 1606 910 ἀξιοῦμεν
1639 842 1806 911 μηδὲν

231 929 382 1000 αὐτῷ
432 931 574 983 κατά
617 947 780 984 τινων
828 931 1026 996 ἐξεῖναι
1070 925 1280 994 ποιεῖν,
1330 933 1427 984 ἐὰν
1471 933 1546 1002 μὴ
1593 932 1806 1000 πρῶτον

229 1020 518 1091 διόρθωσιν
565 1021 708 1092 λάὸῃ
756 1022 825 1076 τά
873 1023 1014 1077 κατά
1039 1025 1139 1094 τὴν
1165 1023 1442 1095 όρθόδοξον
1469 1025 1671 1088 πίστιν,
1719 1023 1806 1077 ἵνα

233 1113 312 1181 μὴ
340 1111 544 1180 ταύτην
573 1110 923 1185 διασκεδάσῃ,
970 1114 1064 1166 καὶ
1093 1114 1190 1184 τὴν
1220 1113 1383 1167 αὑτοῦ
1419 1115 1805 1186 παρεισαγὰγῃ

229 1197 404 1252 ταῦτα
432 1197 620 1252 ποιῶν.
655 1194 777 1252 Οἵδε
805 1201 933 1271 γὰρ,
967 1203 1042 1264 ὡς
1071 1204 1261 1268 οἴεται,
1298 1205 1382 1256 ὅτι
1416 1204 1518 1257 κᾶν
1554 1203 1629 1272 τῷ
1656 1205 1804 1273 φόϐῳ

232 1288 460 1352 πολλοὺς
483 1290 762 1358 ἀμϐλυνας
789 1291 1074 1362 ἀποστήσῃ
1101 1293 1200 1361 τῆς
1223 1293 1478 1356 πίστεωςο
1507 1298 1599 1346 καὶ
1622 1293 1804 1346 λοίπὸν

231 1378 408 1451 εὑρὼν
435 1381 826 1452 ὁμογνώμονας
850 1383 1049 1449 αὑτοῦ,
1088 1385 1346 1458 παράσχῃ
1369 1386 1553 1448 αὐτοῖς
1582 1385 1802 1454 θάρσος,

230 1466 370 1522 ὥστε
419 1470 516 1522 καὶ
557 1469 661 1532 ἕως
696 1470 919 1541 πληγῶν
946 1472 1182 1544 δημοσίᾳ
1213 1475 1537 1544 ἐπιχειρεῖν,
1594 1476 1683 1528 καὶ
1727 1475 1804 1528 δι-

229 1559 418 1630 ωγρὸι
465 1563 662 1614 ποιεῖν.
715 1563 792 1616 Οὐ
831 1563 991 1632 μόνον
1031 1564 1088 1616 δὲ
1135 1566 1259 1628 τοὺς
1287 1566 1448 1618 αὐτοῦ
1477 1566 1637 1636 δῆθεν
1667 1565 1801 1637 κλη-

231 1654 438 1725 ρικοὺς,
463 1655 494 1724 ἢ
519 1657 1016 1725 συγκέλλους,ἀλλά
1047 1662 1140 1713 καὶ
1161 1663 1223 1714 ἐκ
1244 1662 1350 1715 τῶν
1377 1663 1574 1728 ἔξωθεν
1605 1680 1800 1732 παροι-

230 1741 364 1796 κιῶν
413 1744 784 1814 προσελάϐετό
830 1765 1016 1814 τινας,
1070 1745 1150 1812 οἷς
1197 1750 1433 1820 μάλιστα
1466 1753 1564 1804 οὐκ
1592 1753 1799 1817 ἔξεστιν

229 1823 371 1882 εἶναι
402 1831 545 1884 κατὰ
573 1834 700 1896 τοὺς
725 1834 1212 1904 ἐκκλησιαστικοὺς
1241 1840 1469 1902 κανόνας
1509 1842 1588 1903 είς
1611 1841 1795 1910 ἕτερον

227 1919 578 1976 ἐπισκοπεῖον
597 1961 613 1985 ,
665 1925 698 1994 ἢ
751 1927 831 1988 εἰς
860 1925 1027 1996 ἄλλην
1058 1927 1352 1998 ἐκκλησίαν
1377 1969 1391 1994 ,
1444 1930 1559 1984 ἀλλ’
1583 1931 1794 2002 ἀνάγκη

225 2010 422 2076 αὐτοὺς
447 2013 528 2077 είς
553 2015 652 2078 τάς
683 2015 816 2080 ίδίας
845 2019 1156 2088 παροικίας,
1193 2019 1226 2090 ἢ
1262 2020 1462 2086 πόλεις,
1494 2021 1624 2074 ὅπου
1653 2024 1796 2092 ἐχει-

229 2103 615 2176 ροτονήθησαν,
640 2108 802 2160 κάκεῖ
819 2110 1030 2180 ήσυσχῆ
1053 2110 1282 2179 διάγειν·
1304 2111 1390 2164 ἵνα
1415 2114 1490 2182 μὴ
1507 2114 1582 2182 τῷ
1602 2113 1798 2184 μακρῷ

225 2195 400 2266 χρόνῳ
430 2197 518 2250 διὰ
545 2197 646 2264 τῆς
674 2201 1009 2271 προσκαίρου
1039 2201 1386 2265 δυναστείας,
1434 2203 1572 2274 ἓρέιῃ
1602 2220 1796 2273 περισ-

225 2285 467 2356 σοτέρως
513 2290 546 2359 ὴ
596 2290 945 2360 παρανομία,
999 2292 1092 2344 καὶ
1140 2293 1416 2363 ἐπιγραφῇ
1461 2295 1527 2364 τῇ
1555 2293 1797 2362 ὑμετέρᾳ

223 2375 495 2448 ιὺσεδείῳ
531 2381 610 2442 είς
635 2379 793 2433 τοῦτο
819 2381 928 2450 γὰρ
958 2383 1102 2452 ὑμᾶς
1123 2383 1275 2436 ἔθετο
1296 2384 1323 2434 ὁ
1346 2384 1476 2447 Θεὸς
1497 2383 1795 2450 διακόνους,

225 2463 364 2536 ὑπὲρ
393 2465 496 2536 τῆς
520 2465 680 2538 δόξης
706 2469 871 2522 αὑτοῦ
894 2470 988 2524 τοῦ
1009 2471 1332 2535 δοξάσαντος
1357 2474 1520 2543 ὑμᾶς,
1540 2475 1634 2527 καὶ
1650 2474 1798 2538 δοξά-

225 2555 408 2619 ζοντος
427 2598 442 2624 ,
495 2559 590 2611 καὶ
635 2559 977 2624 ἀποδιδόντος
1004 2562 1131 2632 ὑμῖν
1155 2563 1246 2615 τὸν
1273 2564 1464 2633 μισθὸν
1496 2565 1635 2634 μετά
1661 2566 1796 2619 πάν-

222 2665 330 2700 των
368 2649 477 2702 τῶν
522 2652 712 2718 άγίων,
751 2654 859 2708 τῶν
892 2653 1073 2718 καλῶς
1103 2655 1456 2724 φυλαξάντων
1487 2657 1587 2720 τὰς
1617 2660 1796 2728 ἐγχει-

225 2742 506 2812 ρισθείσας
551 2745 738 2809 αὐτοῖς
781 2747 1075 2812 διακονίας.
1139 2747 1280 2816 Πρὸς
1311 2747 1402 2814 οὓς
1436 2744 1623 2803 εἶπεν·
1682 2746 1793 2813 Εὖ,

221 2837 403 2893 δοῦλε
451 2840 636 2908 ἀγαθὲ
682 2842 782 2895 καὶ
819 2843 1031 2909 πιστὲ,
1085 2844 1184 2897 ἐπὶ
1211 2845 1383 2912 ὀλίγα
1420 2841 1493 2914 ἧς
1554 2843 1791 2912 πιστὸς,

219 2930 315 2984 ἐπὶ
341 2930 590 2985 πολλῶν
611 2947 685 2987 σε
714 2934 1094 3003 καταστήσω
1113 2934 1351 2990 εἴσελθε
1371 2937 1451 2998 εὶς
1472 2937 1586 3002 τὴν
1602 2935 1795 3005 χαρὰν

219 3020 326 3075 τοῦ
365 3022 586 3090 Κυρίου
617 3039 757 3081 σου.
807 3025 871 3078 Oi
905 3025 1072 3090 ὅντως
1099 3027 1416 3098 Χριστιανοὶ
1443 3027 1650 3090 τούτοις
1679 3031 1795 3092 τοῖς

1915 566 2021 619 lam
2056 581 2273 634 pmnam
2307 566 2511 634 iniquis
2544 565 2821 619 decretam
2855 566 3137 632 formidat,
3163 569 3371 622 nullam
3391 567 3485 620 de-

1909 656 2078 724 nique
2103 656 2280 724 legem
2306 655 2686 710 ministrorum
2715 656 2807 709 ira:
2841 655 3040 712 divinae
3079 658 3133 711 in
3177 660 3302 729 ejus
3354 675 3485 729 pro-

1908 757 2226 802 vocatores:
2281 747 2378 802 sed
2415 748 2674 818 superbia
2704 763 2810 817 qua
2864 765 3057 805 omnes
3102 753 3478 821 parvipendit,

1907 836 2109 900 elatus,
2169 836 2533 906 pecuniisque
2571 845 2629 890 et
2681 831 3083 906 corruptorum
3110 841 3480 909 quorumdam

1908 925 2193 979 hominum
2219 927 2465 995 potentia
2505 926 2712 992 fretus;
2752 939 2826 988 et,
2873 937 2932 981 ut
2984 929 3157 983 libere
3199 930 3346 998 quod
3391 947 3481 984 res

1906 1023 2011 1080 est,
2041 1015 2310 1078 dicamus,
2373 1025 2558 1069 vestra
2617 1031 2838 1085 quoque
2879 1017 3255 1073 dominatione
3303 1019 3481 1073 fretus

1906 1107 2022 1160 haec
2052 1105 2206 1160 facit.
2271 1107 2536 1172 Petimus,
2583 1108 2830 1176 inquam,
2867 1125 2939 1163 ne
2970 1110 3272 1178 quidquam
3322 1111 3481 1164 dein-

1905 1214 2037 1266 ceps
2068 1198 2122 1251 in
2146 1199 2460 1266 quempiam
2517 1199 2596 1252 illi
2643 1199 2828 1263 liceat,
2864 1201 2968 1255 nisi
3009 1201 3246 1271 primum
3281 1203 3478 1256 ortho-

1907 1288 2063 1342 doxa:
2115 1289 2242 1341 ﬁdei
2281 1291 2486 1342 veritas
2517 1291 2877 1344 enucleetur:
2937 1277 3029 1355 ne,
3078 1292 3222 1363 quod
3275 1294 3475 1347 obnixe

1905 1381 2110 1443 studet,
2138 1380 2240 1433 hac
2267 1381 2491 1448 penitus
2517 1379 2784 1449 dissipata
2805 1397 3130 1450 eversaque,
3169 1399 3321 1438 suam
3347 1400 3479 1453 pau-

1904 1471 2058 1524 latim
2116 1471 2457 1524 introducat.
2515 1471 2924 1525 Animadvertit
2958 1474 3130 1538 enim,
3177 1491 3317 1542 quos
3368 1477 3476 1529 alia

1903 1563 2119 1617 ratione
2152 1579 2260 1617 non
2296 1570 2500 1633 potest,
2535 1578 2631 1618 eos
2663 1563 2861 1618 timore
2893 1580 2923 1618 a
2982 1565 3088 1619 ﬁde
3138 1575 3387 1622 avertere
3417 1583 3475 1622 se

1901 1671 2090 1724 posse:
2124 1663 2184 1708 ut
2244 1670 2358 1709 sua:
2392 1655 2684 1710 sententia:
2716 1657 2886 1710 semel
2939 1657 3230 1727 adjunctos
3276 1661 3351 1713 ita
3387 1659 3474 1713 in-

1903 1745 2167 1810 ﬁammet,
2197 1755 2257 1800 ut
2281 1746 2516 1801 verbera
2547 1763 2772 1817 quoque
2802 1749 3008 1818 quibus
3033 1749 3254 1804 libitum
3281 1751 3476 1808 .l‘uerit

1901 1839 2120 1908 publice
2171 1837 2378 1892 inferre
2409 1838 2670 1903 audeant,
2723 1847 2779 1893 et
2831 1835 3274 1908 persecutionem
3323 1842 3475 1896 exci-

1901 1939 2016 1984 tare
2045 1945 2156 1983 non
2177 1928 2454 1982 dubitent.
2485 1929 2678 1999 Neque
2710 1945 2841 1983 vero
2869 1945 3096 1984 suorum
3129 1941 3475 1996 tantum,aut

1900 2019 2337 2076 domesticorum
2369 2035 2540 2089 opera
2575 2019 2909 2074 clericorum
2949 2036 3070 2075 eam
3118 2022 3186 2075 ad
3222 2038 3336 2076 rem
3368 2022 3475 2075 uti-

1899 2121 2012 2176 tur,
2046 2127 2242 2166 verum
2275 2112 2647 2187 quorumdam
2681 2127 2903 2182 quoque
2945 2113 3014 2166 ab
3055 2114 3260 2168 exteris
3297 2129 3475 2183 parm-

1897 2202 2000 2255 eiis
2055 2212 2110 2256 et
2140 2202 2480 2256 dioecesibus
2517 2202 2854 2268 ascitorum;
2910 2202 3114 2270 quibus
3147 2213 3328 2258 tamen
3384 2221 3474 2258 se-

1899 2294 2142 2347 cundum
2165 2293 2577 2348 ecclesiasticos
2605 2307 2848 2348 canones
2870 2294 2924 2347 in
2939 2295 3120 2348 alieno
3151 2295 3468 2365 episcopatu

1897 2385 1985 2439 vel
2015 2385 2250 2440 ecclesia
2283 2385 2485 2454 degere
2527 2401 2637 2439 non
2673 2387 2827 2451 licet,
2884 2387 2979 2440 sed
3042 2388 3357 2442 necessario
3416 2389 3470 2442 in

1897 2479 1964 2533 iis
2013 2479 2154 2533 locis
2181 2486 2238 2532 et
2289 2478 2628 2544 civitatibus,
2687 2479 2854 2548 idque
2906 2480 3117 2548 quiete,
3172 2480 3229 2534 iu
3265 2481 3469 2550 quibus

1897 2565 2140 2621 ordinati
2158 2577 2325 2620 sunt:
2353 2583 2421 2620 ne
2454 2581 2623 2620 morte
2652 2567 3042 2633 diuturnitate,
3075 2578 3467 2639 temporanea-

1896 2672 2005 2726 que
2069 2657 2314 2726 potentia
2369 2658 2673 2725 nequitiam
2741 2673 2896 2713 suam
2957 2661 3124 2714 latius
3180 2671 3465 2730 propaget,

1895 2744 2166 2814 vobisque
2214 2745 2268 2799 id
2316 2746 2652 2810 ascribatur,
2700 2762 2840 2815 quos
2883 2749 2956 2801 ob
3009 2748 3066 2802 id
3099 2749 3154 2802 in
3185 2749 3469 2802 ministros

1897 2835 2041 2898 Deus
2070 2838 2391 2908 assumpsit,
2424 2847 2486 2892 ut
2547 2839 2697 2894 illius
2730 2840 2959 2910 gloriam
2991 2850 3215 2896 strenue
3259 2858 3468 2912 propu-

1894 2929 2095 3002 gnetis,
2124 2927 2220 2997 qui
2247 2927 2446 2983 illustri
2467 2929 2679 2983 honore
2706 2945 2804 2983 vos
2831 2931 3158 2994 cumulavit,
3191 2944 3246 2986 et
3269 2947 3467 2986 cuinu-
3562 2989 3571 3006 ι

1894 3019 2006 3085 lat;
2063 3019 2331 3088 vobisque
2367 3035 2493 3074 cum
2537 3020 2797 3075 omnibus
2841 3023 3068 3087 sanctis,
3121 3023 3214 3091 qui
3265 3037 3469 3076 munus

219 3107 396 3179 λόγοις
446 3111 534 3166 διὰ
581 3113 688 3166 τῶν
729 3113 908 3186 ἔργων
953 3115 1336 3171 πιστεύουσινο
1399 3118 1448 3170 oi
1481 3117 1537 3172 δὲ
1576 3118 1793 3173 ἄπιστοι

1897 3124 2059 3163 suum
2103 3108 2360 3178 praeclare
2399 3108 2682 3170 obierunt,
2728 3109 3040 3164 mercedem
3071 3119 3318 3180 tempore
3365 3127 3466 3166 suo

218 3202 310 3256 καὶ
337 3205 879 3274 ἀπεῤῥιμμένοι,καὶ
905 3209 972 3278 τῇ
1002 3207 1210 3262 ἑαυτῶν
1241 3207 1420 3278 κοιλία
1445 3208 1669 3272 ζῶντες,
1701 3209 1794 3262 καὶ

216 3295 297 3357 είς
349 3294 480 3348 αὐτὸ
531 3295 690 3350 τοῦτο
724 3297 1302 3370 προσκαρτεροῦντες,
1363 3298 1457 3352 ἐὰν
1490 3299 1792 3352 ἀκούσωσιν

213 3382 581 3452 ὁμολογοῦντά
615 3403 739 3440 τινα
757 3425 774 3450 ,
800 3387 892 3440 τὸν
916 3387 1150 3458 Χριστὸν
1178 3383 1316 3440 εἶναι
1342 3387 1492 3450 Θεὸν,
1513 3388 1790 3457 διαπρίον-

214 3491 340 3540 ται,
377 3475 452 3539 ὡς
484 3476 535 3529 οῑ
563 3475 687 3530 τότε
750 3478 992 3531 Ἰουδαῖοι
1020 3478 1276 3548 συνέσχον
1315 3478 1384 3532 τὰ
1442 3472 1556 3531 ὦτα
1587 3478 1787 3543 αὐτῶν,

209 3567 308 3622 τοῦ
337 3567 496 3636 ἁγίου
527 3569 802 3637 Στεφάνου
853 3569 948 3623 τοῦ
989 3557 1457 3642 πρωτομάρτυρος
1497 3569 1787 3641 διηγουμέ-

211 3676 340 3724 νου,
401 3659 483 3714 ὅτι
532 3660 756 3728 Θεωρῶ,
800 3661 955 3732 φησὶ,
1008 3662 1150 3727 τοὺς
1173 3661 1468 3730 οὐρανοὺς
1501 3661 1789 3730 ἀνεῳγμέ-

211 3766 391 3816 νους,
451 3751 548 3805 καὶ
600 3752 708 3805 τὸν
755 3751 892 3805 nar
944 3751 1050 3806 τοῦ
1097 3751 1410 3818 ἀνθρώπου
1461 3753 1529 3805 ἐκ
1576 3752 1789 3812 δεξιῶν

209 3839 441 3896 ἑστῶτα
457 3841 563 3896 τοῦ
583 3842 838 3910 ἀοράτου
866 3843 1197 3898 Θεοῦ.οῠτω
1217 3845 1307 3898 καὶ
1333 3840 1478 3897 οὗτοι
1503 3844 1783 3914 διαπρξον-

209 3948 300 3986 ται
361 3933 500 3989 κατά
580 3933 690 3986 τῶν
766 3934 1144 4006 Χριστιανῶν,
1215 3937 1307 3988 καὶ
1365 3934 1543 3990 πάντα
1617 3935 1786 4006 θυμὸν

211 4023 607 4088 σπουδάζουσιν
635 4003 895 4080 ἐκτελεῖν.

1897 3201 2114 3256 reddet.
2143 3199 2354 3264 Quibus
2375 3198 2582 3252 etillud
2607 3214 2826 3268 quoque
2857 3199 3110 3254 dicturus
3132 3210 3218 3256 est
3241 3219 3252 3256 :
3293 3201 3464 3273 Euge,

1894 3308 2042 3346 serve
2068 3292 2196 3344 bone
2229 3299 2276 3344 et
2307 3278 2688 3360 ﬁdelis;su‘per
2726 3307 2897 3360 pauca
2927 3292 3073 3360 fuisti
3101 3292 3290 3359 ﬁdelis,
3310 3309 3469 3363 super

1895 3383 2065 3436 multa
2099 3393 2148 3436 te
2207 3383 2524 3436 constituam
2560 3397 2579 3434 :
2639 3383 2785 3435 intra
2842 3383 2898 3434 in
2951 3383 3203 3452 gaudium
3252 3383 3470 3438 Domini

1894 3477 2029 3529 tui'.
2100 3473 2202 3540 Qui
2266 3473 2381 3526 veri
2434 3471 2738 3526 Christiani
2811 3479 2961 3536 sunt,
3017 3473 3053 3526 ii
3114 3489 3212 3543 per
3271 3489 3459 3543 opera,

1892 3575 2160 3637 quantum
2191 3563 2519 3620 Christianae
2545 3565 2812 3619 doctrina:
2841 3544 3112 3622 tribuant:
3135 3565 3458 3620 ostendunt.

1891 3660 1959 3714 At
1982 3673 2115 3713 vero
2154 3655 2409 3712 inﬁdeles
2436 3663 2492 3712 et
2521 3657 2743 3728 abjecti,
2780 3657 2880 3730 qui
2914 3659 3094 3712 ventri
3114 3674 3214 3712 suo
3241 3659 3458 3717 vivunt.

1891 3759 1947 3806 et
1973 3750 2040 3805 ad
2067 3750 2215 3818 hunc
2236 3763 2465 3818 scopum
2493 3747 2679 3801 omnia
2719 3763 2818 3801 sua
2862 3747 3045 3801 studia
3085 3747 3353 3811 referunt,
3382 3747 3461 3801 illi

1891 3843 2122 3911 siquem
2168 3835 2447 3894 Christum
2502 3837 2672 3891 Deum
2725 3851 2847 3891 esse
2877 3835 3124 3906 proﬁteri
3157 3837 3460 3898 audierint,

1893 3935 2041 3986 illico
2067 3931 2434 3985 dissecantur.
2467 3928 2535 3982 Et
2553 3927 3018 3998 quemadmodum
3049 3927 3246 3990 Judaei,
3271 3937 3462 3982 sancto

1894 4023 2173 4093 Stephano
2202 4027 2605 4091 protomartyre
2633 4027 2924 4073 narrante:
2963 4018 3097 4072 Ecce
3145 4019 3290 4071 video
3309 4019 3460 4072 εωίοε

207 4123 442 4186 apertos,
473 4123 522 4169 et
545 4113 738 4197 Filium
772 4115 999 4169 hominis
1025 4121 1250 4170 stantem
1284 4133 1316 4170 a
1359 4118 1557 4171 dextris
1597 4115 1870 4172 invisibilis
1910 4115 2005 4168 Dei
2033 4113 2074 4178 ξ,
2122 4127 2288 4166 aures
2338 4125 2466 4165 suas
2519 4108 2913 4164 continebant:
2965 4107 3039 4162 ita
3084 4116 3141 4162 et
3191 4108 3280 4161 isti
3319 4125 3460 4178 quo-

209 4226 318 4282 que
357 4211 411 4264 in
443 4193 791 4264 Christianos
845 4193 1108 4265 dentibus
1153 4209 1431 4276 frendent,
1457 4207 1788 4282 omnemque
1818 4210 2063 4264 furorem
2091 4220 2251 4260 suum
2281 4204 2338 4258 in
2361 4203 2485 4258 illos
2514 4203 2739 4273 explere
2775 4201 3051 4256 laborant.

271 4299 355 4356 E'.
397 4301 682 4372 Ἀξιοῦμεν
705 4299 799 4358 οὖν
825 4305 1054 4374 προνοίᾳ
1077 4303 1173 4356 τοῦ
1199 4305 1784 4376 μεγαλοπρεπεστάτου

207 4393 451 4464 ἐπάρχου
483 4393 585 4464 τῆς
611 4394 738 4458 νέας
769 4394 992 4466 Ῥώμης
1027 4393 1334 4448 κωλύεσθαι
1361 4395 1490 4460 τοὺς
1517 4396 1657 4450 κατὰ
1678 4397 1784 4450 τῶν

1956 4303 2022 4358 ν.
2061 4302 2339 4370 Rogamus
2376 4297 2630 4367 proinde,
2663 4306 2725 4350 ut
2752 4289 3282 4364 magniﬁcentissimi
3317 4306 3457 4359 pra:-

1885 4394 2016 4450 fecti
2040 4407 2196 4447 nova:
2216 4391 2404 4445 Romae
2444 4387 2812 4460 providentia,
2839 4392 3264 4454 compescantur
3295 4382 3330 4435 ii
3363 4384 3454 4452 qui

203 4483 505 4556 όρθοδόξων
554 4486 1058 4556 ἐπανισταμένους,
1117 4487 1214 4538 καὶ
1260 4489 1533 4555 προφάσει
1578 4488 1784 4542 δικαιο-

1896 4485 2150 4538 adversus
2190 4479 2531 4535 orthodoxos
2581 4478 2897 4548 insurgunt,
2946 4482 3002 4529 et
3029 4473 3134 4528 sub
3188 4480 3458 4542 praetextu

205 4575 438 4645 λογιῶν,
482 4576 558 4640 ὥς
601 4593 800 4646 φασιν,
851 4576 1262 4648 ἐπιχειροῦντας
1306 4579 1447 4631 κατά
1481 4597 1646 4644 τινες,
1678 4579 1783 4642 ἕως

203 4669 296 4723 ὅτε
327 4667 396 4723 τὰ
423 4670 523 4739 τῆς
555 4671 792 4732 πίστεως
817 4669 1100 4739 διόρθωσιν
1125 4669 1307 4724 λάϐοιο
1349 4673 1396 4722 εί
1423 4671 1478 4722 δὲ
1511 4670 1784 4743 παρακού-

207 4777 373 4826 σετι,
433 4760 590 4832 ἡμῶν
647 4762 1055 4832 ἀμελήσαντες,
1113 4763 1604 4834 διαμαρτυρόμεοα
1656 4765 1784 4834 ὑμῖν

205 4851 439 4906 ἐνώπιον
469 4851 564 4906 τοῦ
596 4852 862 4921 βασιλέως
890 4853 997 4906 τῶν
1019 4853 1251 4917 αἰώνων,
1282 4854 1588 4924 ἀφθάρτου,
1619 4856 1784 4926 ἀορά-

202 4960 301 4996 του
321 4982 337 5008 ,
379 4943 541 5012 μόνου
569 4942 736 5012 σοφοῦ
763 4943 897 4996 Θεοῦ
919 4985 934 5008 ,
969 4943 1066 4997 τοῦ
1093 4943 1340 5004 ἐλθόντος
1373 4945 1465 4997 καὶ
1492 4945 1782 5012 ἐπιφανένσ

203 5051 318 5098 τος,
347 5035 424 5099 ὡς
450 5027 706 5104 ἠθέλησε,
737 5035 828 5089 διὰ
854 5035 954 5106 τὴν
979 5037 1253 5105 σωτηρίαν
1279 5035 1457 5106 ἡμῶν,
1495 5037 1592 5090 καὶ
1620 5037 1783 5091 πάλιν

204 5127 506 5198 ἐρχομένου
550 5128 734 5197 κρῖναι
765 5127 974 5192 ζῶντας
1008 5127 1102 5180 καὶ
1127 5127 1390 5198 νεκροὺς,
1449 5121 1494 5197 ᾧ
1537 5129 1783 5198 κάμπτει

203 5219 314 5272 πᾶν
366 5219 494 5286 γόνυ
551 5220 920 5288 ἐπουρανίων,
980 5221 1074 5274 καὶ
1120 5220 1408 5288 ἐπιγείωνς
1465 5223 1562 5275 καὶ
1610 5239 1781 5275 κατα-

203 5310 432 5384 χθονίων
461 5351 476 5373 ,
534 5312 628 5365 καὶ
673 5314 822 5367 πᾶσα
858 5311 1077 5380 γλῶσσα
1119 5313 1574 5382 ἐξομολογήσεται
1605 5313 1778 5382 αὐτῷ,

101 5395 149 5486 '_
201 5403 284 5456 ὃτι
329 5401 498 5456 ἀθῶοί
543 5405 731 5466 ἐσμεν.
782 5403 974 5472 Ἡμεῖς
1003 5405 1113 5475 γὰρ
1143 5405 1288 5475 ὑμᾶς
1319 5405 1775 5476 παρεκαλέσαμεν

202 5493 333 5563 περὶ
361 5493 580 5546 συνόδου
609 5495 1024 5563 οίκουμενικῆς,
1077 5495 1175 5564 τῆς
1200 5495 1507 5564 δυναμένης
1534 5497 1776 5566 ἀκριϐῶς

201 5583 471 5648 κρατῦναι
527 5585 622 5638 καὶ
669 5584 977 5655 άνορθῶσαι
1040 5584 1110 5639 τὰ
1160 5585 1535 5656 σαλευόμενα,
1599 5587 1776 5640 εἴτουν

167 5761 180 5780 ι
273 5736 294 5767 ¹
326 5735 516 5792 Matth.
568 5753 692 5793 xxv.
724 5737 814 5793 23.
891 5739 912 5770 ³
954 5738 1292 5808 Aet.vn,55.
1366 5739 1434 5793 ‘l
1472 5739 1611 5793 Tim.
1646 5757 1682 5806 ι,
1732 5741 1815 5795 Π.

1883 4575 2031 4644 quod
2055 4589 2114 4628 se
2149 4570 2476 4634 defendunt,
2510 4579 2571 4623 ut
2598 4569 2776 4628 aiunt.
2799 4583 2912 4627 non
2949 4567 3140 4637 paucis
3165 4566 3458 4646 insultant;

1883 4667 2063 4721 donec
2086 4681 2151 4719 ea
2200 4663 2388 4717 omnia
2427 4678 2550 4731 quae
2581 4663 2650 4717 ad
2680 4662 2842 4716 ﬁdem
2877 4661 3178 4730 pertinent,
3237 4675 3461 4729 eampo-

1881 4768 2104 4812 nantur.
2125 4755 2284 4832 Quod
2321 4755 2367 4808 si
2383 4764 2631 4809 nostram
2655 4753 3118 4823 supplicationem
3152 4768 3254 4821 pro
3278 4753 3459 4805 nihilo

1883 4847 2211 4910 habueritis,
2252 4860 2349 4899 vos
2385 4859 2570 4898 coram
2597 4842 2896 4898 immortali
2936 4842 3262 4897 saeculorum
3288 4843 3455 4912 Rege,

1885 4938 2318 5001 invisibili,osolo
2357 4936 2606 5006 sapiente
2651 4937 2763 4990 Deo
2792 4934 2834 4998 ⁸,
2874 4935 2970 5004 qui
3013 4943 3212 4989 nostrae
3268 4934 3460 4988 salutis

1881 5047 2046 5086 causa
2075 5029 2384 5093 descendit,
2410 5036 2486 5094 et,
2511 5036 2572 5081 ut
2596 5027 2789 5092 voluit,
2819 5026 2964 5080 inter
2988 5025 3243 5079 homines
3293 5040 3459 5093 appa-

1883 5128 2019 5192 ruit,
2055 5137 2113 5182 et
2149 5125 2219 5180 ad
2239 5123 2604 5194 judicandum
2632 5125 2788 5178 vivos
2840 5131 2897 5177 et
2923 5130 3174 5178 mortuos
3201 5122 3222 5152 ⁸
3256 5121 3456 5173 iterum

1881 5227 2157 5274 venturus
2218 5225 2341 5282 est;
2396 5215 2484 5270 cui
2517 5232 2682 5270 omne
2734 5231 2874 5285 genu
2927 5214 3461 5273 incurvatur.cmle-

1881 5311 2070 5374 stium,
2095 5310 2443 5363 terrestrium
2493 5316 2549 5362 et
2577 5307 2960 5373 infernorum;
2987 5315 3043 5361 et
3076 5307 3457 5375 omnislingua

1883 5405 2179 5478 conﬁtetur
2202 5403 2260 5468 ⁶;
2293 5403 2622 5456 innocentia:
2661 5410 2862 5454 nostra:
2895 5407 3063 5454 testes
3096 5399 3454 5468 appellamus.
3490 5465 3500 5475 .

1883 5497 1994 5552 Nos
2017 5497 2166 5550 enim
2191 5510 2291 5548 vos
2321 5494 2389 5548 de
2416 5493 2760 5548 mcumeniea
2787 5492 2998 5560 synodo
3025 5491 3268 5560 cogenda
3299 5506 3458 5558 roga-

1883 5589 2086 5653 vimus,
2117 5602 2239 5655 quae
2273 5585 2555 5656 aptissime
2585 5594 2769 5655 posset
2794 5582 3151 5637 constabilire
3170 5591 3224 5636 et
3246 5581 3456 5652 erigere

1892 5744 1912 5773 ⁸
1944 5742 2065 5796 Act.
2107 5757 2158 5804 x,
2205 5739 2292 5793 42.
2374 5742 2394 5774 ⁶
2430 5739 2668 5813 Philipp.
2717 5758 2776 5810 ιι,
2832 5742 2917 5796 10.
