3938 6148
1431 159 1452 192 /

293 199 422 270 ttat
1378 193 1430 226 κ’
1751 205 2080 269 NOTl'l‘IA.
2954 193 2959 197 ⁷
3393 207 3529 278 1432

285 317 504 386 (scribit
532 318 720 372 nescio
777 315 904 386 quis
934 333 998 371 ex
1027 306 1320 385 sectariiS)
1355 315 1830 387 Constantinopoli
1871 321 2095 374 allatum
2129 319 2185 372 in
2225 318 2603 374 vetustissimo
2643 320 3018 390 manuscripto
3065 322 3367 392 exemplari
3402 337 3528 380 ante

283 420 489 459 annum
535 405 671 460 i586
718 407 971 460 ediderat
1013 422 1136 462 Cllllt
1167 422 1263 462 sua
1312 407 1564 462 versione
1597 407 1791 462 Latina
1832 408 2160 464 Theodorus
2192 409 2350 475 Beza,
2387 411 2781 479 continereque
2811 410 3064 480 opposita
3113 410 3182 466 iis
3212 413 3305 480 qui
3337 424 3527 468 nostro

287 505 536 561 tempore
588 493 830 550 haereses
887 495 1127 549 Nestorii
1163 502 1220 550 et
1260 495 1584 565 Eutychetis
1615 507 1975 562 renovarunt,
2021 513 2158 568 quas
2201 507 2396 552 auctor
2440 499 2532 553 ille
2578 509 2759 566 vetus,
2789 501 3045 568 quamvis
3073 501 3274 570 exiguo
3299 503 3530 570 scripto,

283 582 460 637 solide
501 584 728 639 refellit.
767 586 929 640 Anno
959 586 1166 643 Christi
1212 585 1348 640 1599
1380 587 1658 642 Robertus
1695 589 1978 645 Ball‘oreus
2009 590 2229 653 Seotus,
2259 591 2577 660 Aquitanici
2608 591 2824 662 collegii
2857 591 3165 661 Burdigalae
3186 607 3530 663 gytnnasmr-

282 677 406 742 cita,
433 681 690 735 eumdem
715 691 1008 738 tractatum
1035 681 1223 743 emisit
1250 681 1394 753 typis
1417 682 1650 745 Morelli,
1678 700 1785 739 una
1811 701 1938 739 eum
1970 686 2174 741 Gelasii
2201 687 2456 758 Cyziceni
2489 687 2720 741 historia
2755 687 2974 740 concilii
3004 685 3232 750 Nicaani,
3270 687 3530 758 adjuncta

279 773 447 826 etiam
491 788 590 827 sua
631 774 886 830 versione
930 774 1148 836 Latina,
1195 773 1520 844 addiditque
1567 785 1726 830 notas
1765 785 1822 830 et
1881 779 2260 832 correctioues
2289 793 2354 833 ex
2389 777 2764 847 ntanuscripto
2798 777 3098 846 exemplari
3121 777 3274 835 Petri
3307 777 3530 844 Stellae;

282 883 498 922 necnon
523 866 780 923 eumdem
815 864 1065 922 libellum
1092 875 1254 920 antea
1276 857 1342 920 in
1367 862 1614 936 linguam
1646 865 1897 922 Latinam
1941 869 2297 924 transtulerat
2323 869 2658 925 Godefridus
2685 869 3013 922 'l‘ilmannus
3043 867 3348 923 Carthasite
3376 869 3531 924 Pari-

283 962 484 1017 siensis
525 961 832 1015 monachus
868 961 1027 1030 cujus
1057 960 1366 1015 versionem
1409 973 1544 1018 tom.
1575 960 1692 1016 Vill
1729 961 2076 1030 bibliotheca:
2111 972 2314 1021 sanctae
2348 963 2688 1033 Margarinus
2734 961 2988 1032 Dignatus
3039 970 3298 1032 tanquatn
3335 964 3529 1030 pracla-

285 1053 488 1106 tionem
517 1051 672 1106 libris
699 1049 974 1104 Anastasii
1002 1049 1228 1106 Sinaitaa
1268 1051 1594 1120 patriarcha:
1625 1051 1954 1116 Antiocheni
1990 1055 2238 1124 pnelixit.
2278 1055 2357 1111 Ex
2394 1054 2501 1109 hoc
2541 1053 2684 1107 libro
2721 1052 2984 1107 nonnulla
3018 1062 3304 1108 mutuatur
3333 1051 3531 1106 Suidas

283 1143 338 1196 in
368 1141 604 1204 Manete,
639 1141 923 1210 multoque
946 1140 1104 1210 plura
1141 1141 1210 1197 de
1237 1141 1406 1196 Paulo
1441 1141 1820 1209 Samosateno,
1852 1137 2180 1214 Apollinari,
2217 1145 2511 1200 Theodoro
2545 1143 2956 1213 Mopsuestcno,
2986 1151 3043 1197 et
3079 1142 3224 1210 aliis,
3259 1140 3532 1212 Georgius

278 1233 566 1290 Cedrenus
591 1235 648 1288 in
681 1233 996 1288 Aureliano.
2461 1287 2472 1296 ,

349 1333 540 1388 Eidem
586 1331 756 1386 etiam
795 1328 1120 1384 attribuitur
1159 1327 1486 1397 opusculum
1533 1327 1630 1390 Tt;
1677 1326 1837 1398 φύσις
1873 1347 1904 1382 κ

2011 1329 2190 1390 οὐσία,
2235 1328 2364 1394 Qua:
2400 1331 2466 1384 sit
2504 1341 2700 1384 natura
2733 1339 2783 1384 et
2818 1329 3062 1384 essentia.
3096 1329 3156 1384 P.
3190 1329 3264 1384 Τὸ
3307 1328 3406 1400 μὲν
3432 1332 3527 1403 τῆς

277 1424 464 1485 οὐσίας
513 1422 703 1492 ὄνομα,
758 1420 928 1490 αὐτὴν
976 1419 1075 1490 τὴν
1117 1417 1308 1488 κλῆσιν
1354 1435 1498 1489 φημι
1539 1419 1632 1470 καὶ
1667 1419 1766 1489 τὴν
1813 1437 1832 1470 τ

1972 1421 2203 1490 ιγορίαν.
2254 1421 2478 1475 Net-non
2513 1430 2569 1474 et
2630 1421 2780 1474 aliud
2839 1421 2928 1474 cui
2976 1420 3220 1476 titulus:
3255 1421 3527 1493 Σύντομος

278 1516 541 1584 ἐξήγησις
580 1515 673 1566 καὶ
715 1512 967 1581 διήγησις
1007 1511 1135 1580 περὶ
1178 1509 1270 1563 τοῦ
1319 1508 1614 1580 τριμεροῦς
1658 1511 1756 1580 τῆς
1807 1510 1833 1580 ς

1973 1531 2006 1574 ς.
2049 1511 2432 1582 Compendiosa
2479 1513 2752 1582 expositio,
2808 1511 2888 1564 vel
2927 1514 3198 1565 enarratio
3239 1513 3303 1565 de
3335 1514 3528 1584 triplici

278 1604 536 1678 facultate
579 1605 792 1658 animas.
847 1602 908 1656 P.
965 1601 1089 1654 ’Ότι
1133 1600 1262 1670 τρία
1319 1599 1458 1670 μέρη
1509 1599 1607 1668 τῆς
1657 1598 1833 1668 ψυχῆς

1970 1601 2160 1665 ἰσμὸς,
2219 1601 2410 1670 θυμὸς,
2463 1601 2750 1671 ἐπιθυμίατ
2791 1601 2904 1653 Hoc
2943 1616 3076 1654 vero
3105 1611 3444 1670 postremum
3471 1605 3525 1658 in

276 1695 556 1763 aliquibus
591 1691 880 1753 codicibus
921 1687 1310 1755 manuscriptis
1338 1685 1654 1740 vindicatur
1687 1685 1969 1756 Stephano
1995 1686 2427 1751 Nicomediensi,
2464 1687 2519 1740 in
2558 1687 2680 1742 aliis
2714 1689 2910 1744 Joanni
2938 1690 3296 1746 Damasceno.
3333 1694 3528 1750 Posse-

277 1790 439 1838 vinus
471 1775 748 1838 existimat
783 1779 850 1834 ad
883 1779 1032 1832 hunc
1087 1775 1441 1831 Theodorum
1491 1774 1782 1829 referenda
1811 1790 1954 1839 esse,
2009 1790 2133 1844 quae
2176 1773 2496 1830 Gennadius
2540 1776 2595 1829 in
2633 1777 2878 1846 catalogo
2899 1777 2968 1832 de
3001 1777 3298 1835 Theodoro
3328 1781 3526 1837 Antio-

275 1876 454 1930 (heno
485 1873 700 1928 scribit.
733 1870 840 1926 Sed
866 1871 1026 1936 plane
1053 1867 1492 1936 Mopsuestenum
1517 1879 1642 1920 cum
1669 1865 1940 1920 Raithe‘no
1967 1865 2290 1932 confundit;
2325 1874 2384 1919 ut
2413 1866 2560 1920 enim
2582 1881 2749 1936 supra
2772 1868 3035 1930 vidimus,
3069 1884 3192 1938 quas
3223 1867 3294 1928 de
3326 1873 3528 1929 Antio-

276 1968 456 2021 cheno
505 1964 673 2018 tradit
716 1961 1052 2026 Gennadius,
1099 1958 1168 2014 ad
1214 1959 1664 2028 Mopsuestenum
1697 1957 2037 2012 referuntur.
2083 1957 2274 2026 Neque
2313 1957 2541 2012 meliore
2581 1957 2737 2013 lance
2766 1959 3091 2014 Gesneriani
3129 1963 3526 2031 epitomatores

275 2058 424 2110 hunc
472 2053 822 2108 Theodorum
873 2065 902 2102 a
953 2047 1244 2103 Theodoro
1285 2047 1608 2119 presbytero
1665 2044 1936 2099 Baitheno
1987 2044 2263 2099 dividunt.
2308 2044 2585 2100 Theodori
2639 2045 2947 2117 presbyteri
2996 2048 3252 2104 Raitheni
3301 2051 3527 2109 libellus

274 2147 544 2200 adversus
600 2144 857 2205 hereses,
913 2140 1007 2210 qui
1041 2141 1323 2194 unionem
1373 2137 1772 2210 hypostatieam
1815 2137 2048 2192 duarum
2107 2138 2162 2192 in
2204 2137 2424 2193 Christo
2468 2147 2790 2194 naturarum
2835 2155 3244 2212 oppugnarunt,
3283 2145 3524 2215 primum

274 2240 459 2296 (ἐι-τιθείς
489 2237 694 2297 editus,
725 2243 779 2290 et
808 2232 1035 2290 Latinus
1063 2231 1240 2287 iactus
1278 2245 1308 2284 a
1346 2229 1636 2284 Theodoro
1661 2228 1799 2283 Beza
1831 2228 1948 2284 in-L
1977 2227 2211 2284 Genava:
2249 2229 2404 2285 1576.

345 2329 577 2400 Scripsit
615 2336 884 2396 praeterea
929 2325 1188 2395 pleraque
1225 2321 1352 2388 alia,
1395 2320 1600 2390 quibus
1645 2318 1980 2374 catholicum
2023 2319 2222 2390 dogma
2270 2319 2638 2403 conﬁrmavit.
2678 2320 2961 2378 Laudatur
2995 2321 3142 2378 illius
3185 2326 3524 2395 Δογματικὺς

273 2409 452 2490 ὶόγος,
509 2419 825 2490 Dogmatica
885 2417 1078 2480 oratio,
1127 2423 1183 2470 et
1223 2430 1290 2470 ex
1325 2429 1392 2468 ea
1425 2413 1607 2483 aliqua
1630 2411 1994 2468 aﬂ‘eruntura
2020 2413 2229 2468 Joanne
2263 2413 2442 2468 Vecco
2476 2415 2788 2483 patriarcha
2833 2409 3438 2488 Constantinopolitano
3467 2421 3524 2474 in

273 2516 610 2589 epigraphis.
657 2511 930 2583 Θεόδωρος
961 2512 990 2564 ὁ
1018 2511 1120 2580 τῆς
1157 2510 1372 2564 Ῥαῖθοῦ
1409 2508 1777 2580 πρεσϐύτερος
1826 2509 1885 2562 ὲν
1931 2509 2010 2579 τῷ
2055 2508 2370 2580 δογματικῷ
2421 2509 2564 2580 λόγῳ
2613 2511 2800 2576 αὑτοῦ,
2848 2506 2910 2565 οὗ
2957 2514 2991 2582 ἡ
3047 2513 3210 2584 ἀρχὴ,
3261 2516 3526 2569 ’Ἄτοπον

271 2605 432 2676 οἶμαι
461 2604 560 2660 καὶ
583 2606 779 2670 καλῶς
801 2621 869 2672 τε
901 2602 1076 2656 τοῦτο
1096 2603 1400 2670 νενόμικα.
1439 2599 1734 2654 Theodorus
1770 2597 1826 2653 Rt

1968 2614 2067 2653 nus
2100 2598 2366 2670 presbyter
2393 2601 2446 2653 in
2471 2600 2769 2670 dogmatica
2792 2617 2888 2656 sua
2917 2605 3176 2668 oratione,
3197 2605 3350 2674 cujus
3373 2607 3523 2675 prin-

271 2703 486 2772 cipium,
523 2711 630 2756 etc.
661 2703 741 2756 Ex
764 2700 958 2755 eadem
986 2697 1300 2754 referuntur
1327 2695 1530 2765 aliqua,
1558 2709 1678 2764 cap.
1699 2693 1762 2756 2.
1795 2695 1849 2760 4,
1882 2694 1937 2762 5,
1961 2693 1994 2748 6
2015 2703 2071 2748 et
2097 2696 2148 2748 7.
2169 2695 2478 2749 Aduotatur
2503 2703 2682 2749 tamen
2713 2695 2770 2750 in
2792 2698 3036 2768 margine
3063 2697 3256 2753 nescio
3289 2715 3320 2754 a
3356 2716 3468 2770 quo
3506 2720 3519 2756 :

273 2799 399 2852 Ὅτι
427 2799 486 2852 τὸ
518 2797 692 2866 στόμα
713 2795 806 2850 τοῦ
844 2794 1057 2867 Πατρὸς
1082 2797 1111 2846 ὁ
1147 2793 1272 2855 Υίός
1296 2829 1311 2844 .
1346 2791 1516 2860 Ζήτει,
1537 2790 1593 2842 ὲν
1620 2787 1699 2859 τῷ
1727 2786 2042 2859 ὀογματικῷ
2069 2788 2213 2858 λόγῳ
2253 2787 2532 2860 Θεοδώρου
2573 2790 2946 2862 πρεσϐυτέρου
2981 2793 3080 2860 τῆς
3119 2793 3359 2860 Ῥαῖθοῦ,
3395 2791 3457 2849 οὗ
3489 2799 3521 2866 ή

269 2893 435 2964 ἀρχὴ,
467 2894 722 2945 Ἄτοπον
749 2885 910 2959 οἶμαι
932 2905 947 2919 ·
1005 2887 1112 2940 ἶσοι
1153 2887 1209 2940 δὲ
1256 2886 1337 2938 ὅτι
1377 2885 1470 2937 καὶ
1502 2886 1530 2936 ὁ
1560 2883 1656 2952 τὴν
1689 2883 1974 2955 παροῦσαν
2003 2885 2198 2954 χρῆσιν
2241 2885 2512 2954 περιέχων
2539 2884 2718 2954 λόγος,
2749 2885 2806 2938 ἓν
2843 2903 2952 2940 τισι
2981 2886 3211 2956 βιϐλίοις
3236 2892 3330 2942 τοῦ
3365 2891 3521 2959 ἁγίου

283 2981 640 3038 Ἀναστασίου
670 2981 1095 3049 ἐπιγέγραπται.
1141 2974 1208 3031 Os
1237 2975 1406 3046 patris
1437 2988 1545 3028 esse
1569 2971 1785 3038 Filium,
1815 2989 1838 3043 q

1970 2973 2033 3026 ito
2075 2974 2130 3026 in
2172 2974 2409 3026 oratione
2443 2975 2741 3044 dogmatica
2784 2975 3037 3030 Theodori
3071 2979 3358 3050 presbyteri
3395 2981 3525 3034 Rui-

270 3077 430 3140 theni,
458 3077 608 3142 cuius
632 3081 708 3128 est
731 3073 1044 3144 principium
1075 3087 1092 3125 :
1129 3071 1364 3130 Ἀτοπον
1390 3062 1564 3137 οἶμαι.
1610 3065 1974 3121 Verumtamen
2009 3069 2158 3134 scito,
2199 3083 2429 3138 praesens
2452 3071 2547 3123 hoc
2571 3069 2770 3124 dictum
2806 3072 3158 3127 continentem
3203 3075 3514 3158 orationem,

269 3167 323 3224 in
347 3169 604 3240 aliquibus
637 3165 893 3220 codicibus
915 3169 1096 3218 sancto
1127 3162 1406 3216 Anastasio
1443 3159 1650 3214 ascribi.
3122 3157 3130 3166 '

325 3261 530 3314 ‘Eidem
579 3273 802 3329 quoque
845 3255 1114 3310 asseritur
1166 3268 1307 3322 opus
1357 3251 1494 3321 Περὶ
1537 3251 1645 3303 τῶν
1682 3251 1806 3303 καθ’
1853 3251 1880 3320 ἡ

1962 3251 1998 3312 lc
2047 3249 2222 3321 ὀρθῶν
2261 3248 2356 3320 τῆς
2382 3249 2640 3318 ἀληθείας
2673 3250 2980 3321 δογμάτων.
3010 3251 3084 3306 De
3111 3255 3262 3308 rectis
3287 3257 3517 3313 veritatis

267 3353 553 3408 secundum
591 3367 683 3406 nos
726 3350 1073 3422 dogmatibus.
1111 3347 1351 3402 Joannes
1394 3346 1606 3400 Veccus
1643 3344 1698 3398 in
1737 3345 1822 3414 epi

1965 3345 2052 3398 his
2091 3359 2212 3414 cap.
2257 3345 2282 3398 i
2321 3362 2336 3398 :
2367 3345 2641 3416 Θεόδωρος
2683 3348 2712 3399 ὁ
2747 3347 2846 3416 τῆς
2899 3346 3114 3398 Ῥαῖθοῡ
3148 3351 3519 3420 πρεσΰύτερος

269 3446 398 3514 περὶ
431 3445 537 3495 τῶν
565 3442 686 3494 καθ’
723 3443 868 3512 ἡμᾶς
903 3439 1080 3508 ὀρθῶν
1102 3440 1201 3507 τῆς
1224 3436 1481 3506 ἀληθείας
1501 3435 1788 3506 δογμάτων
1820 3434 2108 3502 θεολογῶν,
2144 3435 2280 3506 φησί
2313 3453 2327 3466 ο
2360 3435 2470 3489 Τοῦ
2495 3436 2565 3488 δὲ
2593 3437 2887 3506 σώματος.
2923 3440 3016 3491 καὶ
3054 3440 3122 3493 τὰ
3165 3441 3312 3509 ἑξῆς.
3360 3441 3521 3497 Theo-

267 3535 425 3588 dorus
453 3534 740 3588 Baitltenus
770 3531 1038 3602 presbyter
1069 3530 1132 3583 de
1161 3530 1312 3582 rectis
1349 3530 1583 3583 veritatis
1611 3527 1939 3597 dogmatibus
1969 3527 2252 3582 edisserens
2277 3529 2559 3582 secundum
2594 3545 2706 3590 nos,
2747 3533 2824 3584 ait
2857 3547 2876 3584 :
2903 3530 3160 3602 Corporis
3208 3548 3360 3594 vero,
3408 3543 3514 3594 etc.

271 3632 383 3686 Iloc
441 3645 680 3700 quoque
708 3629 760 3682 in
802 3627 1035 3681 dubium
1079 3624 1318 3680 vertitur
1355 3639 1424 3678 an
1469 3623 1745 3678 Theodori
1778 3621 1850 3675 sit
1879 3638 1892 3674 :
1921 3637 2159 3691 namque
2192 3633 2491 3678 annotatur
2516 3622 2570 3675 in
2623 3623 2870 3693 margine
2901 3641 2914 3677 :
2945 3625 3042 3676 Ἔν
3079 3641 3186 3678 τισι
3225 3623 3453 3694 β.6λὶοις
3482 3631 3516 3698 ἡ

268 3724 548 3793 ἐπιγραφὴ
593 3722 684 3774 τὸν
739 3719 1091 3774 ’Δναστάσιον
1133 3717 1246 3786 ἔχει
1269 3732 1282 3746 ·
1315 3715 1379 3770 In
1408 3713 1718 3785 quibusdam
1739 3712 1823 3765 [ibt

1958 3713 2181 3783 tscriptio
2213 3715 2496 3768 Anastasio
2525 3715 2726 3768 tribuit.
2771 3712 3012 3767 Adverte
3059 3721 3267 3780 tamen,
3319 3715 3513 3780 lector,

269 3824 384 3868 tum
437 3816 540 3869 hoc
587 3814 656 3868 de
708 3810 1078 3883 dogmatibus.
1128 3817 1244 3863 tum
1289 3805 1566 3876 superius,
1605 3803 1911 3858 orationem
1953 3817 2151 3872 nempe
2199 3803 2582 3872 dogmaticam,
2627 3817 2798 3856 unum
2851 3802 3110 3872 idemque
3145 3819 3285 3874 opus
3323 3803 3514 3864 fuisse,

265 3925 444 3978 neque
474 3909 752 3963 diversum
790 3906 860 3961 ah
885 3921 974 3968 eo,
1007 3903 1153 3973 quod
1201 3918 1231 3956 a
1259 3901 1506 3956 Balforeo
1529 3898 1716 3954 Graece
1744 3907 1802 3952 et
1823 3897 2017 3951 Latine
2049 3899 2258 3952 editum
2287 3906 2392 3963 est,
2417 3897 2568 3968 quod
2594 3913 2660 3952 ex
2692 3897 2966 3968 principio
2989 3899 3176 3966 Operis
3201 3899 3420 3970 colligo.
3449 3899 3516 3956 Et

266 4001 473 4058 Vecrus
504 4003 619 4072 ipse
646 4001 700 4054 in
739 3997 1074 4070 epigraphis,
1111 4011 1232 4065 cap.
1271 3996 1302 4049 7
1331 4009 1399 4048 ex
1431 4000 1664 4046 tractatu
1693 3992 1768 4046 De
1791 3991 1821 4045 Ι]

1956 3989 2171 4044 natione
2209 3992 2536 4045 sententiam
2575 3991 2756 4045 affert.
2798 3990 3072 4061 Θεόδωρος
3098 3992 3126 4043 ὁ
3153 3991 3253 4059 τῆς
3293 3990 3511 4044 Ῥαῖθοῦ

261 4099 630 4168 πρεσόὲτερος
657 4099 712 4148 ἐν
741 4091 823 4156 οἷς
849 4093 1048 4165 γράφει
1081 4089 1544 4162 προπαρασκευήν
1567 4105 1628 4140 τε
1663 4090 1756 4141 καὶ
1785 4086 2093 4156 γυμνασίαν
2131 4086 2208 4156 τῷ
2248 4086 2554 4157 βουλομένῳ
2602 4086 2792 4156 μαθεῖν
2823 4082 2922 4170 τίς,
2951 4087 2979 4138 ὁ
3011 4087 3210 4154 τρόπος
3244 4087 3342 4155 τῆς
3365 4087 3513 4146 Θείας

262 4189 755 4260 ἐνανθρωπήσεως,
781 4177 840 4238 οὗ
867 4187 899 4254 ἡ
928 4181 1092 4254 ἁρχὴ,
1125 4183 1386 4235 Ἄτοπον
1419 4174 1578 4246 οἶμαι
1607 4175 1705 4230 καὶ
1732 4193 1817 4229 κα.

1965 4194 2030 4246 γε
2068 4176 2241 4229 τοῦτο
2273 4177 2578 4243 νενόμικα.
2618 4173 2910 4228 Theodorus
2937 4173 3223 4228 Raithcnus
3245 4177 3511 4247 presbyter

258 4281 490 4336 scribens
510 4277 951 4348 prwparatione-m
979 4283 1025 4327 et
1067 4272 1511 4332 exercitationem,
1548 4271 1778 4340 cupienti
1805 4269 2074 4322 addiscere
2110 4269 2319 4322 modum
2348 4267 2750 4332 incarnationis,
2783 4266 2932 4336 cujus
2967 4267 3283 4338 principium
3309 4283 3328 4320 :
3356 4269 3512 4322 Ἀτο-

261 4390 366 4425 πον
394 4367 566 4438 οἶμαι.
599 4368 667 4422 Et
702 4365 870 4419 verba
894 4379 962 4418 ex
983 4363 1090 4416 hoc
1111 4375 1278 4430 opere
1300 4359 1536 4414 adducta
1562 4359 1755 4440 eadem
1785 4369 1914 4412 sunt
1941 4374 2064 4427 qua:
2101 4373 2268 4426 supra
2301 4355 2606 4411 adduxerat
2633 4372 2700 4409 ex
2723 4357 2972 4412 oratione
3003 4357 3150 4412 illius
3179 4358 3507 4430 dogmatica.

263 4466 403 4520 llinc
437 4462 674 4531 primum
705 4458 902 4522 infero,
926 4455 1074 4511 edita
1111 4469 1139 4507 a
1171 4451 1440 4513 Balforeo,
1478 4467 1508 4504 a
1540 4451 1826 4505 nonnullis
1854 4451 2142 4514 Anastasm
2174 4465 2394 4518 quoque
2429 4449 2626 4514 tribui;
2659 4448 2985 4510 secundum,
3021 4457 3314 4504 tractatum
3357 4451 3508 4504 illum

261 4557 328 4609 de
367 4551 714 4622 dogmatibus
759 4556 816 4602 et
867 4547 1170 4601 orationem
1205 4544 1377 4612 ipsam
1423 4541 1787 4611 dogtnaticam
1821 4556 1987 4595 unum
2033 4555 2173 4609 opus
2218 4539 2426 4604 luisse;
2477 4539 2724 4604 tertium,
2776 4542 3064 4594 tracla'tum
3117 4540 3268 4601 illum
3311 4541 3510 4596 multas

261 4654 448 4716 partes
479 4643 532 4696 in
557 4658 614 4696 se
647 4641 928 4702 habuisse,
957 4647 1012 4692 ct
1034 4654 1098 4691 ex
1127 4635 1194 4689 iis
1225 4649 1390 4686 uuam
1428 4643 1638 4686 tantum
1680 4631 2052 4702 promulgasse
2085 4629 2417 4685 Balforeum.
2451 4680 2454 4682 γ

335 4755 616 4826 Laudatur
641 4753 770 4808 item
797 4752 1042 4821 ejusdem
1077 4749 1256 4804 oratio
1285 4749 1528 4802 secunda
1553 4747 1629 4800 De
1665 4746 2002 4817 indescripto,
2061 4748 2196 4818 Περὶ
2221 4747 2528 4818 ἀγράπτου.
2577 4749 2791 4805 Veccus
2829 4749 2884 4802 in
2911 4751 3250 4822 epigrapbis,
3281 4769 3404 4824 cap.
3435 4758 3503 4810 ’ἵε

258 4850 536 4918 Θεόδωρος
577 4848 606 4899 ὁ
654 4850 750 4916 τῆς
803 4843 1015 4896 Ῥαῖθοῦ
1073 4839 1443 4910 πρεσϐύτερος
1485 4843 1542 4892 ὲν
1587 4839 1663 4910 τῷ
1709 4841 1836 4910 περὶ
1877 4841 2163 4910 ἀγράπτου
2203 4839 2443 4910 δευτέρῳ
2485 4839 2650 4910 λόγῳ,
2689 4833 2750 4892 οὗ
2789 4843 2822 4910 ἡ
2851 4843 3016 4913 ἁρχὴ,
3049 4843 3251 4898 Πάντα
3315 4845 3506 4914 τολμᾷ

258 4943 512 5013 γλῶσσα
559 4942 754 4994 δολία.
795 4939 1090 4993 Theodorus
1121 4935 1410 4990 Baitheuns
1451 4935 1718 5005 presbyter
1761 4937 1818 4988 in
1860 4933 2090 4989 secunda
2133 4936 2370 4992 oratione
2416 4933 2494 4988 De
2522 4934 2838 5005 indescripto
2869 4937 2946 5004 (‘5)
2985 4937 3136 5006 cujus
3161 4939 3500 5008 principium,

157 5032 163 5036 ’
257 5033 408 5088 Nihil
435 5049 547 5087 non
569 5033 737 5086 audet
771 5030 961 5084 dolosa
985 5029 1190 5096 lingua.
1218 5026 1284 5079 Et
1316 5025 1412 5078 lih.
1445 5045 1460 5080 ι
1501 5025 1567 5078 ad
1601 5025 1712 5094 Sug

1944 5024 2226 5078 teodorum
2256 5023 2578 5092 episcopum
2613 5041 2626 5076 :
2672 5023 2728 5076 '0
2751 5025 2850 5094 τῆς
2889 5024 3106 5078 Ῥαἲθοῦ
3131 5027 3499 5096 πρεσϐύτερος

258 5132 559 5197 Θεόδωρος,
577 5131 606 5181 ὁ
634 5127 1132 5196 δογματικὼτατος,
1169 5123 1228 5174 ἐν
1253 5122 1326 5188 τῳ
1353 5122 1482 5190 περὶ
1513 5125 1796 5190 ἀγράιπτου
1827 5119 1969 5186 λόγῳ
1997 5119 2162 5171 αὑτοῦ
2201 5118 2438 5187 δευτέρῳ
2465 5117 2608 5170 οὕτω
2644 5118 2809 5187 φησίν
2835 5134 2847 5147 ·
2886 5119 3144 5188 Οἴδαμεν
3161 5114 3256 5174 οἶα
3277 5119 3496 5186 λέγειν,

259 5223 356 5277 καὶ
383 5221 624 5292 τᾱ,ὲξῆς.
680 5220 968 5274 Raitlzenus
1007 5215 1274 5288 presbyter
1317 5213 1612 5268 Theodorus
1655 5215 1712 5265 in
1753 5211 1978 5266 secunda
2015 5228 2112 5266 sua
2149 5211 2388 5265 oratione
2409 5208 2486 5262 De
2529 5209 2844 5280 indescripto
2879 5211 3006 5264 dicit
3029 5229 3046 5266 :
3069 5212 3284 5268 Scimus
3318 5213 3498 5279 qualia

336 5399 702 5470 (5)1nscripto
741 5397 830 5450 hic
853 5407 910 5470 et
934 5411 1086 5470 mox.
1109 5395 1303 5470 scribit
1337 5394 1596 5470 Allatius;
1643 5392 1736 5470 sed
1773 5391 2438 5470 tamenndicendumesse
2468 5390 2652 5470 potius
2675 5387 2989 5460 indcscripto
3026 5392 3410 5470 cognoscitur,
3439 5403 3500 5444 ut

262 5459 418 5541 puto',
441 5485 508 5523 cx
537 5459 688 5541 edito
717 5485 748 5520 a
779 5467 940 5541 nobis
975 5465 1339 5541 antirrhetico
1373 5464 1536 5541 1,953,
1561 5461 1894 5530 patriarchae
1933 5461 2222 5530 Νῆα-μὴοιί
2252 5463 2516 5516 adversus
2547 5459 2950 5530 Copronytnuin
2977 5475 2991 5524 ;
3023 5475 3132 5530 quo
3171 5461 3292 5517 loco
3328 5460 3498 5517 etiam

267 5533 613 5593 nominantur
639 5537 881 5590 lueretiei
908 5536 1349 5605 Agraptodocela:
1380 5533 1462 5588 .A.
1495 5533 1562 5584 Μ.

549 5631 818 5689 ΡΑτιιοι..
863 5630 976 5687 Gn.
1019 5627 1163 5685 XCI.
2961 5621 3040 5682 [ιτ
