3938 6148
282 159 419 231 1485

1549 152 1647 220 DE
1686 152 2278 218 lNCABNATIONE.

3380 153 3518 221 1486

277 283 435 349 φαίου
458 279 563 332 τῶν
585 275 1184 342 ἀποστέλων,Ἔτοψοι
1213 268 1503 340 γενώμεοα
1523 267 1671 335 πρὸς
1697 268 1846 321 ἁπο-

1955 271 2364 339 satisfactionem
2391 271 2532 324 omni
2552 271 2780 341 poscenti
2818 285 2911 323 nos
2945 271 3202 323 rationem
3222 268 3286 322 de
3308 283 3371 322 ea
3402 280 3520 339 qua:

275 364 491 438 ,ιοᾷνίαν
528 369 617 424 ἀεὶ
651 409 667 431 ,
698 368 877 421 παντὶ
908 366 988 431 τῷ
1020 364 1281 420 αίτοῦντι
1315 361 1474 433 ἡμᾶς
1491 364 1677 431 λόγον
1710 363 1843 428 περὶ

275 460 384 529 τῆς
410 462 479 515 ἐν
493 460 637 528 ἡμῖν
661 457 933 523 ἐλπίδος,
955 457 1105 526 μετὰ
1136 457 1473 525 πραΰτητος
1500 454 1596 508 καὶ
1628 455 1840 521 φόϐου,

275 553 638 619 συνείδησιν
660 550 906 618 ἔχοντες
930 549 1179 617 ἀγαθήνο
1202 547 1290 599 ἵνα
1326 545 1385 598 ἓν
1417 545 1526 600 τῶν
1569 545 1846 614 ὁποτέρων

276 646 494 706 πάντως
518 644 650 711 ἡμῖν
687 639 908 711 ὑπάρξῃ
937 639 1030 692 διά
1071 638 1172 708 τῆς
1222 635 1478 705 τοιαύτης
1531 634 1844 699 ἀξιεπαίνου

277 734 536 803 σπουδῆς,
567 734 600 803 ἢ
631 732 691 785 τὸ
723 730 917 794 σώζειν
954 730 1080 792 τοὺς
1111 726 1554 796 ἀποδιορίζοντας
1595 725 1843 785 ἑαυτοὺς.

275 825 371 877 καὶ
399 825 464 876 ὲκ
495 824 595 892 τῆς
626 825 868 891 πονηρᾶς
900 820 1225 889 διακρίσεως
1248 814 1448 886 ταύτης
1466 817 1662 878 αὐτοὺς
1691 815 1847 886 ἐξαρ-

276 914 490 977 πάζειν,
531 910 677 964 καθά
719 910 1030 980 παραινεῖὸ
1067 906 1186 959 κατ’
1213 904 1445 975 ἐπίκλην
1483 900 1709 971 ἀδελφὸς
1751 901 1845 955 τοῦ

277 1001 483 1069 Κυρίου
517 1016 532 1032 ’
557 1000 591 1068 ἢ
635 1000 684 1051 εί
725 998 801 1068 μὴ
860 995 1055 1057 τοῦτο,
1093 995 1197 1048 κᾶν
1239 992 1620 1064 ἀπορράπτειν
1666 990 1846 1044 αὐτῶν

278 1097 454 1161 στόμα
487 1093 600 1154 τοῖς
626 1091 857 1152 δικαίοις
882 1088 1145 1157 ἐλέγχοις,
1182 1086 1257 1148 ὡς
1304 1084 1439 1156 μηδὲ
1468 1084 1660 1153 καιρὸν
1702 1082 1847 1152 ἔχειν

277 1186 475 1248 αὐτοὺς
522 1180 950 1255 ἀθυρογλωττεῐν
998 1177 1142 1232 κατὰ
1204 1178 1303 1245 τῆς
1356 1175 1638 1245 ἀληθείας.
1683 1176 1748 1227 Ὀ
1789 1173 1848 1227 δὲ

273 1275 483 1328 τούτων
533 1269 860 1342 τιμιώτερόν
905 1285 965 1321 τε
1002 1269 1098 1321 καὶ
1141 1266 1345 1338 μεῖζον,
1383 1265 1471 1318 ινα
1506 1266 1669 1334 ἡμεῖς
1694 1263 1850 1317 αὐτοὶ

277 1366 636 1434 γινώσκωμεν
688 1363 783 1414 καὶ
830 1356 1376 1429 πεπληροφορήμεθα
1409 1355 1494 1424 ἐφ’
1524 1356 1613 1425 of;
1666 1354 1851 1408 πίστει

277 1458 588 1527 ἑστήκαμεν
618 1453 711 1507 καὶ
738 1452 1090 1521 καυχώμεθα,
1128 1447 1635 1520 παῤῥησιαζόμενοί
1664 1461 1722 1500 τε
1756 1447 1850 1499 καὶ

277 1544 865 1616 έλευθεροστομοῦντες
919 1546 983 1614 τῇ
1035 1542 1207 1610 αὐτῆς
1258 1539 1539 1610 ὁμολογίᾳ,
1569 1532 1631 1593 οὗ
1687 1542 1850 1609 χάριν

1945 363 2000 414 in
2023 363 2166 415 nobis
2193 372 2267 414 est
2294 377 2402 430 spe,
2430 378 2547 415 cum
2563 362 2817 416 modestia
2842 371 2889 415 et
2918 362 3123 427 timore,
3148 362 3518 415 conscientiam

1945 451 2190 504 habentes
2221 451 2416 504 bonum
2452 452 2475 489 δ
2512 468 2526 503 :
2560 458 2619 503 ut
2648 451 2754 505 hoc
2777 449 3042 504 laudabili
3072 449 3258 504 studio
3284 449 3519 503 alterum

1945 543 2183 596 duorum
2207 540 2434 596 oumino
2459 556 2836 611 assequamur,
2853 549 2914 597 ut
2944 541 3030 596 vel
3063 556 3161 596 eos
3180 541 3362 595 salvos
3395 535 3519 595 reda

1946 632 2143 687 damus
2161 631 2594 700 quisemetipsos
2633 640 2918 703 segregant
2940 640 3046 686 eta
3072 631 3213 685 mala
3262 644 3512 699 segrega-

1950 727 2096 780 tione
2120 740 2239 791 eos,
2268 734 2526 794 tanquam
2543 725 2749 795 exigue
2773 732 2991 793 ereptos
3024 722 3320 793 rapiamus,
3348 728 3410 776 ut
3429 719 3519 774 ille

1946 813 2042 884 qui
2081 815 2250 868 frater
2296 810 2514 870 Domini
2541 825 2785 878 vocatur,
2818 817 3119 871 admoueth
3155 832 3169 869 :
3200 825 3295 871 aut
3334 816 3380 869 si
3410 830 3519 871 non

1948 903 2072 968 hoc,
2099 916 2161 959 os
2180 918 2372 959 eorum
2389 905 2580 959 saltem
2606 906 2770 976 justis
2786 906 3122 977 argumentis
3147 903 3521 970 obstruamus.

1948 1003 2145 1049 utnon
2175 995 2415 1050 habeant
2467 1007 2685 1066 tempus
2730 998 2951 1053 laxandi
2987 1012 3050 1051 os
3088 1007 3282 1052 contra
3328 998 3522 1053 Eccle-

1949 1087 2124 1152 siam;
2159 1094 2217 1140 et
2242 1086 2391 1155 quod
2426 1087 2623 1141 melius
2655 1102 2720 1141 ac
2770 1088 3125 1156 praestantius
3150 1095 3267 1152 est,
3304 1088 3384 1141 uti
3424 1101 3525 1141 nos

1951 1177 2057 1247 ipsi
2117 1189 2516 1249 cognoscamus
2549 1187 2605 1233 et
2644 1187 2802 1234 certo
2850 1180 3113 1247 sciamus,
3165 1180 3221 1234 in
3261 1194 3369 1250 qua
3417 1180 3523 1234 llde

1951 1279 2182 1332 stemus,
2215 1278 2269 1324 et
2294 1270 2595 1339 gloriemur
2618 1285 2738 1325 eam
2771 1271 3125 1326 conﬁtentes.
3155 1272 3232 1325 Ex
3257 1288 3369 1341 quo
3405 1271 3521 1335 ﬁat,

1951 1368 2013 1411 ut
2035 1373 2132 1413 eos
2164 1359 2260 1428 qui
2285 1359 2694 1423 contradicunt,
2728 1360 3091 1415 declinemus.
3134 1359 3526 1431 Coujecturam

1951 1463 2089 1503 vero
2137 1448 2302 1514 facio,
2346 1465 2471 1505 cum
2518 1451 2697 1505 aderit
2756 1460 2971 1521 tempus
3016 1452 3521 1518 remunerationis,

1953 1540 2235 1609 copiosius
2285 1556 2407 1596 esse
2456 1541 2895 1596 remunerandos
2926 1557 3044 1605 eos,
3098 1543 3193 1612 qui
3263 1545 3523 1608 scienter,

278 1639 403 1699 τοὺς
451 1600 648 1707 ταύτῃ.
676 1600 1086 1701 ἀντικειμένους
1131 1600 1611 1700 ἀποστρεφόμεθα.
1644 1600 1846 1696 2:01-61-

1955 1632 2109 1687 lirme
2146 1647 2211 1686 ac
2240 1639 2567 1687 constanter
2588 1633 2850 1703 pietatem
2891 1634 2948 1688 in
2997 1634 3167 1689 Deum
3207 1636 3523 1699 coluerunt,

279 1722 532 1799 ζομαιδὲ
576 1729 657 1780 ὅτι
706 1728 800 1779 καὶ
848 1724 988 1778 κατά
1033 1724 1125 1776 τὸν
1181 1722 1372 1792 καιρὸν
1417 1719 1516 1789 τῆς
1548 1717 1849 1772 ἀνταποδό-

282 1835 441 1881 σεως,
474 1816 674 1886 μείζων
694 1818 721 1869 6
755 1815 943 1885 μισθὸς
966 1814 1117 1866 ἔσται
1146 1813 1240 1865 καὶ
1285 1812 1319 1881 ὴ
1362 1808 1601 1878 ἀποδοχῇ
1648 1807 1850 1860 πλείων

279 1911 392 1970 τοῖς
438 1907 578 1978 μετά
626 1906 881 1975 γνώσεως
914 1902 1212 1975 ἐμμελοῦς,
1254 1900 1538 1972 ἀραρότως
1560 1899 1653 1953 καὶ
1688 1900 1850 1970 ἑδρα-

283 1998 495 2068 σμένως
528 1998 805 2068 ἐχομένοις
831 1996 931 2065 τῆς
961 1995 1264 2060 εὐσεϐείας,
1296 1995 1406 2049 τῶν
1436 1993 1623 2056 άπλῶς
1650 1994 1744 2045 καὶ
1775 1991 1851 2056 ὡς

282 2092 471 2162 [τυχεν
516 2093 580 2143 ὲκ
623 2088 1108 2159 πατροπαραδότου
1170 2086 1462 2158 συνηθείας
1504 2088 1564 2139 ὲν
1608 2088 1675 2155 τῇ
1711 2086 1849 2155 αὐτῇ

283 2184 462 2237 πίστει
490 2181 928 2251 γνωριζομένων.
963 2181 1026 2233 0i
1059 2179 1160 2249 μὲν
1183 2178 1292 2250 γάρ
1320 2177 1462 2231 κατά
1498 2175 1850 2247 συμϐεϐηκὸς

286 2277 469 2345 μόνον,
501 2276 550 2327 οἱ
573 2274 630 2328 δὲ
656 2273 752 2327 καὶ
778 2272 886 2326 ἀπὸ
904 2272 1140 2334 διανοίας
1165 2271 1260 2324 καὶ
1287 2269 1515 2340 γνώμης
1546 2266 1729 2322 πιστοὶ
1753 2283 1848 2336 γε-

284 2364 505 2435 γονότες
569 2366 919 2431 εὑρίσκονται
952 2380 968 2395 ·
1002 2363 1112 2426 ὡς,
1147 2360 1308 2431 εἴπερ
1365 2361 1558 2430 ἔτυχεν
1605 2359 1850 2423 ἐκείνους

282 2458 409 2520 τοὺς
441 2455 723 2527 ῥᾳθύμους
757 2456 852 2509 καὶ
879 2456 980 2508 ούκ
1009 2451 1392 2519 ὲξεταστικοὺς
1418 2451 1524 2504 ὑπὸ
1556 2449 1851 2522 αίρετικῶν

282 2550 487 2618 γονέων
538 2548 797 2619 ὑπάρξαι,
824 2547 1022 2599 οὐδ’ἀν
1059 2545 1384 2614 ἐφρόντισαν
1442 2543 1542 2612 τὴν
1589 2542 1852 2613 πατρῴαν

281 2639 603 2694 δυσσέόειαν
684 2636 1061 2692 ἀποδύσασθαι
1098 2652 1113 2666 ο
1175 2634 1321 2689 οὕτω
1399 2634 1851 2704 κατάγνωστονή

173 2785 176 2788 .
280 2731 514 2802 ἀμαθία,
550 2730 645 2784 καὶ⁸
698 2730 760 2783 τὸ
798 2730 874 2800 μὴ
922 2729 1097 2782 θέλειν
1134 2726 1486 2782 διδάσκεσθαι
1518 2743 1532 2757 ο
1563 2725 1653 2780 διὰ
1690 2724 1853 2779 τοῦτο

283 2822 377 2874 καὶ⁵
401 2821 617 2892 είρηται
644 2839 658 2851 ·
691 2820 918 2888 Σοφίαν
962 2818 1062 2871 καὶ
1101 2817 1379 2871 παιδείαν
1416 2821 1449 2871 ὁ
1492 2814 1850 2881 ἐξουθενῶν,

1950 1741 2115 1796 quam
2139 1726 2233 1796 qui
2269 1725 2694 1796 simpliciter,et
2728 1739 2957 1798 propter
2991 1742 3202 1783 morem
3232 1744 3262 1783 a
3301 1726 3526 1798 majori-

1949 1812 2055 1868 bus
2084 1815 2202 1869 suis
2236 1815 2497 1869 traditum
2552 1816 2609 1869 iu
2663 1816 2857 1871 eadem
2915 1815 3021 1873 tide
3068 1829 3216 1872 sunt.
3261 1819 3343 1872 Illi
3376 1818 3525 1873 enim

1951 1902 2147 1959 ﬁdeles
2188 1913 2572 1968 numerantur,
2608 1908 2739 1976 quia
2776 1921 2908 1962 casu
2949 1908 3129 1963 solum
3170 1909 3360 1965 ﬁdeles
3404 1925 3526 1965 esse

1951 2004 2397 2066 cognoscuntur;
2430 1995 2654 2062 bivero,
2691 2012 2815 2051 eum
2870 1990 3234 2069 intelligentia
3274 2010 3332 2055 et
3372 1999 3526 2071 judi-

1952 2086 2081 2140 cio:
2117 2093 2176 2139 ut
2213 2086 2325 2157 jam
2359 2087 2404 2141 si
2435 2087 2507 2142 ita
2531 2089 2830 2152 evenisset,
2857 2099 2919 2144 ut
2946 2090 3026 2145 illi
3061 2091 3303 2156 desides,
3351 2100 3407 2147 et
3432 2094 3526 2163 qui

1953 2177 2091 2233 nihil
2112 2178 2421 2249 inquirunt,
2448 2169 2514 2235 ἐι
2540 2180 2811 2236 haereticis
2839 2183 3160 2251 parentibus
3183 2184 3295 2237 nati
3317 2193 3525 2246 essent.

1951 2272 2091 2327 nihil
2121 2281 2409 2327 curassent
2463 2281 2747 2342 paternam
2792 2274 3131 2344 impietatem
3160 2292 3404 2343 exuere;
3440 2294 3529 2332 us—

1953 2380 2061 2434 que
2111 2364 2249 2420 adeo
2294 2374 2351 2420 et
2396 2365 2764 2435 vituperabile
2815 2376 2901 2421 est
2954 2367 3231 2438 ignorare,
3284 2377 3341 2423 et
3383 2370 3528 2423 nolle

1953 2456 2192 2520 discere,
2229 2456 2438 2512 idcirco
2490 2457 2627 2512 dicit
2660 2456 2949 2527 Scriptura
2987 2475 2999 2510 :
3048 2457 3150 2524 Qui
3208 2461 3528 2531 sapientiam

1952 2556 2004 2601 et
2024 2547 2357 2618 disciplinam
2383 2550 2605 2618 spernit,
2639 2550 2829 2612 miser;
2883 2550 2975 2619 qui
3003 2566 3124 2603 vero
3173 2560 3322 2605 amat
3365 2552 3526 2605 disci—

1953 2637 2179 2707 plinam,
2243 2639 2469 2692 inveniet
2528 2640 2874 2709 cognitionem
2924 2657 3042 2694 cum
3092 2641 3308 2711 justitia
3342 2642 3383 2694 ί.
3455 2641 3527 2698 Ut

1953 2736 2137 2783 autem
2165 2728 2346 2783 facilia
2370 2728 2503 2786 ﬂant
2532 2730 2729 2784 lectori
2752 2730 2915 2801 hujus
2946 2731 3071 2785 libri
3095 2747 3161 2786 ea
3186 2748 3307 2801 quae
3333 2739 3529 2787 contra

1953 2818 2301 2873 adversarios
2325 2818 2607 2883 dicuntur,
2640 2820 2819 2875 visum
2839 2829 2924 2875 est
2952 2823 3328 2877 necessarium
3353 2836 3529 2891 pauca

283 2912 659 2976 ταλαίπωρος
682 2927 698 2943 ·
744 2913 776 2963 ό
832 2907 900 2961 δὲ
945 2906 1194 2976 ἀγαπῶν
1243 2908 1541 2971 παιδείαν,
1605 2904 1851 2974 εὑρήσει

1955 2909 2204 2978 quaedam
2264 2910 2333 2964 ad
2389 2911 2750 2980 aperiendum
2798 2910 3010 2966 aditum
3064 2914 3346 2979 scribere,
3402 2913 3529 2967 inde

284 2999 510 3070 γνῶσιν
541 3000 693 3069 μετὰ
738 2999 1151 3064 δικαιοσύνης.
1203 2997 1321 3050 Ἵνα
1365 2998 1422 3051 δὲ
1471 2996 1718 3066 εὔληπτα
1755 2997 1851 3066 γέ-

1961 3001 2237 3071 principio
2269 3011 2489 3072 sumpto
2526 3019 2540 3056 :

284 3109 442 3162 νηται
473 3093 639 3144 παντὶ
666 3091 744 3161 τῷ
765 3090 1146 3159 ἐντυγχάνοντι
1190 3088 1268 3157 τῷ
1308 3088 1654 3159 προκειμένῳ
1709 3091 1984 3161 πονήματι
2025 3092 2093 3144 τά
2141 3093 2278 3162 πρὸς
2319 3094 2447 3156 τοὺς
2473 3092 2541 3145 δι’
2572 3093 2823 3172 ἐναντίας
2884 3094 3172 3165 λεγόμενα,
3206 3093 3378 3165 μικρά
3411 3107 3531 3146 τινα

285 3182 420 3255 πρὸς
464 3181 775 3251 εἰσαγωγὴν
828 3180 1082 3243 συντάξαι
1139 3180 1435 3246 ἀναγκαῖον
1481 3179 1709 3247 ἐνόμισα
1737 3218 1751 3243 ,
1778 3174 1846 3251 ἦς
1885 3181 1979 3233 καὶ
2006 3181 2333 3252 ἀρχόμενος,
2360 3181 2505 3236 οὕτω
2530 3183 2675 3254 φημί
2706 3199 2722 3215 ’

806 3299 961 3360 Δόξα
1001 3296 1326 3360 Μάνεντος.

236 3396 241 3401 “
350 3416 543 3486 Μάνης
574 3417 602 3469 6
632 3413 728 3467 τοῦ
763 3413 1042 3467 άντιθὲτου
1076 3413 1299 3475 σκότους
1346 3411 1644 3483 ὲφευρετὴς
1669 3452 1684 3474 ,
1718 3409 1854 3481 μᾶλ-

283 3509 372 3561 λον
403 3509 460 3561 δὲ
490 3510 587 3579 τῆς
618 3506 870 3572 ἐξουσίας
919 3503 1014 3557 τοῦ
1063 3504 1287 3566 σκότους
1332 3503 1682 3573 ἀνάπλασμα,
1719 3520 1853 3570 φαν-

282 3598 444 3667 τασίᾳ
470 3597 603 3666 ψιλῇ
636 3597 728 3647 καὶ
759 3596 997 3664 σχήματι
1032 3594 1262 3663 διακένῳ
1295 3591 1547 3662 σώματος
1574 3590 1671 3645 ἀνθ
1683 3590 1856 3661 ρωπί-

283 3707 372 3742 νου
391 3731 407 3755 ,
436 3684 855 3756 πεφανερῶσθαι
903 3684 993 3737 τὸν
1024 3684 1229 3753 Κύριον
1263 3680 1574 3751 ὲφαντάσθη
1601 3681 1677 3744 ὡς
1726 3681 1858 3750 ἀλη-

283 3780 391 3842 θῶς
431 3779 524 3832 καὶ
575 3776 910 3846 ὠνείρωξεν,
951 3774 1114 3839 ὥστε,
1154 3775 1306 3843 φησι,
1343 3774 1435 3826 καὶ
1491 3774 1720 3842 πάσχειν
1770 3773 1857 3824 6o-

286 3873 400 3925 κεῖν
444 3870 606 3923 αύτδν
659 3869 752 3922 καὶ
799 3866 1097 3937 πράττειν,
1143 3864 1285 3934 άπερ
1320 3864 1448 3933 ἔδρα
1497 3865 1591 3917 καὶ
1622 3863 1857 3917 πέπονθε

287 3962 592 4031 καθ’ὴμᾶς,
616 3960 778 4031 μηδὲν
816 3960 872 4012 δὲ
928 3957 1129 4009 τούτων
1174 3957 1458 4025 πράγματι
1495 3956 1590 4008 καὶ⁸
1634 3955 1858 4025 ἀληθείᾳ.

2492 3297 2680 3370 Opinio
2707 3298 3006 3354 Manio/tati.

2031 3409 2360 3465 Mauichzeus
2410 3408 2670 3463 inventor
2710 3410 3062 3464 tenebrarum
3102 3409 3527 3475 contrariarum,

1963 3503 2073 3555 imo
2105 3509 2423 3572 apotestate
2468 3502 2824 3555 tenebrarum
2858 3500 3186 3565 instructus,
3239 3503 3395 3557 ﬁnxit
3435 3513 3530 3558 aut

1963 3593 2281 3657 somniavit,
2308 3592 2627 3662 apparuisse
2657 3590 2950 3646 Dominum
2980 3590 3320 3662 phantastice
3351 3595 3528 3649 solum

1963 3691 2019 3738 et
2050 3684 2198 3738 inani
2242 3684 2414 3753 ﬁgura
2446 3685 2697 3753 corporis
2728 3671 2954 3739 hu'maui
2983 3702 2996 3747 ;
3030 3686 3103 3739 ita
3138 3692 3198 3739 ut
3228 3684 3528 3748 videretur,

1965 3774 2167 3843 inquit,
2205 3775 2336 3843 pati,
2368 3784 2424 3829 et
2451 3790 2613 3845 agere
2640 3789 2762 3845 quae
2793 3774 3009 3845 agebat,
3061 3782 3116 3828 et
3151 3790 3345 3844 passus
3386 3789 3530 3835 esse.

1962 3868 2106 3921 sicut
2133 3884 2267 3932 nos;
2292 3865 2431 3921 nihil
2448 3866 2637 3922 tamen
2675 3867 2856 3935 reipsa
2878 3875 2934 3920 et
2960 3867 3195 3921 veritate
3225 3866 3527 3929 exstitisse,

1969 3959 2064 4015 sed
2100 3957 2280 4014 visum
2312 3976 2434 4015 esse
2467 3967 2700 4022 tantum.
2728 3969 2786 4014 et
2807 3960 2889 4014 sic
2917 3959 3048 4013 falsa
3081 3960 3264 4028 specie
3295 3957 3533 4014 illusisse

283 4056 540 4127 ὑπάρξαι,
568 4053 700 4107 ἀλλὰ
716 4052 931 4119 δοκήσει
959 4049 1118 4120 μόνον
1146 4050 1236 4101 καὶ
1258 4047 1441 4119 ἀπάτῃ
1478 4046 1851 4101 ἀποσουκολεῐι

1967 4050 2305 4117 hominibus,
2331 4067 2456 4107 eum
2487 4052 2689 4121 quibus
2725 4051 2934 4107 versari
2971 4050 3285 4121 putabatur.
3325 4050 3535 4106 Idcirco

283 4150 407 4211 τοὺς
460 4145 813 4216 ἀνθρώπους,
848 4137 931 4207 οἷς
985 4143 1077 4195 καὶ
1128 4138 1595 4208 συνανεστράφθαι
1650 4139 1851 4207 νενόμι-

1968 4157 2077 4195 non
2102 4143 2219 4195 vult
2243 4141 2425 4197 dicere
2450 4142 2506 4195 in
2540 4142 2771 4195 Domino
2787 4141 2923 4195 duas
2946 4148 3192 4201 naturas.
3215 4139 3308 4194 sed
3346 4154 3531 4202 unam.
3570 4148 3573 4153 '

201 4244 205 4250 '
286 4256 428 4291 σται.
461 4239 554 4290 Διά
572 4237 727 4290 τοῦτο
751 4233 951 4288 καὶδύο
979 4233 1166 4300 φύσεις
1195 4233 1531 4302 παραιτεῖται
1559 4229 1736 4297 λέγειν
1769 4228 1851 4281 ὲπῖ

1970 4232 2183 4287 scilicet
2205 4233 2543 4299 divinitatis;
2568 4232 2695 4303 quia
2714 4231 2891 4302 ﬁgura
2920 4231 3010 4286 illa
3045 4232 3111 4286 ad
3132 4229 3427 4285 fallendum
3458 4232 3532 4285 si-

281 4331 375 4383 τοῦ
439 4329 663 4399 κυρίου,
727 4326 862 4381 ἀλλὰ
914 4325 1043 4395 μίαν
1074 4324 1170 4395 τὴν
1216 4324 1312 4393 τῆς
1367 4322 1634 4391 θεότητος,
1665 4320 1740 4384 ὡς
1772 4320 1851 4374 ἆτι

1972 4324 2197 4387 mulata,
2224 4324 2445 4395 indigna
2473 4324 2755 4395 videretur
2777 4323 3000 4378 nomine
3024 4331 3234 4377 natura:
3258 4321 3530 4376 humanae.

278 4421 375 4472 τοῦ
406 4419 872 4488 πεφενακισμένου
904 4416 1135 4487 [ἐκείνου
1168 4415 1462 4484 σχήματος,
1497 4412 1572 4481 μὴ
1604 4409 1857 4479 ἀξιουμέ-

281 4508 398 4580 νου]
434 4511 563 4578 παρ*
588 4507 754 4561 αὐτοῦ
811 4506 1121 4577 ἀνθρωπίνη
1174 4503 1335 4573 φύσις
1374 4500 1856 4572 κατονομάζεσθαι.

625 4622 782 4686 Δόξα
811 4622 1056 4676 Παύλου
1096 4615 1509 4687 Σαμοσατέως.

2305 4606 2497 4679 Opinio
2518 4605 2678 4661 Pauli
2698 4603 2768 4662 Sa
2778 4605 3108 4660 motatensis.

354 4735 563 4799 Παῦλος
608 4736 666 4789 δέ
700 4752 787 4797 τις
820 4734 997 4803 τούτῳ
1032 4732 1109 4801 τῷ
1145 4732 1384 4786 Μάνεντι
1415 4730 1716 4800 σύγχρονος
1764 4743 1851 4797 γε·

2035 4720 2239 4776 Paulus
2268 4718 2517 4790 quidam,
2553 4719 2647 4789 qui
2681 4718 2787 4773 fuit
2808 4727 2967 4773 aetate
2995 4713 3299 4780 Manichaei,
3334 4730 3536 4786 genere

280 4825 490 4893 γονὼς,
528 4824 879 4894 Σαμοσατευς
937 4824 1035 4892 μὲν
1080 4821 1141 4874 τὸ
1185 4821 1363 4888 γένος,
1412 4820 1744 4887 Ἀντιοχείας
1801 4817 1851 4870 δὲ

1960 4812 2386 4887 Samos_ateusis,
2412 4812 2707 4881 episcopus
2734 4820 2916 4865 autem
2943 4809 3250 4865 Antiochiae
3274 4808 3327 4862 in
3353 4806 3533 4879 Syria.

282 4918 380 4987 τῆς
415 4918 617 4988 Συρίας
646 4915 927 4984 πρόεδρος,
955 4913 1110 4982 item
1136 4912 1420 4981 ἄνθρωπον
1446 4904 1581 4962 εἶναι
1622 4912 1714 4963 τὸν
1746 4907 1857 4962 Κύ-

286 5025 400 5077 ριον
432 5008 820 5076 ὲδυσφήμησεν
854 5021 869 5037 ο
918 5004 1107 5073 ὥσπερ
1128 5003 1184 5055 δὲ
1224 5004 1303 5064 εἰς
1332 5002 1561 5053 ἕκαστον
1590 5000 1701 5052 τῶν
1730 5016 1858 5069 προ-

284 5102 490 5171 φητῶν,
521 5099 664 5152 οὕτω
691 5100 785 5151 καὶ
812 5099 869 5149 ὲν
899 5095 1047 5164 αὐτῴ
1071 5093 1326 5162 γενέσθαι
1370 5092 1463 5144 τοῦ
1508 5088 1646 5143 Θεοῦ
1677 5088 1853 5157 Λόγου

281 5190 381 5261 τὴν
407 5178 654 5261 οἴκησιν·
690 5187 844 5240 ἔνθεν
863 5188 957 5241 καὶ
988 5186 1084 5238 δύο
1111 5185 1302 5255 φύσεις
1336 5181 1680 5253 διῃρημένως
1695 5178 1852 5249 ἐχούο

286 5299 385 5345 σας
429 5283 523 5334 καὶ
568 5268 981 5348 ἀκοινωνήτους
1018 5276 1154 5347 πρὸς
1208 5274 1407 5336 ἑαυτὰς
1466 5269 1605 5324 εἶναι
1654 5271 1857 5324 παντά-

291 5390 453 5427 πασιν
487 5376 544 5426 ὲν
584 5371 661 5443 τῷ
688 5369 928 5440 Χριστῷ,
964 5369 1124 5422 ἄλλου
1172 5367 1323 5428 ὄντος
1369 5362 1537 5417 αὐτοῦ
1591 5362 1685 5415 τοῦ
1724 5364 1856 5430 Χρι-

357 5532 383 5573 ⁶
416 5530 438 5587 ι
478 5531 624 5585 Petr.
661 5542 741 5591 ιιι,
794 5528 880 5590 l3,
928 5524 1009 5578 l6.
1087 5524 1112 5562 ῑι
1142 5522 1269 5578 Jud.
1308 5521 1389 5573 l9.
1476 5522 1485 5557 ξ
1523 5517 1650 5585 Sap.
1690 5532 1772 5581 ιιι,
1810 5516 1887 5573 Η,

1955 4904 2275 4973 blaspheme
2322 4904 2643 4974 praedicavit
2708 4916 2827 4957 esse
2883 4900 3175 4955 Dominum
3252 4899 3534 4953 hominem

1958 5004 2196 5060 tantum,
2224 5004 2281 5051 et
2309 4996 2589 5050 habitasse
2614 4993 2854 5049 Verbum
2888 4994 2942 5047 in
2964 5009 3031 5048 eo
3056 4991 3262 5046 sicutin
3284 4989 3534 5060 quolibet

1952 5102 2018 5141 ex
2040 5101 2274 5155 numero
2310 5086 2746 5155 prophetarum:
2786 5084 2931 5139 unde
2963 5083 3147 5138 aiebat
3195 5082 3334 5135 duas
3374 5089 3535 5134 uatu-

1960 5193 2048 5230 ras
2071 5154 2193 5231 esse
2222 5177 2279 5230 in
2309 5154 2532 5230 Christo
2565 5175 2794 5239 divisas,
2845 5175 2930 5229 vel
2984 5175 3104 5227 sine
3154 5172 3263 5226 ulla
3311 5171 3534 5241 penitus

1962 5268 2184 5321 iuterse
2218 5264 2648 5330 communione;
2709 5272 2966 5332 tanquam
2997 5263 3138 5315 alius
3163 5270 3310 5315 esset
3360 5258 3529 5314 Chri-

1963 5366 2101 5420 stus,
2134 5365 2191 5409 et
2221 5356 2360 5410 alius
2390 5354 2483 5423 qui
2535 5355 2591 5407 in
2635 5354 2754 5423 ipso
2779 5354 3059 5408 habitabat
3099 5353 3243 5406 Deus
3275 5350 3538 5405 Verbum.
