3938 6148
459 180 589 245 1487

1591 179 1945 241 THEUDUH
1958 184 1979 239 ι
2021 182 2174 240 ΒΗΛ
2185 181 2417 242 ITUEN
2426 184 2540 242 SIS

3591 187 3719 254 1588

454 301 545 355 llze
577 300 766 371 prima:
798 299 1038 370 origines
1072 314 1259 362 unam,
1282 309 1339 353 et
1370 297 1507 352 duas
1542 306 1766 352 naturas
1814 298 1869 351 in
1907 297 2023 351 Sal-

2138 299 2282 362 στοῦ,
2321 302 2415 352 καὶ
2470 300 2632 353 ἄλλου
2683 301 2777 355 τοῦ
2825 303 2883 355 ὲν
2933 303 3081 373 αὐτῷ
3132 302 3543 367 κατοικοῦντος
3589 304 3718 360 Θεοῦ

455 401 643 446 vatore
663 390 889 445 Christo
914 405 1082 461 prave
1118 398 1175 444 et
1216 389 1535 459 blaspheme
1562 387 1880 457 promendi.
1932 389 2026 443 Illa

454 484 858 539 humanitatem
887 481 1137 548 tollebat,
1166 481 1285 536 haec
1311 479 1681 536 divinitatem.

957 767 1149 838 Opinio
1179 765 1521 839 Apollinarii.
1624 744 1644 765 ⁸

520 888 642 943 Non
660 884 860 955 exiguo
881 890 1007 954 post
1032 891 1279 951 tempore
1306 880 1506 950 praesul
1542 877 1829 933 Laodicea:
1855 877 2027 949 Syriae

451 980 745 1036 maritimae
794 974 1171 1046 Apollinarius
1231 973 1307 1045 (6)
1357 972 1587 1026 alterius
1645 970 1870 1025 insania:
1916 969 2024 1024 fuit

452 1082 667 1127 auctor.
705 1069 842 1125 Cum
887 1066 1035 1121 enim
1071 1064 1262 1120 Ariani
1290 1079 1511 1118 carnem
1546 1061 1751 1117 Christi
1798 1060 2026 1115 omnino

451 1165 808 1219 inanimatam
839 1175 962 1215 esse
986 1158 1255 1222 dicerent,
1302 1155 1484 1209 aiebat
1520 1153 1893 1223 Apollinarius
1937 1167 2026 1208 as—

2131 389 2328 455 Λόγου.
2366 386 2535 444 Ait-rat
2569 392 2667 461 μὲν
2695 388 2788 446 οὖν
2813 394 2871 448 αί
2906 396 3122 465 πρῶται
3151 399 3290 463 (puni
3325 396 3428 449 τοῦ
3454 397 3559 466 τὴν
3596 399 3720 466 μίαν

2130 480 2295 545 φύσιν
2320 519 2335 543 ,
2363 482 2455 534 καὶ
2485 483 2586 545 τάς
2629 483 2723 537 δύο
2752 484 2939 548 κακῶς
2974 487 3068 539 καὶ
3095 486 3411 558 δυσφήμαις
3458 487 3719 554 λέγεσθαι

2131 574 2224 626 ἐπὶ
2278 573 2373 626 τοῦ
2420 574 2674 646 Σωτῆρος
2716 576 2955 647 Χριστοῦ
2993 592 3008 607 ·
3051 578 3112 631 τὸ
3154 578 3258 647 μὲν
3307 580 3399 631 ἐπ’
3430 579 3716 651 ἀναιρέσει

2129 663 2227 734 τῆς
2258 664 2699 736 ἀνθρωπότητος,
2723 666 2785 718 τὸ
2806 666 2862 718 δὲ
2883 666 2981 737 τῆς
3005 668 3282 740 θεότητος.

2588 766 2757 840 ’Δόξα
2807 777 3242 846 Ἄπολιναρίου.

2199 888 2410 958 Χρόνου
2455 888 2512 941 δὲ
2540 890 2601 941 ού
2647 889 2846 960 μικροῦ
2878 891 3163 960 προϊόντος
3208 874 3600 962 ’Ἀπολινάριός
3642 910 3717 957 τις

2130 977 2395 1047 πρόεδρος
2453 978 2745 1048 γενόμενος
2806 979 3129 1043 Λαοδικείας
3171 980 3277 1049 τῆς
3327 982 3561 1051 Συρίας,
3625 982 3721 1050 τῆς

2138 1070 2407 1140 παράλου,
2432 1071 2625 1140 ἑτέρας
2653 1071 3127 1142 ματαιοιρροσύνης
3163 1073 3439 1143 ἡγήσατο.
3469 1073 3595 1125 Τῶν
3612 1076 3719 1142 γὰρ

2141 1160 2435 1229 Ἀρειανῶν
2493 1161 2840 1215 παντάπασιν
2891 1162 3101 1231 ἄψυχον
3157 1162 3436 1230 λεγόντων
3480 1164 3585 1233 τὴν
3624 1162 3715 1215 τοῦ

451 1255 752 1325 sumpsisse
806 1252 1031 1321 quidem
1082 1248 1375 1304 Dominum
1428 1260 1649 1298 carnem
1703 1244 2023 1307 animatam,

452 1354 694 1400 mentem
720 1357 855 1397 vero
885 1349 1127 1395 nostram
1154 1352 1265 1390 non
1293 1334 1653 1404 assumpsisse
1692 1350 1705 1386 :
1742 1348 1844 1387 nec
1877 1332 2026 1387 enim

2128 1250 2339 1321 Κυρίου
2371 1251 2571 1321 σάρκα,
2599 1251 2761 1316 αὐτὸς
2788 1254 2817 1305 ὁ
2849 1253 3228 1323 ’Δτοολινάριος
3260 1253 3394 1323 ἔφη,
3421 1255 3509 1307 ὅτι
3538 1255 3717 1324 σάρκα

2132 1344 2233 1413 μὲν
2303 1343 2662 1413 ἐψυχωμένην
2696 1343 2843 1414 ψυχῇ
2871 1344 3076 1415 ζωτικῇ
3124 1346 3393 1399 ἀνέλαϐεν
3419 1347 3450 1398 ὁ
3484 1345 3713 1416 Κύριος.

451 1459 675 1498 carnem
697 1442 850 1495 illam
868 1445 1053 1494 mente
1077 1436 1316 1489 humana
1340 1432 1664 1501 indiguisse,
1681 1429 1828 1499 quod
1876 1430 2023 1482 illam

2138 1433 2251 1487 νοῦν
2275 1433 2333 1486 δὲ
2364 1435 2454 1486 τὸν
2489 1434 2755 1503 ἡμέτερον
2790 1438 2852 1488 οὺ
2884 1437 3202 1506 προσήκατο
3225 1451 3240 1467 ·
3275 1437 3420 1506 μηδὲ
3442 1438 3560 1508 γὰρ
3589 1438 3717 1507 δεηο

450 1535 595 1589 Deus
620 1534 860 1588 Verbum
891 1530 986 1600 qui
1029 1544 1151 1582 eam
1182 1526 1462 1586 induerat,
1513 1523 1886 1593 gubernaret;
1929 1534 2027 1575 nc-

2138 1525 2298 1596 θῆναι
2351 1526 2472 1588 νοὸς
2513 1526 2855 1594 ἀνθρωπίνου
2882 1528 3098 1598 ἐκείνην
3130 1529 3230 1598 τὴν
3259 1528 3468 1597 σάρκα,
3508 1531 3717 1598 ἠγεμο-

448 1642 556 1696 que
582 1638 781 1694 capere
798 1637 920 1677 eam
944 1621 1108 1674 aliam
1138 1618 1248 1671 vim
1280 1616 1679 1685 intelligentem
1712 1620 1914 1682 praeter
1939 1610 2024 1664 di-

2138 1618 2423 1688 νευομένην
2451 1617 2555 1670 ὑπὸ
2595 1617 2689 1670 τοῦ
2721 1618 2891 1688 αὐτὴν
2920 1618 3264 1683 ἐνδεδυκότος
3309 1620 3450 1673 Θεοῦ
3479 1620 3669 1688 Λόγου
3701 1639 3716 1651 ο

448 1716 632 1768 vinam
667 1731 681 1767 :
715 1727 829 1767 non
861 1710 1012 1765 enim
1059 1708 1230 1778 ipsam
1259 1707 1555 1761 humanam
1588 1710 1826 1756 mentem
1862 1715 2024 1770 posse

2138 1709 2263 1763 ἀλλά
2297 1708 2432 1779 μηδὲ
2461 1711 2659 1778 χωρεῖν
2681 1709 2849 1778 αὐτὴν
2878 1710 3047 1781 ἄλλην
3070 1711 3263 1781 νοεράν
3289 1711 3530 1781 δύναμιν
3559 1712 3719 1783 παρὰ

448 1804 745 1867 sustinere,
777 1811 838 1856 ut
867 1816 993 1856 cum
1025 1797 1339 1870 potentiore
1373 1806 1428 1850 et
1467 1795 1702 1849 Domino
1730 1792 2023 1846 habitaret.

448 1898 546 1953 llis
564 1894 782 1966 positis,
824 1891 1059 1946 aﬂirmat
1096 1904 1259 1944 unam
1301 1896 1554 1941 naturam
1600 1900 1720 1938 esse
1766 1881 1931 1938 Verbi
1972 1890 2029 1937 et

447 1991 651 2054 carnis,
676 1988 879 2058 quippe
915 2000 1041 2039 cum
1064 1997 1193 2038 caro
1228 1979 1552 2050 imperfecta
1575 1978 1648 2031 sit
1682 1984 1741 2030 ut
1776 1976 1849 2030 sit
1881 1984 2028 2029 totus

452 2082 640 2143 homo,
678 2089 735 2134 et
766 2078 838 2131 ob
892 2076 1038 2129 hanc
1087 2088 1333 2137 causam,
1359 2070 1581 2137 indigna
1634 2082 1757 2133 quze
1794 2076 2027 2121 vocetur

449 2181 577 2227 υἱιιο
588 2187 665 2225 ra.

824 2451 1014 2522 Opinio
1046 2449 1300 2505 Tﬁeodori
1331 2446 1682 2517 Mopsuestiw.

528 2565 649 2628 Post
679 2570 829 2629 hunc
857 2566 1258 2639 Apollinarium
1308 2562 1497 2618 statim
1529 2561 1741 2616 exstitit
1773 2557 2028 2613 Theodo-

438 2680 544 2719 rus
581 2662 805 2733 quidam
855 2657 1205 2728 Mopsuestiae
1247 2654 1490 2709 civitatis
1516 2652 1595 2707 sic
1627 2651 1924 2705 nominata:
1969 2648 2026 2701 in

445 2753 639 2808 Cilicia
668 2750 983 2822 episcopus,
1018 2747 1112 2816 qui
1151 2761 1220 2799 ex
1262 2751 1377 2798 toto
1416 2740 1806 2797 eontradicens
1855 2738 2023 2808 Apol-

446 2842 667 2906 linario,
719 2837 1084 2895 contumelias
1139 2851 1249 2889 non
1294 2835 1443 2889 leves
1487 2830 1681 2886 audaci
1727 2830 1913 2884 animo
1970 2836 2027 2883 et

2126 1799 2226 1871 τὴν
2276 1799 2429 1852 θείαν
2460 1815 2475 1830 ·
2515 1800 2650 1869 μηδὲ
2688 1801 2797 1872 γάρ
2846 1801 3009 1855 αὐτὸν
3056 1803 3148 1855 τὸν
3188 1802 3536 1873 ἀνθρώπινον
3587 1801 3716 1856 νοῦν

2129 1889 2429 1957 ὑποστῆναι
2484 1888 2747 1944 δύνασθαι
2785 1892 2886 1959 τὴν
2925 1892 3064 1960 μετὰ
3110 1891 3204 1944 τοῦ
3255 1892 3578 1962 κρείττονος
3616 1893 3716 1946 καὶ

2130 1978 2406 2031 Δεσπότου
2428 1980 2724 2050 ἐνοίκησιν.
2756 1981 2943 2035 Ταῦτα
2984 1981 3320 2051 ὑποθέμενος
3367 1982 3713 2036 διατείνεται

2132 2071 2262 2139 μίαν
2286 2066 2426 2125 εἶναι
2456 2071 2620 2138 φύσιν
2641 2072 2736 2125 τοῦ
2757 2074 2957 2141 Λόγου,
2979 2074 3073 2126 καὶ
3109 2077 3207 2142 τῆς
3242 2074 3470 2144 σαρκὸς,
3495 2075 3579 2137 ὡς
3613 2075 3713 2128 ire

2126 2162 2224 2230 τῆς
2257 2162 2462 2231 σαρκὸς
2498 2162 2723 2226 ἀτελοῦς
2767 2162 2935 2233 οὔσης
2986 2164 3069 2226 είς
3119 2164 3180 2217 τὸ
3229 2161 3365 2217 εἶναι
3416 2165 3713 2235 ἄνθρωπον

2126 2254 2268 2317 ὅλον,
2319 2256 2413 2307 καὶ
2455 2254 2544 2308 διὰ
2596 2253 2756 2308 τοῦτο
2805 2256 2942 2325 μηδὲ
2989 2256 3169 2321 ἀξίαν,
3216 2262 3375 2324 φύσιν
3433 2273 3714 2327 προσαγο-

2130 2345 2406 2416 ρεύεσθαι.

2429 2456 2586 2521 Δόξα
2616 2454 2919 2525 Θεοδώρου
2949 2457 3395 2525 Μοψουεστίας.

2200 2564 2358 2620 Μετά
2398 2564 2591 2620 τοῦτον
2639 2566 2699 2619 δὲ
2752 2565 2848 2619 τὸν
2887 2566 3296 2637 Ἀπολινάριον,
3326 2565 3534 2630 εὐθέως
3584 2569 3711 2623 ἀνα·

2128 2656 2383 2724 φαίνεταί
2414 2673 2498 2720 τις
2526 2656 2805 2727 Θεόδωρος
2842 2661 2942 2729 τῆς
2967 2658 3349 2728 Μοψουεστίας
3374 2648 3518 2721 οὕτω
3549 2660 3711 2729 λεγο-

2132 2746 2303 2815 μένης
2340 2749 2396 2799 ὲν
2422 2749 2485 2818 τῇ
2516 2749 2589 2817 γῇ
2617 2748 2728 2800 τῶν
2764 2750 3005 2802 Κιλίκων
3027 2749 3127 2820 τὴν
3154 2752 3453 2819 ἡγεμονίαν
3476 2751 3669 2820 λαχών
3691 2769 3706 2782 θ

2129 2835 2187 2897 ὃς
2224 2837 2289 2889 ὲκ
2320 2837 2616 2906 διαμέτρου
2642 2835 2720 2905 τῷ
2759 2837 3123 2905 Ἀπολιναρίῳ
3150 2837 3488 2907 φερόμενος,
3516 2838 3709 2908 ὕϐρεις

447 2933 616 2990 corde
645 2930 1024 3000 imperterrito
1054 2926 1278 2982 Christo
1307 2924 1473 2979 infert
1493 2964 1507 2984 .
1540 2924 1671 2976 dum
1695 2937 1823 2975 eum
1853 2935 2024 2974 unum

2138 2927 2189 2979 ού
2223 2927 2319 2989 τάς
2348 2926 2620 2996 τυχούσας
2672 2926 2923 2997 τολμηρᾷ
2964 2927 3111 2998 ψυχῇ
3138 2929 3232 2980 καὶ
3266 2928 3456 2997 ἀφόδῳ
3507 2929 3705 2998 καριδίᾳ

449 3023 730 3078 hominem
761 3036 792 3075 c
818 3029 1008 3073 nostro
1055 3032 1288 3072 numero
1314 3025 1369 3070 et
1416 3016 1581 3084 vulgo
1621 3013 1906 3067 hominum
1935 3028 2023 3066 vo-

2138 2987 2392 3087 καταέέει
2420 2987 2513 3070 τοῦ
2544 2987 2816 3070 Δεσπότου
3155 2987 3448 3090 ἄνθρωπον
3475 2987 3706 3071 ἕνα

446 3122 556 3177 cat,
593 3111 689 3182 qui
719 3127 818 3181 per
850 3123 1205 3179 progressum
1246 3113 1471 3175 accepta
1503 3104 1599 3159 Dei
1622 3105 1819 3174 gratia,
1850 3104 2028 3158 nomi—

450 3216 614 3261 natus
635 3204 801 3259 fuerit
836 3203 981 3257 Deus
1006 3241 1021 3266 ,
1048 3209 1104 3254 et
1130 3216 1197 3254 ex
1236 3199 1511 3269 baptismo
1541 3196 1596 3251 in
1621 3197 1881 3261 Jordane,
1928 3196 2026 3250 ba-

449 3299 690 3369 ptizatus
730 3295 786 3348 in
829 3293 1054 3347 nomine
1113 3292 1321 3356 Patris,
1369 3299 1427 3344 et
1468 3288 1631 3353 Filii,
1684 3297 1740 3342 et
1787 3286 2027 3357 Spiritus

449 3388 625 3445 sancti
654 3428 668 3452 ,
697 3396 805 3441 etc.
830 3425 845 3450 ,
872 3383 1097 3438 habitus
1127 3384 1199 3437 sit
1228 3381 1429 3452 dignus
1469 3380 1614 3433 inter
1644 3380 1856 3449 primos
1882 3378 2027 3433 dono

450 3478 693 3549 Spiritus
710 3475 907 3531 sancti.
930 3475 1101 3529 Deum
1126 3481 1313 3527 autem
1334 3470 1577 3526 Verbum
1602 3480 1828 3540 propter
1847 3470 2029 3524 excel-

450 3570 659 3624 lentem
686 3566 949 3619 virtutem
985 3565 1123 3636 ejus,
1176 3565 1231 3618 in
1263 3579 1330 3618 eo
1365 3562 1703 3616 habitantem
1735 3603 1749 3628 ,
1795 3576 1895 3631 pro
1923 3561 2026 3615 bo-

449 3677 518 3717 na
558 3676 659 3716 sua
685 3659 967 3712 voluntate
1001 3657 1412 3712 communicare
1446 3671 1572 3712 cum
1604 3655 1800 3709 eodem
1836 3667 2027 3724 postea

450 3753 519 3808 ad
548 3749 1085 3806 consummationem
1110 3787 1124 3811 ,
1160 3747 1408 3801 divinam
1453 3745 1774 3815 dignitatem
1803 3754 1859 3799 ct
1898 3744 2029 3800 ado-

452 3845 747 3901 rationcm.
796 3838 920 3895 llaec
954 3852 1009 3895 et
1052 3839 1155 3892 alia
1192 3838 1466 3907 ejusmodi
1512 3837 1828 3906 blaspheme
1873 3852 2027 3892 com-

450 3944 675 3991 mentus
709 3932 848 3987 duas
874 3941 1099 3987 naturas
1123 3930 1404 4001 sigillatim
1440 3929 1683 3999 signatas
1718 3928 1855 3983 dicit
1881 3943 1939 3982 se
1972 3928 2027 3982 in

448 4028 672 4085 Christo
703 4040 1001 4098 agnoscere
1025 4064 1039 4088 ,
1073 4023 1252 4078 solum
1288 4021 1615 4081 habitudine
1657 4021 1800 4075 inter
1833 4037 1890 4075 se
1916 4021 2029 4075 col-

451 4122 608 4175 latas.
640 4117 767 4172 Haec
794 4126 881 4171 est
906 4115 1148 4169 secunda
1177 4114 1422 4178 llzeresis,
1461 4128 1583 4182 quae
1626 4121 1749 4181 post
1797 4112 2027 4166 Paulum

434 4214 895 4279 ‘Samosatenscm
926 4222 1089 4262 unam
1123 4215 1397 4265 naturam,
1423 4212 1480 4258 et
1522 4203 1659 4257 duas
1706 4214 1931 4257 naturas
1957 4203 2029 4256 si-

451 4304 683 4376 gillatim
705 4304 945 4372 signatas
974 4298 1049 4370 (7)
1078 4313 1243 4368 prave
1271 4296 1325 4349 in
1355 4295 1579 4351 Christo
1600 4296 1918 4350 conlitctur.

1023 4495 1210 4567 Opinio
1244 4493 1489 4548 Nestorii.

528 4597 659 4650 Post
686 4594 788 4648 hos
812 4591 916 4645 fuit
941 4589 1167 4661 quidam
1192 4584 1415 4639 nomine
1438 4584 1729 4658 Nestorius
1757 4585 2030 4640 oriundus

456 4707 520 4741 ex
552 4684 902 4742 Germanicia
933 4682 987 4736 in
1021 4680 1197 4752 Syria.
1237 4681 1437 4735 Factus
1457 4687 1542 4733 est
1574 4678 1813 4732 clericus
1838 4676 2031 4731 Antio-

451 4784 610 4845 chiae,
630 4795 752 4850 qua:
769 4778 872 4833 sita
890 4778 1135 4847 cstjuxta
1151 4776 1412 4830 Orontem
1435 4772 1682 4836 ﬂuvium,
1701 4779 1757 4825 ct
1774 4771 2031 4825 Ecclesia:

453 4867 1077 4937 (Innstantinopolitanm
1103 4864 1341 4935 prteruit.
1376 4862 1477 4916 Hic
1511 4876 1706 4915 rursus
1736 4876 1869 4913 voce
1892 4859 2029 4913 dua-

457 4980 577 5016 rum
616 4971 935 5015 naturarum
962 4957 1015 5011 in
1051 4955 1273 5012 Christo
1314 4970 1483 5024 prave
1517 4953 1726 5007 abusus
1752 4960 1856 5015 cst,
1890 4951 2033 5004 sicut

458 5057 693 5125 majores
710 5054 830 5123 ejus
857 5050 1060 5105 Paulus
1074 5058 1130 5103 et
1149 5046 1475 5101 Theodorus
1505 5060 1643 5098 :non
1661 5044 1807 5099 enim
1840 5059 2031 5097 nume-

458 5164 575 5200 ium
600 5148 833 5200 duarum
858 5151 1181 5197 naturarum
1205 5139 1459 5203 aﬂirmat,
1492 5147 1550 5190 ut
1584 5136 2031 5191 veritatomdivi-

461 5240 645 5294 uitatis
692 5248 746 5291 et
801 5235 1162 5290 humanitatis
1202 5234 1256 5287 in
1306 5230 1528 5286 Christo
1563 5230 1681 5284 sine
1725 5233 2028 5285 mutatione

2130 3109 2253 3161 καθ’
2286 3110 2432 3179 ἡμᾶς
2458 3109 2640 3162 κοινὸν
2661 3108 2973 3169 ἀποκαλῶν,
3000 3110 3094 3161 καὶ
3119 3111 3182 3162 ὲκ
3206 3111 3492 3180 προκοπῆς
3517 3109 3703 3163 λαὸόνέ

2128 3218 2197 3254 τα
2247 3202 2348 3269 τὴν
2403 3201 2565 3272 χάριν
2602 3200 2698 3253 τοῦ
2721 3200 2880 3265 Θεοῦ,
2912 3201 3045 3253 Θεὸν
3069 3200 3437 3270 ὀνομάζεσθαι
3467 3220 3483 3233 ⁶
3520 3204 3615 3255 καὶ
3639 3204 3699 3255 ἐκ

2127 3290 2220 3344 τοῦ
2253 3293 2311 3345 ὲν
2343 3290 2421 3360 τῷ
2462 3290 2701 3363 Ἰορδάνῃ
2728 3291 3105 3361 βαπτίσματος
3135 3291 3440 3361 ἀξιωθῆναι
3462 3294 3521 3345 ὲν
3549 3293 3693 3364 πρώ-

2126 3401 2240 3446 τοις
2271 3383 2371 3452 τῆς
2425 3381 2519 3435 τοῦ
2571 3383 2728 3450 ἁγίου
2765 3383 3083 3453 Πνεύματος
3128 3384 3379 3454 δωρεᾶς,
3411 3388 3491 3447 εἰς
3527 3385 3694 3455 ὅνομα

2128 3477 2271 3529 Πατέ
2282 3492 2370 3544 ρος
2395 3475 2488 3528 καὶ
2514 3476 2644 3528 Υίοῦ
2664 3478 2757 3529 καὶ
2781 3476 2936 3544 ἁγίου
2966 3476 3283 3547 Πνεύματος
3317 3479 3689 3548 βαπτισθέντα

2131 3567 2235 3620 Τὸν
2277 3568 2332 3621 δὲ
2380 3568 2511 3620 Θεὸν
2540 3569 2713 3635 Λόγον
2763 3567 2850 3621 διὰ
2889 3570 2990 3638 τὴν
3031 3569 3488 3640 ὑπερϐάλλουσαν
3532 3570 3688 3624 αὐτοῦ

2130 3658 2331 3730 ἀρετὴν
2365 3660 2485 3712 κατ’
2510 3659 2761 3712 εὐδοκίαν
2804 3660 2860 3711 ὲν
2888 3659 3039 3728 αὐτῷ
3068 3663 3504 3730 κατοικήσαντα,
3544 3678 3692 3730 μετα-

2129 3751 2316 3803 δοῦναι
2347 3750 2501 3819 αὐτῷ
2529 3754 2626 3820 τῆς
2654 3749 2842 3819 θεῖκῆς
2868 3749 3027 3815 ἀξίας
3051 3750 3146 3802 καὶ
3175 3753 3605 3823 προσκυνήσεως
3625 3753 3694 3809 εἰς

2130 3841 2357 3910 ὕστερον
2419 3842 2560 3913 μετά
2601 3840 2700 3910 τὴν
2746 3840 3025 3893 τελείωσιν
3052 3856 3065 3869 ·
3100 3841 3279 3895 ταῦτά
3323 3860 3384 3895 τε
3423 3843 3517 3896 καὶ
3549 3843 3695 3910 ἔτερα

2129 3934 2302 3987 πολλὰ
2333 3933 2697 4002 δυσφημήσας
2726 3933 2974 3995 τοιαῦτα,
3003 3931 3327 4001 δύοοφύσεις
3358 3932 3694 4004 ίδιοπεριορί-

2131 4043 2290 4091 στους
2335 4026 2499 4095 φησὶν
2547 4025 2744 4079 εἰδέναι
2786 4025 2877 4078 ἐπὶ
2928 4024 3196 4096 Χριστοῦ,
3228 4026 3417 4095 σχέσει
3462 4029 3572 4079 τινὶ
3606 4025 3690 4077 καὶ

2134 4117 2294 4188 μόνον
2326 4115 2586 4186 ἀλλήλαις
2619 4116 2995 4187 ᾠκειωμένας.
3020 4117 3259 4187 Δευτέρα
3283 4117 3379 4171 καὶ
3403 4117 3544 4188 αὕτη
3571 4116 3694 4169 πλά-

2132 4225 2196 4278 νη
2226 4206 2320 4259 τοῦ
2361 4206 2491 4277 μίαν
2508 4205 2670 4274 φύσιν
2695 4207 2788 4260 καὶ
2813 4204 2907 4259 δῦο
2938 4204 3130 4274 φύσεις
3150 4207 3694 4277 ὶδιοπεριορίστους,

2056 4309 2100 4365 ῃ
2134 4298 2209 4369 μὴ
2245 4298 2388 4352 κατά
2425 4297 2517 4352 τὸν
2553 4296 2714 4367 ὀρθὸν
2757 4296 2915 4364 λόγον
2963 4296 3354 4368 ὁμολογεῖσθαι
3393 4302 3453 4353 ὲν
3478 4299 3554 4370 τῷ
3580 4301 3696 4370 Χρι-

2133 4389 2260 4459 στῷ.

2648 4500 2802 4564 Δόξα
2864 4502 3219 4569 Νεστορίου.

2201 4594 2355 4648 Μετὰ
2390 4591 2613 4656 τούτους
2661 4593 2717 4647 δὲ
2778 4592 2985 4657 γίνεταί
3016 4609 3101 4656 τις
3140 4594 3438 4664 Νεπόριος
3469 4595 3697 4665 ὀνόματι,

2132 4686 2189 4749 ὃς
2217 4685 2445 4754 ὡρμᾶτο
2490 4685 2604 4754 μὲν,
2645 4685 2755 4738 ἀπὸ
2801 4684 3207 4754 Γερμανικείας
3261 4685 3363 4754 τῆς
3404 4689 3461 4738 ὲν
3491 4687 3655 4757 Συρίᾳ
3684 4703 3696 4714 ·

2134 4777 2433 4847 κληροῦται
2462 4777 2518 4831 δὲ
2543 4779 2601 4830 ἐν
2639 4776 2908 4846 Ἀντιοχίᾳ
2933 4778 3000 4845 τῇ
3038 4776 3195 4848 παρά
3234 4778 3502 4848 Ὀρόντην
3546 4795 3694 4831 ποτα-

2139 4867 2260 4936 μὸν,
2284 4865 2906 4928 Κωνσταντινουπόλεως
2943 4865 3000 4919 δὲ
3043 4866 3138 4918 τὸν
3194 4867 3387 4937 θρόνον
3423 4868 3699 4938 λαμϐάνει,

2138 4956 2304 5023 Οὗτος
2348 4960 2509 5013 πάλιν
2530 4963 2594 5029 τῇ
2629 4961 2781 5029 φωνῇ
2817 4958 2927 5011 τῶν
2959 4957 3051 5011 δύο
3086 4960 3307 5027 φύσεων
3337 4961 3450 5014 τῶν
3490 4962 3547 5012 ὲν
3579 4961 3699 5029 Χριι

2141 5053 2270 5121 στῷ,
2324 5052 2616 5119 κακοφυῶς
2668 5050 3043 5120 ἀποκέχρηται
3096 5050 3308 5121 ὁμοίως
3366 5052 3569 5119 Παύλῳ
3622 5046 3700 5102 καὶ

2134 5144 2393 5215 Θεοδώρῳ
2414 5146 2525 5207 τοῖς
2559 5143 2748 5196 ἑαυτοῦ
2780 5143 3081 5212 προγόνοις.
3109 5144 3187 5194 Ού
3214 5142 3323 5212 γὰρ
3346 5144 3434 5195 ἵνα
3464 5144 3562 5210 τὴν
3588 5141 3701 5208 άλη-

2137 5238 2337 5305 θότητα
2380 5237 2479 5306 τῆς
2525 5236 2667 5287 κατὰ
2711 5234 2943 5304 Χριστὸν
2982 5233 3243 5304 θεότητός
3271 5252 3331 5287 τε
3373 5237 3468 5288 καὶ
3510 5236 3702 5304 ἀνθρω-

1946 5350 2156 5405 ΝΟΤίΕ
2232 5344 2235 5347 ν

528 5452 603 5516 (6)
632 5447 753 5501 llaec
792 5457 848 5501 et
907 5463 1027 5516 qua:
1080 5454 1388 5515 sequuntur
1426 5440 1950 5516 «lescripsilﬁuidas
1976 5464 2027 5501 v.

476 5514 893 5583 Ἀπολλινάριος,
929 5514 1000 5569 ἰιι
1048 5517 1286 5570 advertit
1315 5516 1580 5571 Kustcrus
1615 5514 1679 5567 ad
1717 5514 1898 5570 Suidte
1929 5517 2029 5572 Le-

464 5587 641 5649 ιίιτυιι,
690 5592 821 5638 tom.
855 5586 895 5651 1,
937 5601 1060 5656 pag.
1105 5586 1208 5639 ‘280

2210 5447 2286 5515 (7)
2349 5445 2864 5515 Ίδιοπεριορίστους,
2907 5453 3060 5515 verte
3088 5445 3201 5497 suis
3232 5462 3502 5515 quamque
3526 5442 3701 5510 ﬁnibus

2142 5513 2503 5578 terminatum,
2547 5513 2660 5569 hoc
2709 5523 2813 5577 est,
2852 5527 2958 5567 non
3007 5513 3357 5584 hypostatice
3411 5513 3618 5583 unitas.
