3938 6148
253 439 276 504 i
288 439 390 504 489

1490 397 1591 498 DE
1628 437 2222 501 INCARNATIONE.

3372 436 3507 500 1430

191 557 198 564 ’
247 556 504 624 πότητος,
535 551 632 606 καὶ
663 551 763 622 τὴν
789 550 994 604 τούτων
1019 547 1287 622 ἀτρεψίαν
1309 547 1406 604 καὶ
1430 550 1700 621 ἐπιμονὴν
1721 551 1815 605 καὶ

1942 563 1978 609 ιι
2003 553 2328 641 confusione
2348 551 2648 622 signiﬁcet;
2675 551 2775 608 sed
2808 559 2867 606 ut
2893 565 2992 620 per
3008 549 3188 620 ipsum
3212 565 3504 607 numerum

243 646 585 716 ἀσυγχυσίαν
613 645 855 716 σημάνῃ.
880 643 973 697 τδν
999 641 1236 714 ἀριθμὸν
1257 640 1368 696 τῶν
1403 641 1496 696 δύο
1527 643 1818 714 καταφρά-

244 739 326 805 {et
359 737 595 807 φύσεων,
625 736 739 795 ἀλλ’
769 735 860 790 ἵνα
879 734 972 788 δύο
998 734 1269 806 πρόσωπα
1310 733 1378 788 δι’
1406 733 1576 789 αὑτοῦ
1604 733 1698 788 τοῦ
1721 733 1818 788 δύο

238 827 483 900 ’ἀριθμοῦ
505 827 737 897 δολερῶς
759 825 1133 896 ὑπαινίξηται,
1164 825 1264 896 τὴν
1294 825 1406 880 τῶν
1435 826 1655 895 φύσεων
1686 826 1820 896 κλῆέ

247 936 331 972 σιν
371 919 495 972 ἀντὶ
541 916 650 970 τῶν
685 914 994 986 προσώπων
1035 915 1331 986 λαμϐάνων
1366 915 1710 986 κακούργως,
1744 916 1818 979 ὡς

246 1008 462 1081 ἀληθῶς
490 1010 588 1062 καὶ
605 1008 914 1078 κακοήθως,
948 1009 1488 1082 πεπαρῤησιασμένῃ
1529 1026 1817 1080 προσωνυ-

250 1101 351 1171 μία
389 1101 496 1154 τῶν
526 1099 745 1168 φύσεων
771 1098 834 1152 τὸ
865 1099 1317 1171 ἀπηγορευμένον
1358 1100 1469 1154 τῶν
1511 1099 1822 1168 προσώπων

247 1194 507 1262 είσάγων,
531 1191 672 1246 ὥστε
702 1191 860 1246 ἄλλον
903 1185 1046 1245 εἶναι
1077 1193 1206 1262 παρ’
1233 1192 1384 1260 αύτῷ
1425 1191 1517 1244 τδν
1559 1191 1824 1264 Χριστὸν,

249 1285 344 1338 καὶ
369 1283 530 1338 ἄλλον
557 1283 647 1336 τὸν
679 1282 813 1336 Θεὸν
838 1281 1032 1350 Λόγον,
1065 1283 1206 1336 κατά
1225 1283 1324 1352 τὴν
1358 1281 1618 1352 πατρῴαν
1657 1279 1824 1336 αὐτοῦ

249 1373 458 1444 πλάνην
489 1389 503 1402 ·
551 1373 666 1436 υἱὸς
703 1373 814 1444 γὰρ
843 1367 913 1442 ἦν
953 1371 1047 1424 τοῦ
1087 1370 1341 1441 θΚίλικος,
1382 1371 1477 1424 τοῦ
1525 1369 1585 1423 δὲ
1647 1370 1825 1440 Σαμο-

250 1467 462 1529 σατέως
493 1465 780 1534 ἀπόγονος.
812 1463 921 1518 Καὶ
956 1463 1048 1517 διά
1098 1463 1255 1518 τοῦτο
1299 1463 1436 1533 πρὸς
1483 1463 1584 1534 τὴν
1622 1462 1824 1532 σεμνὴν

251 1556 529 1628 Παρθένον
563 1555 829 1610 ἄσπονδον
874 1555 1046 1626 ἤρατο
1083 1554 1340 1625 πόλεμον,
1370 1553 1446 1626 μὴ
1479 1552 1826 1625 δυσωπηθεὶς

251 1645 348 1716 τὴν
377 1645 685 1715 θεομήτορα
707 1645 801 1699 καὶ
830 1643 1000 1715 ἁγνὴν
1025 1645 1262 1714 Μαρίαν,
1282 1643 1358 1707 ὡς
1397 1643 1668 1697 Δεσπότου
1711 1643 1828 1715 Μη-

251 1737 387 1809 τέρα
411 1753 426 1767 ο
456 1735 571 1790 ἀλλ’
601 1737 678 1801 ὡς
729 1736 915 1801 δοῦλος
963 1738 1368 1810 τραχηλιαστὴς
1411 1738 1506 1792 καὶ
1541 1737 1830 1807 ἀναίσχυν-

251 1845 365 1892 τος,
399 1827 735 1898 ἀρνούμενος
773 1827 868 1882 τὸν
911 1829 1108 1882 ἑαυτοῦ
1147 1827 1372 1900 Κύριον,
1402 1828 1500 1882 καὶ
1542 1827 1830 1898 ἀτιμάζων

1923 647 2162 703 duarum
2183 653 2509 700 naturarum
2527 643 2666 700 duas
2687 658 2952 715 personas
2979 643 3251 714 designet,
3279 653 3507 700 naturas

1924 756 2028 811 pro
2055 738 2308 810 personis
2340 738 2657 808 appellans;
2698 745 2758 792 et
2779 736 3150 806 appellatione
3178 747 3503 792 naturarum

1927 831 2200 886 malitiose
2223 837 2282 884 et
2302 843 2400 898 per
2431 827 2618 882 dolum
2646 827 2823 882 fretus
2866 833 2924 880 et
2943 825 3204 890 cenﬁsus,
3243 841 3507 895 personas

1927 927 2120 976 contra
2163 917 2398 974 vetitum
2436 916 2825 982 introducens;
2879 923 2941 970 ut
2991 915 3135 985 apud
3189 929 3315 970 eum
3367 915 3508 971 alius

1926 1020 2074 1068 esset
2099 1010 2375 1074 Christus,
2414 1017 2474 1065 et
2523 1009 2665 1065 alius
2721 1009 2870 1064 Deus
2895 1007 3162 1073 Verbum,
3199 1005 3504 1063 secundum

1925 1117 2174 1158 errorem
2207 1108 2426 1172 patrum
2459 1115 2524 1157 ac
2555 1101 2826 1172 majorum
2871 1115 3096 1156 suorum
3137 1117 3153 1155 :
3207 1101 3312 1156 fuit
3355 1101 3506 1156 enim

1927 1195 2076 1251 ﬁlius
2108 1195 2318 1258 Cilicis,
2365 1203 2425 1249 et
2472 1209 2540 1250 ex
2571 1193 2812 1264 posteris
2866 1193 3023 1249 Pauli
3077 1193 3503 1249 Samosatensis.

1928 1289 2144 1344 Idcirco
2187 1287 2396 1343 bellum
2437 1285 2684 1356 suscepit
2732 1301 2860 1340 cum
2905 1286 3132 1356 Virgine
3177 1285 3506 1348 venerabili.

1930 1379 2138 1435 nullam
2164 1375 2536 1434 reverentiam
2573 1376 2844 1432 adhibens
2871 1377 3033 1432 matri
3067 1378 3163 1433 Dei
3186 1385 3242 1432 et
3273 1378 3510 1447 purissi-

1930 1487 2034 1526 mae
2069 1471 2254 1526 Maria:
2284 1510 2300 1536 ,
2348 1477 2542 1540 utpote
2580 1467 2740 1523 Matri
2789 1468 3027 1534 Domini,
3073 1469 3170 1547 sed
3212 1470 3402 1538 potius
3450 1479 3512 1525 ut

1930 1575 2128 1617 servus
2180 1558 2456 1629 superbus
2495 1565 2554 1613 et
2603 1557 2917 1628 impudens,
2965 1573 3172 1628 negans
3214 1557 3510 1612 Dominum

1931 1665 2117 1716 suum,
2138 1657 2198 1704 et
2219 1648 2514 1718 Dominam
2557 1661 2712 1704 suam
2750 1647 3098 1716 vituperans,
3144 1659 3256 1700 non
3292 1653 3404 1700 tam
3429 1643 3512 1698 in-

1930 1741 2126 1795 videns
2151 1739 2201 1794 ei
2236 1737 2661 1810 appellationem
2695 1737 2889 1792 matris
2913 1735 3032 1801 Dei,
3068 1751 3232 1806 quam
3259 1734 3514 1790 invidens

1930 1830 2028 1886 Dei
2061 1828 2483 1900 appellationem
2509 1843 2574 1882 ex
2608 1827 2724 1897 ipsa
2756 1825 2978 1897 Virgine
3009 1833 3186 1880 matre
3223 1833 3374 1879 nato.
3411 1824 3513 1880 llic

252 1919 352 1986 τὴν
381 1918 678 1972 Δέσποιναν
705 1919 921 1980 ἑαυτοῦ,
957 1918 1264 1988 βασκαίνων
1293 1919 1353 1973 οὐ
1385 1917 1642 1974 τοσοῦτον
1689 1918 1827 1988 αὐτῇ

1942 1921 2100 1992 igitur
2144 1917 2433 1974 Nestorius
2465 1917 2662 1972 tertius
2689 1917 2855 1988 hujus
2885 1917 3112 1972 haeresis
3143 1916 3384 1973 Iudaicae
3415 1914 3512 1971 de-

255 2010 374 2078 τῆς,
399 2009 682 2075 Θεοτόκος,
721 2011 1090 2082 προσηγορίας
1116 2050 1130 2074 ,
1159 2011 1284 2064 ὅσον
1323 2009 1444 2080 τῆς,
1475 2009 1628 2074 Θεὸς,
1659 2008 1739 2080 τῷ
1771 2009 1831 2074 ἐξ

1936 2009 2128 2065 fensor
2153 2017 2209 2066 et
2234 2017 2520 2080 patronus,
2557 2023 2681 2063 eam
2710 2007 2816 2064 sibi
2847 2007 3170 2064 vindicavit.

253 2103 426 2174 αὐτῆς
447 2102 778 2173 γεννηθέντι.
820 2097 989 2166 Οὗτος
1021 2102 1119 2173 μὲν
1147 2099 1240 2158 οὖν
1269 2104 1298 2158 ὁ
1329 2101 1624 2177 Νεστόριος
1678 2101 1860 2175 τρίτος
1897 2102 2212 2176 προστάτης
2270 2101 2370 2173 τῆς
2395 2100 2695 2171 Ἰουδαϊκῆς
2714 2099 2916 2173 ταύτης
2937 2099 3206 2172 αἱρέσεως
3234 2098 3479 2170 γεγονὼς

257 2201 336 2261 εἰς
361 2195 553 2250 ἑαυτὸν
582 2195 754 2266 αὐτὴν
779 2196 1158 2268 περιέστησεν.

770 2311 928 2377 Δόξα
980 2313 1139 2368 Εὺτυ
1142 2313 1310 2383 χοῦς.

327 2430 440 2500 Τῆς
489 2429 547 2484 δὲ
598 2429 875 2484 ἀντιθέτου
925 2430 1138 2501 μοίρας,
1169 2433 1269 2502 τῆς
1305 2431 1450 2486 κατά
1501 2431 1695 2502 Μάνην
1733 2431 1831 2486 καὶ

272 2522 668 2592 ’Λπολινάριον,
699 2521 882 2590 τρίτος
937 2523 1093 2577 πάλιν
1121 2523 1490 2595 προασπιστὴς
1517 2527 1546 2580 6
1586 2523 1832 2596 Εὐτυχῆς

261 2612 639 2683 ἀναφαίνεται,
669 2612 728 2675 ὃς
754 2609 824 2684 ἦν
847 2613 1152 2684 ἡγούμενος
1183 2615 1542 2686 μοναστηρίου
1577 2615 1700 2680 ἑνὸς
1721 2615 1836 2670 τῶν

265 2703 396 2771 περὶ
425 2702 486 2755 τὺ
511 2701 830 2765 Βυζάντιον.
859 2697 1026 2766 οὗτος
1049 2703 1157 2774 γὰρ
1182 2704 1258 2775 μὴ
1283 2705 1611 2776 ἀνεχόμενος
1637 2705 1832 2777 ὁμοούς

267 2811 378 2849 σιον
407 2797 538 2866 ἡμῖν
565 2795 662 2849 καὶ
689 2795 904 2865 ὁμοφυῆ
937 2796 1035 2865 τὴν
1068 2797 1245 2868 σάρκα
1271 2796 1367 2850 τοῦ
1399 2797 1603 2868 Κυρίου
1632 2799 1831 2868 ὁμολο-

263 2888 403 2956 γεῖν,
433 2886 534 2949 τὰς
576 2884 673 2940 δύο
711 2884 904 2954 φύσεις
942 2887 1240 2956 ἀπηρνεῖτο
1269 2885 1540 2949 σώζεσθαι
1569 2887 1749 2956 λέγειν
1774 2889 1835 2942 ἐν

265 2975 343 3046 τῷ
366 2973 586 3046 Χριστῷ
619 2973 758 3046 μετά
785 2974 884 3044 τῆς
911 2973 1117 3028 τούτων
1164 2973 1413 3040 ένώσεὼς
1455 2993 1518 3030 τε
1559 2978 1656 3031 καὶ
1700 2994 1840 3048 συμ-

266 3067 430 3136 φυΐας
450 3082 466 3098 ο
500 3065 562 3118 οὐ
624 3066 784 3134 μόνον
833 3064 912 3130 δὲ,
939 3064 1074 3118 ἀλλὰ
1105 3065 1202 3118 καὶ
1252 3065 1532 3136 τερατώδη
1575 3067 1700 3121 τινὰ
1743 3068 1837 3122 καὶ

262 3157 526 3212 ἀλλόκοτα
550 3156 834 3223 ἔπλαττεν,
855 3155 914 3220 ἐξ
939 3154 1170 3224 οὐρανοῦ
1191 3155 1364 3223 λέγων
1385 3156 1712 3226 κατηνέχθαι
1741 3156 1836 3210 τοῦ

265 3245 474 3318 Κυρίου
505 3247 567 3300 τὸ
598 3245 780 3316 σῶμα.
809 3247 905 3298 καὶ
936 3245 1011 3308 ὡς
1035 3245 1126 3298 διὰ
1159 3246 1396 3315 σωλῆνος
1423 3247 1522 3316 τῆς
1558 3247 1835 3318 Παρθένου

266 3341 649 3411 παραδραμεῖν
677 3338 768 3392 τὸν
795 3337 926 3391 Θεδν
943 3337 1136 3405 Λόγον,
1177 3337 1468 3409 οὐρανόθεν
1498 3339 1656 3393 τοῦτο
1693 3341 1840 3394 ἑνδε-

263 3431 518 3503 δυμένον,
543 3431 630 3483 ἵνα
677 3429 802 3501 δόξῃ
853 3429 1016 3498 δῆθεν
1051 3429 1414 3499 γεγεννῆσθαι
1457 3434 1522 3485 ὲκ
1556 3431 1840 3501 γυναικὸς,

231 3523 235 3526 ’
267 3523 468 3594 καίπερ
497 3523 635 3592 μήτε
656 3538 884 3592 γεγεννη
897 3521 1076 3590 μένον.
1107 3523 1407 3592 Μανιχατος
1421 3523 1450 3576 δ
1471 3524 1642 3590 Λόγος
1663 3517 1838 3588 οὗτος,

265 3617 363 3671 καὶ
407 3615 958 3685 πεφαντασιασμένος
1007 3615 1185 3686 πολλῷ
1227 3615 1427 3686 μᾶλλον
1467 3615 1699 3671 ἐκείνου.
1732 3619 1843 3672 Καὶ

265 3708 440 3772 οὕτως
488 3702 582 3760 οὖν
633 3707 762 3777 μίαν
811 3707 976 3776 φύσιν
1030 3705 1122 3762 τὸν
1161 3707 1398 3778 Χριστὸν
1434 3707 1841 3780 διεστραμμένη

268 3800 466 3870 καρδία
515 3797 878 3869 ἐπρέσϐευσε.
933 3797 1057 3850 Τῶν
1095 3798 1190 3852 οὖν
1247 3798 1341 3852 δύο
1389 3798 1569 3870 μερῶν
1610 3799 1840 3862 τούτων.

265 3891 362 3943 τοῦ
391 3907 450 3942 τε
483 3889 624 3944 κατὰ
658 3889 852 3957 Μάνην
885 3891 978 3943 καὶ
1022 3889 1396 3962 ’Λπολινάριον
1427 3889 1520 3944 καὶ
1570 3891 1840 3962 Εὐτυχέα,

269 3983 364 4037 καὶ
413 3980 508 4034 τοῦ
539 3980 681 4034 κατὰ
723 3979 932 4034 Παῦλον
966 3979 1062 4034 καὶ
1095 3981 1368 4050 Θεόδωρον
1401 3981 1497 4035 καὶ
1525 3982 1844 4054 Νεστόριον,

267 4073 378 4126 τῶν
419 4071 518 4143 μὲν
552 4071 680 4141 μίαν
728 4072 912 4139 φύσιν,
942 4069 1052 4124 τῶν
1081 4070 1137 4124 δὲ
1169 4071 1264 4124 δύο
1289 4071 1483 4140 φύσεις
1511 4071 1571 4136 ἐξ
1594 4073 1843 4137 ἐναντίας

269 4163 516 4234 ἀλλήλων
544 4162 636 4214 τὸν
657 4159 936 4229 Δεσπότην
966 4162 1202 4233 Χριστὸν
1231 4163 1464 4232 ἀμαθῶς
1515 4165 1841 4234 εἰρηκότων,

269 4255 368 4318 τὰς
391 4253 475 4322 ἐφ’
509 4252 746 4330 ἑκάτερα
771 4250 1036 4316 κακίστας
1059 4253 1409 4323 μετατροπᾶς
1433 4256 1526 4321 καὶ
1555 4253 1846 4316 δυσσεϐεῖς

271 4343 660 4416 παρεγκλίσεις
698 4341 1108 4411 ἀπαναινομένη
1147 4342 1180 4412 ή
1215 4341 1478 4412 καθολικὴ
1521 4343 1842 4410 Ἐκκλησία,

275 4440 449 4511 μέσην
483 4436 809 4508 ἀμφοτέρων
837 4434 1064 4505 βαδίζει,
1101 4435 1206 4506 6δῷ
1245 4435 1500 4508 βασιλικῇ
1542 4437 1848 4506 πορευομέ-

2436 2312 2630 2384 Opinio
2671 2311 2996 2382 Eutychetis.

2012 2435 2187 2491 Sectae
2219 2407 2508 2487 contrariae
2543 2426 2824 2484 Manichaei
2880 2436 2937 2483 et
2969 2424 3292 2497 Apollinarii
3319 2422 3516 2478 tertius

1907 2502 1914 2512 ’
1942 2540 2134 2583 rursus
2163 2533 2433 2596 patronus
2453 2531 2611 2576 ortus
2637 2529 2723 2576 est
2743 2519 3041 2592 Eutyches,
3065 2516 3360 2588 pmfectus
3393 2517 3514 2571 cui-

1942 2619 2066 2674 dam
2087 2615 2420 2672 monasterio
2447 2613 2659 2670 circum
2681 2607 3237 2680 Constantinopolim.
3259 2605 3361 2662 llic
3390 2622 3514 2662 cum

1941 2711 2112 2767 nollet
2127 2708 2379 2766 conﬁteri
2395 2721 2517 2763 esse
2537 2720 2760 2761 carnem
2772 2703 2990 2759 Domini
3005 2701 3249 2773 ejusdem
3263 2701 3520 2755 substan-

1941 2806 2032 2859 tiae
2059 2811 2116 2857 et
2145 2810 2358 2857 natura:
2406 2815 2515 2870 qua
2566 2805 2756 2852 nostra
2796 2804 2904 2862 est,
2939 2795 3175 2866 negabat
3218 2791 3427 2847 servari
3459 2791 3515 2846 in

1939 2893 2162 2952 Christo
2197 2892 2338 2948 duas
2361 2899 2589 2946 naturas
2621 2904 2734 2944 una
2761 2903 2888 2943 cum
2909 2902 3100 2943 earum
3124 2885 3329 2942 unione
3361 2903 3374 2939 :
3413 2899 3518 2940 nec

1942 2987 2049 3041 hoc
2075 2985 2250 3040 solum
2273 3025 2288 3048 ,
2340 2981 2436 3038 sed
2476 2980 2726 3052 quaedam
2753 2978 2928 3034 instar
2965 2977 3200 3031 monstri
3228 2984 3284 3030 et
3311 2974 3518 3029 absona

1942 3077 2204 3148 ﬁngebat.
2248 3074 2444 3130 Aiebat
2483 3074 2631 3128 enim
2659 3071 2903 3126 delatum
2930 3083 3053 3125 esse
3077 3081 3280 3137 corpus
3310 3065 3518 3121 Christi

1939 3183 1972 3224 e
1995 3169 2156 3232 emlo,
2193 3177 2250 3223 et
2295 3167 2467 3221 Deum
2513 3164 2777 3228 Verbum,
2805 3177 2931 3218 cum
2973 3175 3174 3230 corpus
3196 3175 3228 3214 e
3263 3159 3403 3214 caelo
3438 3159 3521 3212 in-

1941 3259 2172 3322 duisset,
2207 3272 2308 3328 per
2339 3255 2618 3326 Virginem
2649 3265 2907 3322 tanquam
2940 3267 3041 3322 per
3065 3250 3310 3306 canalem
3343 3257 3520 3303 trans-

1941 3365 2185 3415 measse;
2218 3356 2279 3402 ut
2299 3346 2554 3402 videatur
2579 3351 2742 3399 natus
2768 3359 2836 3398 ex
2874 3341 3128 3407 muliere,
3166 3345 3513 3396 cumtamen

1941 3448 2106 3494 natus
2139 3449 2251 3492 non
2309 3435 2400 3491 sit.
2458 3433 2574 3500 Hoc
2617 3431 2796 3488 aiebat
2840 3429 3194 3492 Manichacus,
3252 3428 3366 3482 imo
3403 3439 3520 3481 ma-

1942 3531 2026 3602 gis
2046 3529 2174 3593 hoc,
2216 3541 2380 3598 quam
2423 3524 2561 3580 illud
2599 3520 3040 3578 commentitium
3078 3526 3184 3574 est.
3231 3517 3324 3572 Sic
3352 3517 3520 3586 igitur

1944 3634 2109 3675 unam
2139 3629 2392 3674 naturam
2425 3614 2480 3670 in
2521 3613 2743 3670 Christo
2771 3625 3034 3682 perverse
3091 3608 3374 3680 professus
3413 3616 3520 3662 est.

1943 3709 2080 3767 Cum
2112 3709 2278 3780 igitur
2311 3706 2434 3762 duae
2462 3705 2573 3760 sint
2607 3714 2814 3775 partes,
2865 3718 2973 3757 una
3009 3699 3322 3764 Manichaei,
3353 3697 3522 3769 Apol—

1944 3803 2126 3859 linarii
2189 3811 2246 3857 et
2279 3799 2636 3872 Eutychetis;
2691 3797 2861 3852 altera
2907 3795 3086 3858 Pauli,
3131 3793 3411 3848 Theodori
3465 3801 3522 3846 et

1941 3891 2214 3956 Nestorii;
2265 3890 2341 3944 illi
2384 3880 2546 3944 unam
2597 3898 2874 3944 naturam.
2924 3885 2979 3940 hi
3024 3885 3164 3939 duas
3198 3884 3253 3938 in
3295 3882 3518 3938 Christo

1947 3985 2268 4049 inscienter",
2301 3998 2364 4038 ac
2392 3983 2538 4038 inter
2565 3997 2622 4036 se
2652 3990 2964 4052 pugnantes
2998 3987 3206 4050 ponant
3235 3993 3248 4029 :
3285 3977 3520 4030 istorum

1947 4076 2004 4130 in
2053 4075 2374 4130 alterutram
2445 4081 2659 4142 partem
2709 4070 2974 4142 pessimas
3025 4066 3424 4124 declinationes
3469 4075 3526 4120 et

1948 4167 2146 4237 impias
2191 4155 2571 4220 aberrationes
2616 4178 2880 4233 respuens
2943 4159 3185 4216 Ecclesia
3231 4156 3522 4217 catholica.

1949 4259 2131 4315 media
2153 4259 2297 4314 inter
2319 4267 2609 4326 utramque
2627 4255 2714 4309 via
2745 4254 2893 4324 regia
2921 4253 3146 4316 incedit,
3174 4265 3277 4305 nec
3300 4250 3366 4304 ad
3401 4265 3522 4304 eam

1949 4349 2232 4404 declinans
2261 4363 2384 4417 qua:
2419 4346 2640 4400 videtur
2679 4344 2746 4399 ad
2796 4345 3075 4398 dexteram
3114 4341 3377 4404 tendere,
3421 4355 3527 4394 nec

1949 4438 2016 4492 ad
2046 4453 2166 4493 eam
2189 4453 2310 4506 qum
2359 4437 2519 4506 plane
2555 4433 2732 4490 tendit
2773 4433 2841 4488 ad
2884 4431 3186 4488 sinistram.
3225 4429 3344 4484 Non
3379 4428 3526 4484 enim

271 4547 360 4600 νη,
380 4529 453 4600 μὴ
479 4529 802 4598 ὲγκλίνουσα
821 4530 899 4592 είς
921 4527 989 4580 τά
1021 4527 1284 4581 δοκοῦντα
1306 4527 1476 4596 δεξιά.
1507 4524 1642 4599 μηδὲ
1673 4531 1754 4590 είς
1778 4527 1838 4582 τὰ

1951 4525 2276 4598 simpliciter
2294 4527 2584 4598 proﬁtetur
2601 4541 2762 4580 unam
2784 4533 3036 4580 naturam
3059 4524 3116 4578 in
3131 4522 3370 4585 Christo,
3383 4521 3530 4575 sicut

274 4619 523 4692 προφανῆ
550 4618 834 4688 ἀριστερά.
865 4618 1024 4672 Κατά
1050 4618 1160 4690 γάρ
1187 4619 1415 4690 Μάνητα
1437 4621 1531 4673 καὶ
1570 4621 1851 4674 Ἀπολινά-

277 4730 391 4784 ριον
413 4711 508 4765 καὶ
542 4709 785 4779 Εὐτυχέα
818 4709 948 4779 μίαν
980 4709 1140 4778 φύσιν
1165 4711 1352 4774 ἁπλῶς
1373 4711 1468 4764 ἐπὶ
1495 4711 1732 4780 Χριστοῦ
1757 4710 1847 4766 λέο

273 4819 392 4873 γειν
420 4803 482 4856 οὐ
504 4801 894 4872 παραδέχεται,
919 4800 1056 4854 ἀλλὰ
1087 4802 1216 4871 μίαν
1231 4800 1394 4871 φύσιν
1415 4801 1504 4856 τοῦ
1523 4802 1658 4856 Θεοῦ
1677 4805 1849 4872 Λόγου

277 4893 706 4962 σεσαρκωμένην
743 4907 755 4919 ·
786 4889 875 4942 διὰ
913 4889 1012 4957 τῆς
1037 4890 1360 4960 προσθήκης
1398 4890 1494 4944 τοῦ
1518 4931 1533 4954 ,
1561 4910 1849 4965 σεσαρκω-

279 4985 476 5056 μένην,
525 4981 780 5052 δηλοῦσιν
812 4981 910 5052 τὴν
954 4981 1116 5050 φύσιν
1159 4982 1258 5052 τῆς
1303 4983 1746 5054 ἀνθρωπότητος,
1785 4988 1851 5057 ἦν

274 5080 308 5148 ή
344 5075 508 5144 φύσις
539 5074 635 5127 τοῦ
665 5074 802 5128 Θεοῦ
830 5076 1006 5142 Λόγου
1035 5073 1598 5146 προσλαμϐανομένη,
1633 5077 1749 5147 ἅμα
1789 5095 1850 5132 τε

277 5164 373 5218 καὶ
396 5165 495 5217 σὺν
518 5162 690 5234 ταύτῃ
719 5156 802 5225 εἷς
835 5161 1038 5232 Κύριος
1081 5159 1288 5231 Ἰησοῦς
1312 5162 1546 5232 Χριστὸς
1579 5163 1804 5230 γέγονεν
1833 5181 1848 5197 ο

277 5255 397 5310 οὐδὲ
439 5255 633 5325 αὑτὴή
665 5253 758 5306 τοῦ
787 5254 963 5322 Λόγου
986 5250 1148 5320 φύσις
1183 5252 1342 5323 ἑτέρα
1375 5255 1502 5324 παρ’
1535 5254 1734 5334 ἑαυτὴν
1758 5254 1880 5308 καὶ.

277 5347 387 5400 τῶν
432 5345 556 5398 κατ’
591 5345 762 5416 αὐτὴν
791 5343 1112 5412 θεοπρεπῶς
1165 5343 1502 5414 αὐχημάτων
1550 5345 1852 5416 γενομένη,

279 5439 326 5492 εἰ
355 5439 449 5492 καὶ
475 5441 534 5492 ὲν
564 5437 869 5508 προσλήψει
923 5435 1125 5506 σαρκὸς
1174 5436 1389 5504 γέγονε,
1421 5437 1622 5512 σαρκὸς
1671 5436 1728 5490 δὲ
1757 5439 1854 5508 οὐχ

280 5529 468 5593 ἀπλῶς
500 5545 515 5560 ⁶
549 5528 710 5582 τοῦτο
746 5529 864 5600 -γὰρ
909 5525 1256 5597 ’Λρειανικόν
1277 5542 1288 5556 ·
1328 5525 1469 5580 ἀλλά
1501 5525 1706 5596 σαρκὸς
1794 5529 1849 5580 ἰ-

279 5619 610 5691 ψυχωμένης
645 5636 658 5650 ·
696 5621 791 5674 καὶ
822 5619 946 5689 οὐχὶ
1037 5616 1402 5688 ἑψυχωμένης
1439 5617 1599 5688 μόνον
1623 5633 1637 5646 ⁸
1690 5617 1854 5672 πάλιν

282 5711 390 5780 γὰρ
431 5709 811 5780 Ἀπολιναρίου
859 5709 956 5763 καὶ
1000 5705 1160 5759 τοῦτο
1188 5721 1201 5734 ο
1273 5706 1387 5759 ἀλλ’
1489 5707 1854 5780 έψυχωμένης

286 5799 427 5874 ψυχῇ
460 5803 624 5874 νοερᾷ
653 5803 749 5856 καὶ
781 5801 974 5870 λογικῇ
995 5815 1008 5827 ⁸
1035 5799 1154 5853 οὐδὲ
1186 5802 1291 5870 μὴν
1319 5801 1417 5872 τὴν
1439 5800 1727 5872 ἀνθρώπου
1754 5800 1854 5870 φύ-

1954 4621 2306 4684 Manichazus,
2347 4617 2723 4688 Apollinarius
2743 4623 2800 4671 et
2842 4615 3158 4686 Eutyches,
3201 4611 3296 4666 sed
3341 4609 3528 4680 potius

1954 4727 2118 4768 unam
2153 4720 2408 4766 naturam
2438 4709 2606 4764 Verbi
2638 4709 2736 4764 Dei
2769 4708 3111 4764 incantatam
3139 4723 3153 4759 :
3179 4702 3528 4774 adiungendo

1953 4805 2124 4869 enim,
2156 4803 2520 4866 incarnatam,
2567 4801 2816 4856 declarat
2851 4807 3108 4854 naturam
3144 4795 3526 4860 humanitatis,

1953 4909 2115 4964 quam
2149 4899 2342 4948 natura
2391 4891 2553 4947 Verbi
2597 4892 2689 4946 Dei
2734 4889 3052 4958 assumpsit,
3118 4897 3174 4943 et
3202 4887 3366 4942 simul
3397 4900 3524 4942 cum

1955 4986 2059 5040 hac
2093 4984 2268 5040 factus
2292 4991 2378 5038 est
2410 4998 2556 5040 unus
2589 4983 2856 5038 Dominus
2877 4983 3040 5038 Jesus
3069 4980 3328 5036 Christus
3369 4995 3381 5031 :
3423 4991 3532 5032 nec

1955 5078 2070 5148 ipsa
2100 5085 2295 5131 natura
2317 5075 2481 5131 Verbi
2503 5077 2599 5132 Dei
2615 5075 2757 5130 facta
2785 5083 2873 5130 est
2901 5075 3006 5129 alia
3028 5083 3228 5144 praeter
3265 5071 3524 5142 seipsam,

1953 5178 2011 5222 et
2042 5183 2105 5222 ea
2139 5183 2262 5239 qua:
2295 5167 2397 5237 ipsi
2441 5176 2506 5222 ut
2535 5183 2656 5222 eam
2705 5168 2926 5232 decent,
2974 5166 3336 5228 conveniunt,
3385 5172 3530 5218 tamo

1953 5257 2057 5312 etsi
2081 5273 2303 5313 carnem
2320 5257 2618 5327 assumpsit
2637 5274 2653 5324 ;
2673 5273 2896 5313 carnem
2913 5273 3047 5312 vero
3065 5273 3177 5312 non
3201 5254 3530 5324 simpliciter

1954 5349 2272 5420 assumpsit,
2300 5349 2405 5404 hoc
2423 5349 2573 5403 enim
2587 5349 2782 5404 dicunt
2801 5348 3013 5416 Ariani,
3042 5349 3138 5406 sed
3168 5363 3392 5405 carnem
3405 5351 3533 5406 ani-

1955 5446 2185 5502 malam,
2239 5453 2342 5493 nec
2378 5438 2674 5494 animatum
2737 5445 2973 5502 tantum,
3028 5438 3139 5494 hoc
3169 5438 3316 5492 enim
3361 5439 3531 5494 tradit

1955 5527 2350 5598 Apollinarius,
2407 5529 2505 5583 sed
2561 5529 2743 5584 anima
2794 5528 3052 5584 rationali
3101 5539 3158 5584 et
3185 5529 3529 5600 intelligente

1954 5621 2240 5692 praeditam
2261 5639 2274 5675 :
2293 5636 2471 5691 neque
2487 5631 2746 5676 naturam
2767 5619 3006 5676 hominis
3025 5635 3190 5691 quam
3206 5599 3524 5690 assumpsit.

1957 5715 2012 5768 in
2085 5714 2322 5783 seipsam
2355 5713 2594 5778 refudit,
2629 5730 2739 5770 nec
2769 5713 2918 5768 illam
2953 5713 3128 5784 ipsam
3177 5711 3433 5777 mutavit,
3466 5720 3527 5766 ut

1957 5813 2113 5859 extra
2132 5804 2510 5860 deﬁnitionem
2538 5806 2658 5878 ejus
2687 5805 2994 5862 naturalem
3023 5811 3076 5862 et
3106 5801 3520 5882 substantialen:
