3938 6148
502 444 631 512 1491
1623 449 2004 510 TllEODORl

2111 448 2573 511 HAlTUENSIS
3628 431 3753 496 1492

490 565 741 631 poneret,
772 571 875 611 nec
906 555 1048 611 hanc
1079 558 1426 627 consumpsit
1462 567 1521 612 ut
1545 558 1686 629 ignis
1718 578 1900 615 ceram
1934 579 1947 613 :
1992 578 2004 614 I

2111 581 2123 618 ι
2155 576 2263 632 (τιν⁹
2287 552 2354 627 ἦς
2394 560 2452 611 ἐν
2480 554 2782 628 προσλήψει
2809 552 3057 621 γέγονεν,
3083 549 3164 612 εἰς
3196 545 3436 646 ἑαυτὴν.
3453 543 3747 646 ἁνέχεεν,ῆ

483 651 591 718 iam
622 656 735 701 tota
767 646 1021 701 deﬁnitio
1066 662 1189 716 quae
1223 648 1337 704 bzec
1369 648 1633 712 declarat,
1681 653 1761 704 sic
1791 667 1821 704 a
1862 652 2004 721 piisc

2156 652 2325 718 αὐτὴν
2358 651 2574 717 ἐκείνην
2598 640 2909 717 ἠλλοίωσεν
2931 643 3039 709 ἐξω
3073 641 3169 695 τοῦ
3198 640 3350 693 ita-ci
3383 638 3485 691 τὸν
3520 636 3748 744 φυσικξν

478 738 783 793 Catholicis
796 738 1062 792 eﬁ'eratur
1090 756 1104 791 :
1137 738 1253 794 Una
1279 748 1477 795 natura
1492 741 1656 797 Verbi
1674 743 1768 797 Dei
1794 744 2004 797 incarna

2153 741 2322 808 αὐτῆς
2354 741 2450 792 καὶ
2477 738 2709 808 ούσιώδη
2756 738 2883 807 ὅρον
2928 737 3021 788 καὶ
3054 734 3235 800 λόγον,
3262 730 3423 791 οὐδὲ,
3451 730 3532 792 ὼς
3582 729 3746 831 rapid;

482 836 555 889 ta.
588 829 775 881 anima
809 827 1064 881 rationali
1093 837 1151 881 et
1190 827 1533 899 intelligente
1550 830 1799 900 praedita.
1834 831 2004 885 Rursu

2154 832 2284 904 πῦρ.
2315 832 2518 901 ταύτην
2536 830 2957 898 ἐξεδατιάνησεν.
2983 828 3148 880 Ὥστε
3174 826 3269 878 τιν
3297 823 3428 876 ὅλον
3455 824 3591 889 ὅρον
3622 823 3744 874 ταῦ-

475 920 912 975 ecclesiasticum
949 919 1144 991 dogma
1176 939 1284 976 non
1307 923 1528 990 probat,
1561 932 1622 976 ut
1649 923 1897 977 dicamus
1917 924 2004 977 sin

2151 942 2220 977 τα
2259 923 2524 993 δηλοῦντα
2572 924 2772 975 οὑτωσὶ
2806 919 3062 988 λέγεσθαι
3103 917 3240 987 πρὸς
3280 916 3413 968 τῶν“
3445 912 3701 967 εὐσεϐῶν
3724 932 3737 945 ·

474 1013 694 1082 pliciter
741 1013 881 1067 duas
929 1021 1158 1067 naturas
1217 1014 1270 1068 in
1324 1013 1572 1079 Christo,
1611 1015 1751 1070 sicut
1817 1016 2004 1069 Paulus

2152 1015 2268 1069 Μία
2329 1012 2488 1082 φύσις
2547 1013 2642 1066 τοῦ
2690 1011 2825 1065 Θεοῦ
2886 1011 3060 1077 Λόγου
3109 1007 3545 1075 σεσαρκωμένη.
3618 1018 3741 1071 σαρ-

474 1103 798 1161 Theodorus
838 1113 894 1159 et
921 1104 1241 1169 Nestorius;
1301 1106 1398 1160 sed
1440 1105 1578 1160 duas
1629 1115 1858 1161 naturas
1907 1107 2004 1160 sub

2149 1104 2207 1157 κὶ
2320 1104 2647 1174 ἐψυχωμένη
2679 1143 2695 1165 ,
2754 1104 2899 1171 ψυχῇ
2978 1101 3140 1169 νοερᾷ
3194 1100 3290 1151 καὶ
3340 1092 3573 1165 λογικῇ,
3638 1095 3741 1147 [li-

470 1194 804 1249 stantialiter
839 1195 1025 1249 unitas
1050 1214 1063 1248 :
1093 1197 1194 1251 hac
1216 1197 1367 1250 enim
1399 1196 1758 1267 adjunetione
1788 1198 2004 1252 excludi

2145 1194 2228 1247 λιν
2280 1194 2339 1247 δὲ
2401 1195 2543 1248 κατὰ
2596 1195 2809 1249 Παῦλον
2861 1194 2957 1245 καὶ
3020 1191 3293 1259 θεόδωρον
3377 1187 3481 1241 καὶ
3534 1184 3737 1238 Νεστό-

468 1298 689 1336 omnem
710 1284 1098 1354 cogitationem
1129 1285 1471 1341 dividentem
1497 1295 1688 1349 eas,et
1718 1302 1816 1341 eos
1849 1302 2004 1340 omne

2143 1302 2257 1356 ριον
2288 1286 2382 1340 δύο
2403 1287 2594 1354 φύσεις
2626 1285 2813 1348 ἁπλῶς
2842 1286 2935 1337 ἐπὶ
2959 1282 3201 1353 Χριστοῦ
3233 1281 3424 1349 λέγειν
3473 1278 3734 1333 ἀποδεδο-

468 1373 560 1442 ξιιιί
594 1389 927 1444 quocunque
953 1376 1115 1430 modo
1145 1385 1417 1431 conantur
1437 1377 1754 1449 disjungere
1776 1378 2002 1432 unione:

2138 1378 2374 1447 κίμακεν
2401 1379 2429 1431 ὁ
2449 1378 2607 1447 λόγος
2629 1379 2658 1431 ό
2681 1376 3141 1446 ἐκκλησιαστικός
3173 1391 3188 1405 ·
3224 1373 3365 1426 ἀλλὰ
3390 1372 3497 1425 δύο
3538 1370 3731 1439 φύσεις

466 1479 641 1533 usque
674 1464 814 1518 adeo
868 1466 1277 1532 admirabilem,
1327 1477 1385 1522 et
1422 1483 1589 1538 supra
1640 1478 1943 1522 naturam:
1984 1484 2004 1521 ε

2135 1469 2407 1533 οὑσιωδῶς
2420 1471 2703 1540 ήνωμένας
2716 1486 2730 1500 ·
2752 1469 2840 1521 διὰ
2861 1471 2959 1537 τῆς
2978 1468 3083 1519 ἐπα
3237 1464 3341 1534 γῆς
3358 1462 3580 1530 ταύτης
3603 1461 3732 1512 ἀπο-

462 1567 573 1609 non
604 1554 781 1608 solum
817 1554 954 1611 duas
985 1568 1213 1612 naturas
1260 1557 1394 1612 dicit
1430 1558 1871 1613 substantialiter
1917 1558 2038 1611 uni-

463 1653 567 1708 tas,
597 1644 693 1699 sed
740 1646 944 1704 unione
986 1649 1328 1721 bypostatiea
1364 1651 1812 1730 inseparabiliter
1840 1660 1899 1709 et
1941 1652 2024 1709 inv

459 1739 687 1797 confuse
715 1742 914 1802 unitas.

870 2016 1194 2097 Expldnatio
1222 2023 1550 2100 deﬁnitionis.

530 2136 655 2193 llaec
696 2147 883 2195 autem
930 2142 1183 2199 deﬁnitio
1217 2145 1489 2217 dogmatis
1536 2164 1661 2203 cum
1715 2149 1851 2205 dicit
1895 2152 2035 2207 duas

454 2238 704 2301 naturas,
741 2229 1015 2301 signiﬁcat
1065 2234 1343 2290 diversam
1383 2239 1747 2293 substantiam
1781 2242 2030 2297 ‘duarum

2136 1560 2352 1615 ϐάλλων
2402 1564 2584 1617 πᾶσαν
2633 1560 2975 1630 διαιρετικὴν
3024 1559 3272 1619 ἔννοιαν,
3305 1556 3402 1608 καὶ
3462 1556 3558 1607 τὸν
3610 1553 3732 1606 καθ’

2130 1653 2308 1708 ὁτιοῦν
2353 1653 2735 1725 ἐπιχειροῦντα
2780 1650 3160 1719 διαζευγνύναι
3196 1649 3296 1717 τὴν
3329 1648 3508 1709 ὅντως
3553 1647 3733 1711 ὑπερ-

2140 1745 2252 1811 φυᾶ
2298 1746 2395 1796 καὶ
2471 1744 2784 1815 θαυμασίαν
2845 1744 3039 1797 ἕνωσιν
3073 1760 3086 1773 ·
3162 1740 3257 1795 καὶ
3320 1740 3382 1793 οὐ
3420 1737 3593 1807 μόνον
3641 1735 3731 1787 δύο

2138 1835 2329 1903 φύσεις
2354 1835 2630 1901 ούσιωδῶς
2659 1838 2964 1909 ήνωμένας,
2996 1835 3131 1889 ἀλλᾶ
3170 1834 3263 1885 καὶ
3285 1830 3480 1885 ἐνώσει
3506 1832 3577 1901 τῇ
3604 1818 3730 1882 καθ’

2135 1926 2432 1985 ὑπόστασιν
2451 1931 2833 1992 ἀδιασπάστως
2864 1930 2979 2000 ἅμα
3012 1929 3106 1983 καὶ
3133 1926 3479 1997 ἀσυγχύτως.

2605 2044 2932 2113 Ἐξήγησις
2969 2045 3074 2098 τοῦ
3099 2044 3265 2112 ὅρου.

2215 2156 2274 2210 '0
2302 2156 2358 2209 δε
2387 2155 2631 2220 τοιοῦτος
2664 2158 2810 2227 ὅρος.
2847 2157 2935 2210 διὰ
2986 2156 3083 2226 μὲν
3130 2153 3226 2207 τοῦ
3275 2152 3461 2219 λέγειν
3490 2149 3592 2202 δύο
3621 2146 3725 2215 φύ-

2134 2263 2267 2312 σεις,
2304 2247 2579 2319 σημαίνει,
2619 2248 2683 2301 τὸ
2723 2247 3037 2318 ἐτεῳγενές
3073 2246 3166 2297 καὶ
3209 2240 3549 2312 ἐτεροούσιον
3611 2238 3723 2290 τῶν

451 2324 778 2373 naturarum
826 2338 949 2390 quae
997 2334 1396 2393 convenerunt,
1450 2327 1755 2386 divinitatis
1820 2333 2004 2388 scilice

2134 2337 2502 2391 συνελθουσῶν
2531 2337 2623 2391 δύο
2647 2337 2887 2406 φύσεων,
2911 2335 3009 2403 τῆς
3038 2351 3097 2387 τε
3126 2327 3551 2402 προσλαϐούσης
3593 2326 3718 2380 θεό-

451 2421 575 2480 qua:
602 2411 922 2479 assumpsit,
950 2421 1006 2467 et
1031 2413 1390 2472 humanitatis
1420 2434 1542 2487 qua:
1570 2431 1848 2490 assumpta
1894 2434 1979 2477 est
2011 2440 2024 2475 :

450 2510 576 2554 cum
607 2496 1202 2583 dieitsubstantialiter
1226 2506 1427 2570 unitas,
1462 2506 1734 2577 signiﬁcat
1760 2524 1867 2563 non
1905 2524 2027 2564 esse

450 2587 856 2657 intelligendam
899 2592 1155 2648 unionem
1186 2594 1420 2651 duarum
1465 2606 1782 2654 naturarum
1826 2616 2026 2658 secun-

449 2679 582 2738 dum
608 2681 937 2737 benevolum
961 2682 1241 2751 aﬁ‘ectum,
1272 2696 1369 2743 aut
1393 2689 1556 2744 aliam
1585 2692 1878 2761 quamdam
1920 2710 2022 2749 nov

449 2770 655 2829 tionem
689 2771 1053 2840 habitudinis,
1087 2776 1183 2832 sed
1216 2778 1335 2848 ipsa
1356 2779 1667 2836 substantia
1697 2792 1751 2839 et
1772 2784 2022 2856 subjecto

446 2878 511 2918 ac
533 2878 593 2920 re
621 2865 1034 2942 consubsistere
1060 2862 1123 2922 et
1158 2871 1481 2941 coniunctas
1516 2888 1669 2940 esse;
1725 2890 1850 2930 eum
1886 2876 2023 2932 dicit

448 2955 654 3011 unione
689 2956 1054 3027 bypostatica,
1080 2959 1350 3029 signiﬁcat
1385 2978 1496 3019 non
1521 2965 1678 3034 prius
1705 2966 1876 3024 fuisse
1908 2969 2021 3024 for-

446 3056 645 3103 matam
680 3048 1103 3118 humanitatem,
1126 3061 1182 3106 et
1221 3053 1300 3108 sic
1334 3054 1387 3107 in
1415 3070 1536 3109 eam
1567 3056 1871 3128 ingressam
1894 3076 2017 3117 esse

442 3138 815 3204 divinitatem,
841 3140 937 3195 sed
963 3142 1169 3197 unitam
1194 3159 1315 3198 esse
1333 3144 1607 3203 divinitati
1632 3157 1748 3202 tum
1775 3150 2014 3219 primum

442 3231 831 3298 subsistendo;
887 3247 1014 3286 cum
1047 3233 1295 3305 adjungit
1341 3237 1780 3307 inseparabiliter
1825 3252 1882 3295 et
1925 3241 2014 3297 in-

2129 2448 2289 2499 τητος
2337 2430 2559 2499 καὶτῆς
2593 2427 3076 2500 προσειλημμένης
3125 2421 3577 2494 ἁνθρωπότητος,
3615 2418 3718 2470 Διὶ

2126 2519 2182 2572 δὲ
2230 2519 2324 2572 τοῦ
2361 2519 2543 2587 λέγειν
2585 2517 2861 2579 οὑσιωδῶς
2893 2513 3215 2584 ἡνωμένας,
3251 2508 3511 2579 σημαίνει
3540 2509 3606 2559 τὸ
3635 2507 3713 2574 μὴ

2126 2611 2247 2665 κατ’
2277 2610 2548 2670 εὐδοκίαν,
2579 2608 2612 2679 ἢ
2645 2609 2837 2678 ἑτέραν
2856 2605 2982 2674 τινὰ
3014 2601 3274 2674 σχετικὴν
3313 2602 3528 2653 ἔννοιαν
3560 2600 3711 2649 νοεῖ-

2126 2700 2250 2754 σθαι
2294 2699 2393 2771 τὴν
2442 2700 2552 2753 τῶν
2583 2698 2679 2753 δύο
2720 2698 2934 2769 φύσεων
2958 2694 3174 2757 ἐνωσιν,
3206 2691 3321 2747 ἀλλ’
3346 2691 3485 2760 αὑτῇ
3541 2688 3710 2756 οὐσίᾳ

2124 2791 2217 2843 καὶ
2252 2789 2599 2859 ὑποκειμένῳ
2620 2790 2715 2845 καὶ
2734 2791 3025 2858 πράγματι
3056 2782 3461 2850 συνυφεστάναι
3493 2780 3704 2840 ταύτας

2122 2884 2219 2937 καὶ
2249 2881 2648 2943 συντεθεῖσθαι.
2680 2882 2778 2935 Διὰ
2806 2880 2862 2933 δέ
2889 2878 2985 2932 τοῦ
3005 2878 3209 2944 λέγειν,
3243 2874 3438 2929 ἐνώσει
3467 2877 3537 2943 τῇ
3574 2874 3701 2926 καθ’

2122 2977 2453 3039 ὑπόστασιν,
2486 2973 2742 3045 σημαίνει
2789 2972 2848 3025 τὸ
2884 2972 2957 3040 μὴ
2987 2968 3256 3038 πρότερον
3291 2964 3697 3019 ὂιαπεπλάσθαι

2117 3067 2217 3138 τὴν
2249 3066 2666 3137 ἀνθρωπότητα,
2701 3063 2796 3116 καὶ
2816 3062 2990 3124 οὕτως
3020 3061 3157 3130 αὐτῇ
3184 3058 3553 3112 εἰσδεδυκέναι
3594 3057 3695 3126 τὴν

2117 3157 2371 3227 θεότητα,
2400 3155 2516 3209 ἀλλ’
2544 3156 2625 3208 ὅτι
2651 3153 2771 3207 κατ’
2809 3153 2943 3207 αὐτὸ
2971 3151 3030 3204 τὸ
3056 3149 3389 3218 ὑφίστασθαι
3410 3148 3510 3217 τὴν
3540 3148 3691 3217 πρὼ-

2116 3264 2216 3317 την
2259 3247 2434 3318 ἀρχὴν
2478 3247 2655 3316 ἧνωτο
2705 3247 2770 3315 τῇ
2823 3244 3056 3312 θεότητι.
3086 3240 3187 3294 Διὰ
3220 3241 3278 3295 δὲ
3306 3241 3401 3293 τοῦ
3438 3241 3688 3308 ἐπάγειν,

439 3321 698 3388 confuse,
742 3323 1054 3394 signiﬁcat,
1095 3334 1323 3381 naturas
1377 3343 1501 3397 quae
1547 3328 1821 3395 coierunt,
1875 3333 2004 3387 nihil

2116 3339 2498 3401 ἁδιασπάστως
2548 3336 2666 3406 ἅμα
2715 3337 2811 3388 καὶ
2855 3333 3214 3403 ἀσυγχύτως,
3252 3333 3513 3402 σημαίνει
3558 3331 3706 3400 μηδὲ.

438 3429 669 3470 navasse
692 3431 791 3485 per
817 3416 1100 3478 unionem,
1123 3418 1257 3487 quin
1281 3421 1465 3489 potius
1486 3436 1705 3490 semper
1724 3432 1783 3477 et
1805 3423 2005 3478 eodem

437 3505 599 3561 modo
637 3515 907 3567 servatam
938 3522 1061 3563 esse
1091 3508 1286 3563 barum
1319 3510 1604 3575 unionem,
1631 3519 1689 3567 et
1715 3521 2006 3584 utramque

435 3602 687 3655 naturam
720 3611 942 3651 manere
972 3598 1090 3653 sine
1115 3598 1224 3652 ulla
1258 3599 1644 3656 imminutione
1666 3601 1721 3656 in
1753 3603 2009 3659 substan-

435 3685 548 3741 tiaii
578 3700 677 3740 sua
711 3686 1035 3741 deﬁnitione
1059 3695 1115 3742 et
1139 3689 1372 3743 ratione.
1398 3689 1658 3747 Deﬁnitio
1691 3692 1863 3763 igitur
1898 3695 2006 3750 Ee-

433 3777 619 3833 eiesim
666 3776 983 3847 huiusmodi
1041 3778 1493 3845 adjunctionibus
1542 3799 1665 3853 qua:
1701 3786 2006 3843 calumnias

431 3868 620 3923 subire
662 3862 771 3923 non
823 3882 1097 3938 possunt,
1141 3887 1237 3928 eos
1293 3875 1387 3942 qui
1437 3892 1506 3930 ex
1557 3885 1791 3947 utraque
1848 3890 2007 3950 parte

430 3963 713 4025 aberrant,
743 3962 932 4032 procul
969 3963 1195 4035 relegat,
1245 3975 1302 4021 et
1344 3966 1428 4023 eis
1467 3969 1564 4041 qui
1589 3971 1880 4026 veritatem
1914 3988 2006 4028 cav

430 4054 690 4110 iumniari
721 4055 936 4118 volunt,
971 4070 1081 4110 non
1111 4057 1318 4117 prazbet
1346 4058 1552 4113 locum.
1599 4061 1659 4116 Si
1699 4062 1846 4116 enim
1878 4064 2004 4133 quis

427 4150 710 4209 studiosus
741 4150 1046 4213 dividendi,
1084 4168 1182 4221 per
1210 4153 1612 4211 confessionem
1638 4157 1872 4212 duarum
1896 4175 1998 4214 na-

427 4250 698 4303 turarum,
728 4240 868 4302 duas
923 4240 1265 4312 bypostases,
1315 4243 1379 4311 id
1417 4254 1522 4310 est,
1565 4245 1707 4301 duas
1737 4263 2001 4316 personas

426 4330 780 4387 introducere
806 4341 1062 4396 conatur,
1109 4332 1473 4405 redarguetur
1519 4336 1746 4405 quidem
1791 4340 1999 4395 nihilo-

424 4422 606 4478 minus
649 4422 1104 4492 adjunctionibus
1154 4425 1265 4484 illis
1303 4442 1441 4497 quas
1494 4429 1773 4495 diximus;
1824 4432 1999 4488 multo

425 4530 556 4569 vero
594 4501 775 4587 magis.
802 4516 975 4570 altera
1024 4515 1347 4574 deﬁnitione
1394 4518 1700 4590 dogmatis,
1734 4523 1850 4585 illa,
1907 4524 1991 4579 in-

419 4619 733 4673 quam,qua
755 4604 960 4659 dic-itur
988 4621 1095 4660 una
1128 4615 1324 4662 natura
1359 4609 1525 4665 Verbi
1553 4611 1644 4665 Dei
1685 4612 1987 4673 inearnata.

492 4692 619 4752 limo
648 4692 900 4751 deﬁnitio
932 4695 1221 4759 evidenter
1255 4700 1495 4758 ostendit
1524 4702 1670 4771 quod
1694 4714 1988 4774 ‘nunquam

419 4783 473 4843 in
505 4785 830 4841 universum
857 4788 1175 4845 humanitas
1196 4791 1399 4847 Christi
1429 4810 1596 4864 agens
1619 4797 1673 4849 in
1709 4797 1988 4869 hypostasi

417 4877 636 4946 cognita
691 4879 908 4943 fuisset,
948 4881 1056 4937 nisi
1108 4890 1305 4939 natura
1352 4884 1538 4941 divina
1582 4889 1746 4943 Verbi
1794 4891 1890 4946 Dei
1933 4892 1988 4946 in

418 4979 635 5025 uterum
659 4970 982 5040 virginalem
1010 4972 1279 5044 ingressa,
1301 4991 1370 5032 ex
1395 4977 1514 5046 ipsa
1550 4980 1715 5034 modo
1749 4980 1989 5052 inexpli-

413 5059 574 5119 cabili
607 5061 751 5116 hane
786 5070 1039 5123 naturam
1075 5067 1182 5124 sibi
1220 5068 1509 5125 i‘ormasset
1538 5080 1596 5125 et
1622 5071 1875 5141 fecisset;
1913 5074 1988 5131 ita

417 5160 476 5207 ut
533 5154 647 5208 ncc’
702 5155 820 5223 ipsa
878 5156 1057 5226 prima
1132 5158 1404 5231 principia
1456 5163 1658 5220 divina).
1729 5166 1987 5221 incarna-

416 5239 583 5296 tmnis
645 5251 901 5300 naturam
951 5258 1292 5312 assumptum
1346 5251 1467 5306 sine
1524 5251 1875 5307 substantiali
1927 5262 1985 5310 et

413 5332 649 5390 naturali
688 5335 1037 5395 habitatione
1082 5350 1293 5397 naturai
1335 5344 1494 5399 Verbi
1523 5345 1618 5400 Dei
1648 5345 1983 5402 assumentis

412 5420 753 5482 habuissent.
780 5428 848 5483 Et
876 5431 1011 5499 quid
1047 5432 1171 5487 dico
1203 5434 1470 5504 principia
1518 5436 1721 5491 divinse
1770 5436 1978 5491 forma-

410 5510 597 5577 tiunis,
636 5515 751 5571 sive
782 5520 1516 5592 incarnationis?siquidem
1548 5540 1647 5578 nec
1674 5525 1789 5593 ipsa
1819 5526 1977 5582 beata

410 5602 577 5674 Vtrgo
612 5603 873 5666 Virtutem
907 5610 1263 5669 fecunditatis
1300 5629 1467 5683 supra
1493 5624 1706 5668 naturae
1731 5615 1879 5684 leges
1908 5618 1977 5670 ad

409 5701 813 5770 procreandum
843 5702 1015 5768 lilium
1049 5706 1373 5773 accepisset,
1405 5706 1510 5769 nisi
1549 5723 1645 5776 per
1674 5707 1976 5770 adventum

477 5833 553 5899 (8)
598 5833 987 5902 ζωοπλτιστέας,

2087 4803 2154 4856 ἄν
2218 4817 2347 4856 ποτε
2422 4803 2481 4855 ἐν
2543 4800 2838 4854 ὑποστάσει
2909 4796 2971 4851 τὸ
3035 4796 3264 4852 καθόλου
3352 4797 3654 4895 γνωσθῆναι

2086 4893 2185 4964 τὴν
2243 4893 2385 4946 κατᾶ
2444 4892 2677 4963 Χριστὸν
2737 4890 3180 4960 ἀνθρωπότητα,
3239 4891 3290 4941 εἰ
3352 4889 3430 4959 μὴ
3487 4892 3520 4959 ἡ
3572 4889 3657 4939 τοῦ

2086 4985 2261 5053 Λόγου
2325 4984 2482 5054 θεῐκὴ
2550 4982 2713 5051 φύσις
2762 4980 3084 5034 Ὅπεισδῦσα
3149 4980 3250 5051 τὴν
3322 4978 3656 5050 παρθενικὴν

2110 3426 2572 3497 καινοτομηθῆναι
2630 3425 2729 3488 τὰς
2800 3423 3161 3484 συνελθούσας
3232 3422 3393 3491 φύσει
3443 3422 3532 3475 διὰ
3592 3421 3687 3488 τῆς

2109 3517 2382 3586 ἐνότητος,
2416 3516 2554 3574 ἀλλὰ
2610 3517 2703 3572 καὶ
2754 3516 2854 3587 τὴν
2886 3515 3082 3569 ἐνωσιν
3118 3513 3331 3567 τούτων
3375 3513 3465 3566 ἀεί
3506 3529 3566 3565 τε
3596 3511 3691 3565 καὶ

2115 3610 2376 3675 ὡσαύτως
2397 3608 2855 3680 διαπεφυλάχθαι,
2887 3610 2981 3662 καὶ
3020 3606 3288 3676 ἑκατέραν
3319 3606 3428 3659 τῶν
3470 3606 3680 3673 φύσεων

2107 3703 2395 3775 ἀμειιῖηως
2438 3705 2531 3757 ἐπὶ⁸
2587 3702 2667 3773 τῷ
2715 3701 2962 3771 οὐσιώᾷει
2999 3700 3168 3769 αὐτῆς
3219 3700 3334 3770 ὅρῳ
3380 3700 3476 3752 καὶ
3517 3698 3675 3764 λόγῳ.

2106 3797 2241 3858 Ταῖς
2273 3792 2366 3850 οὖν
2398 3793 2675 3858 τοιαύταις
2715 3794 3148 3864 ἀνεπηρεάστοις
3189 3793 3534 3859 ἐπαγωγαῖς,
3557 3790 3676 3850 τοὺς

2104 3885 2163 3953 ἐξ
2195 3886 2459 3957 ἐκατέρου
2495 3885 2695 3956 μέρους
2721 3883 3161 3950 ἀποσφαλέντας,
3187 3881 3408 3950 μακρὰν
3429 3881 3675 3948 ἀποπέμο

2106 3994 2266 4032 πεται
2297 3979 2326 4030 ὁ
2354 3977 2512 4044 λόγος
2539 3976 2637 4046 τῆς
2672 3975 3020 4045 Ἐκκλησίας,
3055 3974 3151 4027 καὶ
3172 3976 3287 4036 τοῖς
3320 3974 3673 4042 συκοφαντεῖν

2102 4068 2346 4125 ἐθέλουσι
2394 4068 2495 4138 τὴν
2532 4067 2813 4137 ἀλήθειαν,
2842 4067 3027 4136 χώραν
3074 4065 3136 4120 ού
3186 4064 3431 4117 δίδωσιν.
3468 4064 3532 4118 Ei
3580 4065 3671 4134 μὲν

2100 4161 2209 4230 γάρ
2238 4176 2321 4223 τις
2349 4158 2748 4230 φιλοδιαιρέτης
2777 4157 2866 4211 διὰ
2900 4156 3002 4225 τῆς
3033 4157 3148 4211 τῶν
3176 4156 3272 4209 δύο
3306 4155 3529 4223 φύσεων
3549 4158 3670 4225 dpo-

2100 4250 2310 4318 λογίας,
2342 4249 2434 4304 δύο
2489 4250 2838 4312 ὑποστάσεις,
2879 4248 3047 4316 ἤγουν
3094 4247 3394 4317 πρόστυπα,
3440 4263 3670 4313 συναγαο

2099 4345 2218 4411 γεῖν
2269 4341 2599 4413 ἐπιχειροίη,
2648 4342 2746 4411 οὐχ
2776 4341 2981 4411 ἥκιστα
3027 4339 3127 4409 μὲν
3189 4340 3283 4392 καὶ
3314 4341 3441 4402 ταῖς
3483 4340 3667 4410 τειροὶε⁴

2098 4435 2345 4506 χθείσαις
2368 4435 2707 4503 ἐπαγωγαῖς,
2724 4432 2904 4501 πολλῷ
2924 4432 2981 4485 δέ
3022 4430 3222 4502 μᾶλλον
3245 4430 3330 4500 τῷ
3361 4432 3537 4501 ἑτέρῳ
3567 4430 3666 4483 τῶν

2097 4528 2238 4598 ὅρων
2268 4526 2625 4594 διελάγχεται,
2656 4524 2750 4580 καὶ
2779 4524 2925 4595 μάλα
2950 4522 3165 4593 ῥᾳδίως.
3194 4521 3348 4591 Φημὶ
3369 4516 3428 4575 δὲ
3443 4521 3543 4591 τῷ,
3573 4519 3665 4591 μία

2097 4620 2262 4688 φύσις
2283 4615 2378 4671 τοῦ
2406 4617 2582 4685 Λόγου
2615 4614 3032 4685 σεσαρκωμένη.

2164 4704 2335 4773 Οὗτος
2404 4709 2514 4780 γὰρ
2569 4710 2597 4762 ὁ
2650 4708 2775 4777 ὅρος
2845 4703 3097 4776 ἐναργῶς
3163 4704 3470 4773 παρίπησι
3500 4745 3515 4770 ,
3569 4703 3661 4756 οὐκ

3035 4796 3264 4852 καθόλου
3352 4797 3659 4865 γνωσθῆναι
3770 4834 3775 4839 .

2087 5076 2286 5146 νηδὺν,
2338 5076 2396 5141 ἐξ
2472 5075 2641 5144 αὐτῆς
2712 5073 2939 5144 ἀρρήτῳ
3002 5071 3149 5143 λόγῳ
3219 5071 3430 5140 ταύτην
3495 5072 3652 5139 ἑαυτῇ

2091 5165 2462 5236 περιεμόρφου
2527 5164 2622 5217 καὶ
2672 5162 3108 5232 περιέπλαττεν,
3166 5160 3307 5216 ὥστε
3369 5161 3507 5233 μηδὲ
3562 5163 3653 5214 αὑ-

2087 5257 2183 5320 τὰς
2234 5256 2327 5319 τὰς
2388 5255 2607 5325 πρώτας
2666 5254 2762 5322 τῆς
2816 5252 3209 5327 ζωοπλαστίας.
3258 5253 3437 5323 ἀρχὰς
3495 5254 3651 5322 tam-

2087 5350 2244 5403 κέναι
2302 5349 2401 5416 τὴν
2466 5345 2906 5418 προσληφθεῖσαν
2972 5344 3157 5413 φύσιν,
3204 5344 3335 5398 ἄνευ
3402 5344 3650 5414 τῆςξοὺ-

2087 5440 2308 5502 σιὼδους
2339 5440 2434 5492 καὶ
2469 5440 2703 5509 φυσικῆς
2735 5438 3228 5509 ἐμφιλοχωρήσεως
3253 5437 3353 5505 τῆς
3377 5437 3648 5507 προσλαμ-

2084 5533 2391 5602 6ανομένης
2423 5533 2593 5604 αὐτὴν
2643 5529 2781 5586 Θεοῦ
2806 5532 2978 5600 Λόγου
3011 5530 3250 5600 φύσεως.
3288 5532 3398 5585 Καὶ
3434 5531 3489 5585 τί
3513 5531 3647 5596 λέγω

2083 5626 2180 5686 τὰς
2196 5624 2295 5693 τῆς
2322 5624 2673 5687 θεοπλαστίας
2689 5622 2763 5693 (8)
2788 5621 2983 5694 ἀρχὰς,
3014 5623 3222 5691 ὅπουγε
3241 5622 3353 5675 οὐδ’
3373 5623 3441 5677 ἂν
3456 5622 3588 5692 “hil
3616 5624 3644 5690 ἢ

2088 5713 2332 5787 μακαρία
2351 5712 2622 5784 Ιῐαρθὲνος
2645 5713 2779 5784 ὑπὲρ
2803 5713 2893 5767 τὸν
2919 5713 3044 5784 ὅρον
3070 5711 3167 5783 τῆς
3198 5711 3415 5781 φύσεως
3437 5711 3641 5782 γόνιμοι
