3938 6148
1194 328 1318 341 ροιο-ςηρ
1380 323 1458 336 ωλι-κ
1509 332 1536 335 -λ

252 444 391 519 1493

1481 445 1577 505 DE
1620 442 2208 505 [ΝΕᾹΠΝΛΤΙΟΝΕ.

3363 434 3495 497 HM

248 562 409 617 Ξιαϐε.
441 559 671 628 δύναμιν
698 556 779 620 είς
807 555 868 610 τὸ
889 554 1180 619 τεκνῶσαι,
1213 554 1288 625 μὴ
1311 552 1399 627 διὰ
1436 554 1532 623 τῆς
1564 550 1820 622 ὲνδημίας

1947 549 2093 605 lerbi
2125 547 2197 603 ad
2227 548 2337 602 hoc
2366 547 2602 617 impulsa
2631 553 2801 603 esset.
2844 544 3136 617 Quomodo
3161 548 3329 617 igitur
3377 549 3496 607 lucc

247 653 346 709 τοῦ
395 652 574 719 Λόγου
609 651 689 713 είς
716 647 878 701 τοῦτο
926 646 1383 719 παρορμηθεῖσα;
1412 645 1536 709 Πῶς
1561 638 1654 698 οὖν
1681 643 1819 712 αὕτη

249 746 282 812 ἡ
315 746 374 796 ὲν
404 738 626 811 Χριστῷ
681 737 1038 808 ἀνθρωπότης
1094 738 1151 789 ὲν
1200 734 1474 808 ίδιαζούσῃ
1529 734 1824 789 ὑποστάσει

251 833 378 887 καθ’
407 831 606 902 ἑαυτὴν
646 829 845 883 οὔποτε
893 827 1181 899 γενομένη,
1212 826 1328 882 ἀλλ’
1369 830 1426 880 ὲν
1472 826 1552 896 τῷ
1584 824 1825 897 προσλα-

250 926 469 994 ϐομένῳ
492 921 664 993 αὐτὴν
690 920 810 989 Θεῷ
834 920 1014 989 Λόγῳ,
1041 919 1104 971 τὸ
1132 915 1273 972 εἷναί
1300 935 1358 971 τε
1407 916 1498 971 καί
1527 916 1828 985 ὑποστῆναι

250 1013 514 1082 λαχοῦσα.
552 1010 853 1071 ὑπόστασις
886 1008 953 1061 ἂν
986 1006 1207 1078 λεχθείη
1254 1006 1404 1072 ποτὲ,
1451 1006 1485 1077 ἢ
1535 1005 1827 1076 πρόσωπον

257 1103 628 1160 ίδιοσύστατον
661 1099 783 1153 καθ’
808 1099 990 1161 ἑαυτὸ,
1019 1101 1116 1153 καὶ
1160 1099 1266 1153 ἀνά
1301 1098 1466 1169 μέρος
1494 1094 1832 1167 γνωριζόμε-

255 1209 347 1248 νον
381 1192 527 1262 ἔχοις
570 1189 807 1243 Ἠλίθιον
828 1188 999 1251 ὅντως
1035 1187 1129 1240 καὶ
1164 1187 1391 1256 μάταιον
1417 1185 1479 1239 τὸ
1506 1184 1678 1238 ταῦτα
1707 1199 1832 1236 συν-

254 1286 565 1355 ομολογεῖν,
599 1280 823 1335 καὶδύο
873 1279 1202 1342 ὑποστάσεις
1259 1279 1293 1349 ἢ
1337 1279 1604 1348 πρόσωπα
1650 1278 1834 1347 ζητεῖν

256 1374 355 1427 ἐπὶ
386 1373 478 1427 τοῦ
515 1370 759 1426 τοιούτου
807 1369 1273 1439 ἀποτελέσματος.
1328 1368 1392 1421 El
1424 1368 1556 1439 μήτι
1610 1367 1721 1437 ἄρα
1752 1382 1837 1429 τις

256 1468 372 1526 τοῖς
417 1462 622 1534 χείλεσι
666 1461 764 1533 μὲν
804 1463 940 1532 τιμᾷ
971 1461 1067 1514 καί⁵
1115 1460 1422 1524 ἀσπάζεται
1455 1457 1646 1518 ταῦτα,
1699 1459 1733 1529 ἡ
1780 1457 1838 1510 δὲ

258 1555 456 1626 καρδία
521 1552 686 1608 αὑτοῦ
735 1553 925 1622 πόρρω
980 1551 1175 1619 ἀπέχει
1219 1551 1315 1604 ἀπ’
1356 1549 1557 1604 αὐτῶν.
1591 1549 1753 1601 Ὥστε
1790 1548 1844 1603 ετ

256 1665 339 1710 τις
365 1645 605 1716 γνησίως
630 1645 723 1698 καὶ
743 1642 1206 1715 ὲκκλησιαστικῶς
1232 1641 1515 1712 ὁμολογεῖν
1544 1640 1715 1694 ἐθέλοι
1742 1640 1839 1704 τὰς

258 1741 316 1791 ἐν
344 1736 566 1808 Χριστῷ
598 1737 692 1790 δύο
744 1736 958 1805 φύσεις,
994 1735 1089 1787 καὶ
1141 1734 1223 1797 τὸ,
1260 1732 1359 1802 μία
1387 1731 1549 1801 φύσις
1581 1729 1676 1784 τοῦ
1702 1729 1839 1783 Θεοῦ

263 1829 438 1895 Λόγου
492 1827 914 1898 σεσαρκωμένη,
953 1825 1176 1887 ὑπτίαις
1209 1824 1366 1899 χερσὶ
1415 1824 1511 1876 καὶ
1558 1822 1841 1892 ὁλοκλήρῳ

261 1920 460 1991 καρδία
507 1919 914 1985 καταδεξάσθω,
953 1917 1031 1981 ὡς
1058 1916 1130 1970 τά
1160 1915 1540 1987 προειρημένα
1568 1914 1741 1982 δηλοῖ.
1772 1913 1834 1967 Et

260 2013 317 2066 δὲ
353 2013 573 2082 συγχεῖν
621 2013 770 2083 ἡμᾶς
807 2009 897 2064 διὰ
923 2009 1084 2063 τοῦτο
1129 2007 1343 2078 νομίζει
1378 2007 1478 2079 τὴν
1507 2005 1658 2059 Θείαν
1689 2008 1836 2059 οἰκο-

262 2103 479 2173 νομίαν.
524 2102 601 2167 ὡς
649 2102 745 2157 τοῦ
801 2098 1228 2172 σεσαρκωμὲνου
1258 2099 1352 2153 καὶ
1385 2097 1562 2163 άλλως
1596 2096 1837 2151 νοεῖσθαι

262 2191 597 2261 δυναμένου·
640 2192 792 2264 παρά
846 2191 938 2245 τὸν
986 2191 1090 2259 τῆς
1141 2189 1426 2252 εὐσεϐείας
1453 2188 1611 2269 λόγον
1659 2188 1840 2243 λαϐὼν

263 2284 360 2355 τὴν
380 2282 674 2355 ἐπαγωγὴν
700 2285 799 2353 τὴν
830 2272 990 2355 σαρκὶ
1009 2281 1354 2351 ὲψυχωμένη,
1373 2279 1517 2351 ψυχῇ
1553 2281 1715 2351 νοερᾷ
1745 2280 1841 2333 καὶ

264 2375 485 2444 λογικῇ,
523 2372 827 2428 παυσάσθω
854 2372 1045 2426 λοιπον
1095 2371 1190 2425 τοῦ
1238 2369 1674 2443 προφασίζεσθαι
1704 2386 1840 2442 προ-

267 2467 461 2535 φάσεις
492 2466 551 2518 ὲν
581 2465 898 2536 ἁμαρτίαις.

337 2550 462 2609 οἷον
487 2557 543 2611 δέ
575 2574 630 2610 τι
648 2557 822 2625 λέγω·
859 2555 943 2620 τὸ,
982 2554 1396 2626 σεσαρκωμένη,
1426 2555 1592 2624 φημὶ,
1618 2552 1842 2608 δύναται

269 2646 365 2699 καὶ
406 2649 473 2718 τῇ
518 2647 618 2718 μιᾷ
661 2645 819 2714 φύσει
871 2644 1251 2718 προσκεῖσθαι,
1297 2643 1393 2697 καὶ
1434 2643 1629 2713 ἑτέραν
1680 2645 1843 2712 φύσιν

268 2734 438 2808 ταύτῃ
489 2735 564 2805 μὴ
597 2736 931 2803 ἐπεισάγειν,
963 2734 1174 2805 τροπὴν
1213 2733 1269 2786 δέ
1310 2750 1435 2787 τινα
1461 2734 1580 2803 ἦτοι
1616 2732 1846 2802 μετασοη

268 2827 367 2899 λὴν
396 2828 598 2898 ταύτης
624 2828 938 2897 σημαίνειν·
968 2826 1157 2898 ὥσπερ
1188 2826 1423 2897 λέγομεν
1452 2826 1542 2880 τὸν
1567 2825 1843 2898 κρύσταλ-

269 2920 381 2982 λον,
422 2918 585 2987 φύσιν
630 2918 825 2983 ὓδατος
880 2914 1022 2972 εἶναι
1084 2916 1666 2989 κεκρυσταλλωμένην.
1711 2915 1842 2971 Ἰδοὺ

270 3010 380 3081 γάρ
416 3009 516 3081 τὴν
543 3008 706 3079 φύσιν
750 3008 843 3064 τοῦ
873 3008 1064 3072 ὓδατος
1101 3008 1230 3077 μίαν
1256 3007 1479 3073 ειδότες,
1508 3006 1603 3059 καὶ
1630 3005 1714 3071 τὸ,
1749 3021 1844 3059 κε-

271 3100 784 3172 κρυσταλλωμένην,
813 3100 983 3169 ταύτῃ
1011 3100 1327 3166 ἐπάγοντες,
1349 3096 1543 3168 ἑτέραν
1576 3096 1740 3167 φύσιν
1757 3095 1847 3148 διά

272 3190 370 3258 τῆς
400 3187 658 3258 τοιαύτης
698 3186 976 3257 σημασίας
1014 3186 1077 3238 οὐ
1107 3185 1555 3256 προσηγάγομεν,
1588 3184 1749 3254 μόνον
1783 3183 1842 3237 δὲ
1870 3227 1913 3284 C

274 3277 434 3348 πῆξίν
472 3294 594 3331 τινα
639 3278 769 3349 περὶ
806 3276 975 3347 αὑτὴν
1017 3275 1317 3345 γενομένην
1358 3277 1717 3347 νενοήκαμεν,
1754 3274 1842 3330 διά

271 3367 372 3437 τῆς
422 3364 986 3437 κεκρυσταλλωμένης
1027 3365 1231 3432 φωνῆς.
1275 3362 1420 3433 Πρὸς
1455 3362 1614 3416 τοῦτό
1640 3378 1839 3432 φαμεν,

272 3457 355 3511 δτι
403 3457 499 3509 ἐπὶ
552 3456 662 3509 τῶν
695 3454 954 3508 τοιούτων
1011 3453 1468 3524 ἀποτελεσμάτων
1508 3454 1608 3508 οὐκ
1657 3453 1842 3507 ἀναδιο

273 3547 663 3612 πλασιάζονται
714 3548 772 3600 αἱ
816 3545 1064 3600 τοιαῦται
1104 3544 1312 3615 φωναίο
1344 3546 1372 3598 ὀ
1406 3544 1515 3615 γάρ
1545 3543 1843 3598 ἀναδιπλα-

276 3641 509 3712 σιασμδς
540 3641 777 3694 ἐνταῦθα
806 3641 1080 3712 σημασίαν
1109 3638 1322 3707 φύσεως
1354 3636 1549 3708 ἑτέρας
1583 3638 1843 3691 ποιεῖται.

276 3728 422 3797 Οἷον,
469 3733 530 3786 ού
579 3731 858 3802 δυνάμεθα
885 3731 1065 3799 λέγειν
1093 3729 1284 3792 ὕδατος
1315 3728 1476 3798 φύσιν
1507 3727 1846 3798 κεκρυσταλ-

275 3823 531 3894 λωμένην
576 3820 932 3894 κρυστάλλῳο
965 3821 1092 3874 ἐπεὶ
1147 3819 1277 3890 παρ’
1307 3818 1446 3872 αὐτὰ
1490 3818 1848 3889 ὲσημήναμεν

275 3915 464 3984 ἕτερον
516 3909 655 3968 εἶναι
684 3912 784 3983 τὴν
828 3911 923 3966 τοῦ
971 3910 1163 3975 ὕδατος
1195 3910 1378 3979 φύσιν,
1414 3910 1507 3963 καὶ
1534 3909 1720 3981 ἕτερον
1750 3909 1848 3984 τὴν

275 3979 383 4061 τοῦ⁷
407 3979 780 4078 κρυστάλλου-ο
824 4003 901 4068 ὡς
928 4003 1094 4075 ἡνίκα
1117 4002 1351 4073 λέγομεν
1380 4001 1535 4069 ξύλον
1567 3979 1849 4072 κεχρυσωί

281 4098 442 4170 μένον
473 4094 689 4168 χρυσῷ·
718 4093 807 4149 διά
837 4094 946 4164 γάρ
972 4093 1071 4150 τοῦ
1099 4093 1608 4164 ἀναδιπλασιασμοῦ
1650 4093 1845 4147 τούτου

278 4191 580 4261 ὲνοήσαμεν
609 4186 739 4241 ἄλλο
761 4203 813 4240 τι
848 4182 989 4240 εἶναι
1015 4185 1076 4239 τὸ
1108 4184 1285 4250 ξύλον,
1318 4184 1412 4238 καὶ
1444 4184 1574 4240 ἄλλο
1598 4184 1689 4238 τδν
1716 4201 1850 4255 χρυ-

281 4283 394 4338 σόν.
428 4278 618 4343 Οὕτως
659 4274 754 4332 οὖν
802 4276 1058 4339 ἐνταῦθα,
1084 4279 1213 4331 ὅταν
1248 4278 1492 4350 εῐπωμεν
1529 4276 1657 4348 μίαν
1689 4276 1851 4346 φύσιν

278 4372 372 4426 τοῦ
419 4370 557 4426 Θεοῦ
606 4370 783 4439 Λόγου
847 4370 1299 4441 σεσαρκωμένην,
1363 4369 1526 4440 φύσιν
1599 4368 1849 4441 ἐναργῶς

280 4462 781 4536 ὑπεσημηνάμεθα,
839 4461 936 4516 καὶ
986 4463 1071 4517 ὅτι
1128 4462 1202 4534 μὴ
1259 4462 1398 4533 αὐτὴ
1453 4462 1487 4532 ἡ
1544 4460 1739 4531 θεότης
1772 4461 1853 4523 είς

1929 641 1986 695 in
2030 639 2255 701 Christo
2289 639 2628 701 humanitas,
2674 653 2800 691 cum
2850 652 3136 706 nunquam
3186 654 3287 707 per
3333 656 3392 694 se
3444 642 3498 694 in

1927 731 2156 803 propria
2181 744 2417 800 persona
2443 728 2630 788 fuerit.
2659 727 2754 783 sed
2785 729 2838 782 in
2863 729 3048 784 Verbo
3080 729 3176 783 Dei
3202 731 3351 799 quod
3378 747 3499 785 eam

1927 818 2249 887 assumpsit,
2274 833 2399 872 esse
2419 825 2475 870 et
2502 814 2810 871 subsistere
2835 817 3030 872 sortita
3054 825 3161 882 est,
3183 818 3501 888 hypostasis

1928 905 2039 962 dici
2073 921 2319 976 unquam
2361 904 2575 975 queat?
2618 911 2714 960 aut
2762 920 3054 975 personam
3087 907 3321 971 habeat,
3378 924 3502 978 quae

1927 1013 2030 1068 pro
2057 1005 2215 1067 parte
2245 1011 2343 1051 sua
2389 1012 2488 1066 per
2510 1011 2568 1051 se
2594 995 2952 1057 subsistat.'et
2978 996 3236 1065 privatim
3268 1006 3456 1052 notam
3482 1000 3505 1051 ?

1931 1088 2165 1143 Fatuum
2196 1086 2447 1157 profecto
2479 1095 2536 1142 et
2575 1102 2778 1141 vanum
2816 1094 2902 1141 est
2950 1087 3066 1142 hate
3101 1086 3356 1142 conﬁteri
3388 1130 3402 1152 ,
3449 1098 3507 1143 et

1931 1177 2071 1232 duas
2097 1176 2422 1247 hypostases
2452 1174 2570 1230 sive
2605 1188 2871 1245 personas
2890 1173 2955 1228 in
3008 1173 3114 1228 hoc
3139 1188 3309 1243 opere
3357 1189 3481 1242 qua:

1933 1285 2059 1324 rere
2088 1285 2104 1333 ;
2143 1268 2248 1322 nisi
2288 1267 2585 1338 quis'forte
2609 1266 2775 1321 labiis
2801 1265 3026 1335 quidem
3055 1265 3298 1319 honorat
3331 1275 3388 1318 et
3420 1279 3507 1317 os-

1935 1360 2153 1431 culatur
2188 1360 2324 1423 haec,
2375 1374 2473 1413 cor
2530 1366 2714 1411 autem
2742 1359 2863 1428 ejus
2900 1358 3063 1427 longe
3094 1356 3163 1410 ab
3212 1356 3296 1410 eis
3328 1357 3505 1410 abest.

1935 1450 2116 1517 Quare
2141 1449 2185 1504 si
2226 1449 2353 1519 quis
2389 1449 2635 1520 legitime
2662 1457 2719 1503 et
2755 1449 3137 1504 ecclesiastice
3168 1451 3308 1505 duas
3345 1456 3510 1503 natu-

1937 1558 2028 1597 ras
2051 1541 2106 1596 in
2151 1539 2377 1596 Christo
2401 1538 2653 1595 conﬁteri
2677 1539 2817 1601 vult,
2848 1555 3012 1593 unam
3042 1542 3208 1595 etiam
3254 1549 3511 1595 naturam

1936 1632 2103 1687 Verbi
2139 1631 2503 1693 inearnatam,
2545 1630 2725 1685 obviis
2776 1632 3034 1687 manibus
3068 1641 3127 1686 et
3179 1641 3295 1686 toto
3342 1633 3512 1688 corde

1939 1723 2328 1793 amplectatur,
2367 1731 2426 1776 ut
2461 1731 2623 1776 antea
2652 1721 2895 1782 diximus
2933 1740 2946 1776 :
2976 1722 3020 1776 si
3063 1724 3190 1792 quis
3227 1740 3364 1778 vero
3397 1725 3515 1778 exi-

1940 1813 2127 1868 stimat
2148 1811 2488 1867 confundere
2514 1827 2618 1866 nos
2664 1811 2770 1865 hoc
2804 1811 2970 1865 modo
3004 1812 3252 1869 divinam
3282 1828 3513 1869 (naeuo-

1873 1894 2147 1971 Bmiam,
2180 1905 2338 1974 quasi
2397 1904 2682 1975 adiunctio
2738 1904 3011 1960 incarnati
3063 1906 3225 1960 aliter
3278 1907 3512 1978 intelligi
3596 1900 3603 1905 ’

1937 1996 2132 2065 possit,
2156 2006 2213 2051 et
2236 1995 2339 2065 iste
2380 2010 2490 2049 non
2531 1995 2622 2065 pie
2673 1994 2913 2064 accipiat
2950 1995 3394 2066 adiunctionem,
3429 1998 3523 2052 in--

1938 2093 2222 2141 carnatum
2259 2100 2422 2140 carne
2452 2085 2692 2140 animata
2733 2086 2914 2141 anima
2948 2086 3289 2157 intelligente
3331 2096 3390 2144 et
3423 2103 3515 2145 ra-

1940 2176 2154 2243 tionali,
2190 2176 2410 2237 desinat
2458 2177 2560 2233 iste
2583 2191 2850 2233 excusare
2870 2178 3258 2237 excusationes
3296 2177 3352 2234 in
3379 2192 3515 2250 pec-

1940 2268 2097 2325 catis.

2012 2558 2196 2614 Dicam
2231 2557 2436 2614 clarius
2485 2577 2496 2612 :
2527 2551 2669 2614 Cum
2714 2558 2919 2614 dicitur
2955 2575 3063 2615 una
3105 2568 3305 2616 natura
3341 2558 3512 2617 Verbi

1943 2650 2248 2715 incarnata,
2285 2650 2587 2715 incarnata,
2636 2650 2883 2720 inquam,
2922 2658 3109 2721 potest
3161 2650 3385 2722 adiungi
3420 2652 3514 2708 uni

1943 2749 2186 2807 naturae;
2233 2750 2290 2795 et
2331 2742 2559 2795 alteram
2614 2741 2836 2810 quidem
2883 2752 3141 2796 naturam
3188 2757 3300 2796 non
3351 2741 3516 2797 indu-

1944 2845 2095 2894 cere,
2154 2830 2510 2885 mutationem
2582 2847 2713 2887 vero
2771 2832 3066 2902 quamdam
3119 2832 3236 2887 sive
3287 2845 3520 2887 conver-

1945 2924 2154 2978 sionem
2208 2923 2327 2993 ejus
2366 2922 2714 2992 signiﬁcare,
2771 2923 2917 2978 sicut
2967 2923 3205 2978 dicimus
3286 2923 3520 2994 glaciem

1944 3027 2067 3069 esse
2111 3021 2363 3079 naturam
2402 3022 2558 3082 aqua;
2611 3013 2974 3080 congelatam.
3020 3013 3238 3068 Etenim
3284 3013 3520 3069 scientes

1945 3119 2111 3160 unam
2164 3113 2420 3159 naturam
2472 3119 2627 3174 aqua:
2671 3120 2817 3168 esse,
2854 3114 2911 3160 et
2962 3106 3324 3176 at'iungentes
3365 3106 3520 3171 huic,

1946 3196 2311 3265 congelatam,
2347 3194 2572 3249 alteram
2613 3205 2865 3250 naturam
2917 3212 3016 3266 per
3063 3197 3206 3253 hanc
3244 3196 3523 3268 signiﬁca-

1947 3287 2154 3340 tionem
2190 3300 2302 3340 non
2347 3284 2708 3355 apponimus;
2738 3289 2908 3341 solam
2962 3296 3146 3341 autem
3180 3290 3521 3359 congelatio-

1945 3394 2070 3433 nem
2107 3378 2163 3432 in
2190 3394 2255 3434 ea
2287 3385 2485 3431 natura
2517 3377 2711 3433 factam
2740 3379 3111 3435 intelleximus
3140 3397 3205 3436 ex
3237 3382 3341 3437 hac
3362 3398 3522 3447 voce,

1945 3471 2307 3540 congelatam.
2356 3467 2437 3526 Ad
2474 3468 2591 3522 haec
2618 3469 2879 3534 dicimus,
2924 3470 3069 3539 quod
3105 3471 3159 3525 in
3204 3472 3521 3543 huiusmodi

1945 3561 2176 3629 eﬂectis,
2214 3563 2527 3634 huiusmodi
2547 3576 2709 3616 voces
2728 3575 2839 3615 non
2862 3560 3244 3630 duplicantur;
3271 3562 3524 3633 duplica-

1948 3653 2026 3709 tio
2061 3655 2207 3709 enim
2254 3656 2346 3711 hic
2383 3655 2844 3723 significationem
2904 3654 3134 3709 alterius
3176 3665 3386 3711 naturae
3410 3655 3525 3712 elli-

1948 3746 2023 3802 cit
2062 3764 2074 3799 :
2108 3748 2266 3802 verbi
2309 3750 2507 3819 gratia,
2560 3764 2670 3803 non
2716 3764 3011 3816 possumus
3047 3750 3235 3806 dicere
3264 3760 3524 3806 naturam

1948 3854 2103 3908 aquae
2126 3841 2468 3909 congelatam
2500 3842 2696 3912 glacie,
2719 3843 2849 3912 quia
2879 3843 3064 3897 statim
3088 3843 3527 3914 signiﬁearemus

1949 3928 2097 3983 aliud
2141 3946 2264 3985 esse
2312 3938 2564 3985 naturam
2601 3947 2776 4001 aquae,
2819 3942 2877 3989 et
2917 3933 3068 3987 aliud
3120 3942 3373 3988 naturam
3408 3934 3526 4005 gla-

1951 4020 2092 4085 ciei;
2156 4020 2302 4077 sicut
2334 4036 2460 4077 eum
2521 4022 2761 4077 dicimus
2805 4022 3017 4093 lignum
3063 4031 3315 4079 auratum
3361 4040 3523 4088 auro,

1951 4110 2324 4179 duplicatione
2362 4111 2502 4167 facta
2547 4112 2904 4184 intelligimus
2954 4113 3104 4168 aliud
3156 4128 3279 4168 esse
3311 4113 3525 4183 lignum

1952 4209 2009 4257 et
2035 4201 2182 4256 aliud
2206 4219 2425 4258 aurum.
2449 4203 2541 4260 Sic
2569 4204 2738 4274 igitur
2759 4204 2873 4269 hie,
2928 4220 3052 4259 eum
3088 4204 3329 4260 dicimus
3361 4221 3533 4259 unam

1954 4300 2205 4346 naturam
2235 4292 2333 4347 Dei
2354 4294 2521 4348 Verbi
2553 4295 2916 4358 incarnatam,
2943 4302 3002 4350 et
3029 4295 3303 4361 addimus,
3327 4312 3526 4361 carne;

1954 4390 2207 4436 naturam
2245 4383 2429 4438 carnis
2481 4383 2938 4455 signiﬁcavimus,
2972 4393 3029 4440 et
3065 4385 3214 4455 quod
3261 4385 3530 4442 divinitas

1956 4489 2067 4529 non
2093 4484 2178 4530 est
2208 4484 2419 4533 mutata
2450 4477 2504 4532 in
2537 4472 2782 4544 carnem,
2815 4480 2913 4536 sed
2939 4479 3085 4551 quod
3121 4495 3355 4535 manens
3379 4480 3530 4550 quod

280 4557 458 4628 σάρκα
504 4554 962 4628 μεταπεποίηται,
1002 4554 1140 4609 ἀλλὰ
1176 4555 1410 4624 μείνασα
1441 4555 1582 4625 ὅπερ
1624 4549 1712 4622 ἦν,
1763 4552 1843 4606 διὰ

1958 4573 2099 4628 erat,
2140 4582 2237 4635 per
2264 4569 2536 4631 velamen,
2575 4569 2627 4624 id
2677 4580 2783 4635 est,
2813 4587 2911 4642 per
2939 4586 3161 4626 carnem
3192 4549 3534 4641 assumptam

279 4650 372 4703 τοῦ
400 4649 917 4718 καταπετάσματος,
952 4646 1096 4702 τοῦτ’
1130 4646 1245 4702 ἔστι
1283 4650 1383 4710 τῆς
1408 4647 1854 4720 προσληφθείσης

280 4742 371 4795 ὑπ’
432 4742 602 4812 αὐτῆς
652 4739 876 4811 σαρκὸς,
935 4741 1067 4811 ἡμῖν
1114 4740 1521 4811 πεφανέρωται.
1591 4737 1854 4803 Ἐντελῶς

280 4835 387 4906 ἄρα
422 4835 516 4888 καὶ
536 4836 574 4905 ή
600 4833 826 4903 τοιαύτη
857 4831 1054 4899 ἔννοια,
1087 4832 1174 4888 διὰ
1221 4831 1312 4886 τοῦ
1348 4828 1854 4902 ἀναδιπλασιασμοῦ

280 4927 593 4982 ἀποδέδοται
619 4924 830 4979 τούτου.
1626 4968 1631 4971 ,

346 5020 415 5073 «Εἰ
440 5019 495 5072 δέ
525 5036 608 5083 τις
634 5018 795 5073 πάλιν
822 5017 1150 5088 ἀναχυτικδς
1175 5017 1270 5069 καὶ
1301 5015 1647 5087 συμφύρτης,
1682 5031 1855 5085 προσ-

284 5113 422 5165 ίεται
459 5110 558 5181 μὲν
584 5110 676 5164 τὸν
708 5108 953 5164 τοιοῦτον
995 5108 1144 5178 ὅρον,
1173 5106 1248 5171 ὡς
1279 5107 1636 5178 συντρέχοντα
1678 5106 1735 5159 δὲ
1776 5104 1856 5176 τῷ

284 5200 446 5257 αὑτοῦ
475 5200 851 5271 δυσσεσήματι
872 5214 885 5228 ⁸
931 5198 1168 5269 μάλιστα
1197 5197 1295 5268 μὲν
1321 5198 1414 5250 καὶ
1450 5200 1506 5251 αί
1550 5196 1859 5268 προλεχθεῖ-

287 5310 375 5344 σαι
418 5291 706 5359 ὲπαγωγαὶ
749 5289 824 5352 ὡς
873 5289 1212 5360 πορρωτάτω
1239 5287 1338 5358 τὴν
1368 5287 1535 5341 αὑτοῦ
1564 5287 1857 5341 κακόνοιαν

285 5383 673 5435 ἀποσείονται·
707 5379 889 5449 πολλῷ
914 5379 971 5432 δὲ
1006 5378 1207 5449 μᾶλλον
1238 5380 1266 5431 ὁ
1297 5377 1487 5446 ἕτερος
1523 5379 1672 5448 ὅρος,
1695 5377 1723 5429 ὁ
1764 5378 1857 5430 τὸν

286 5475 521 5543 Χριστὸν
569 5474 626 5526 ὲν
664 5471 756 5525 δύο
806 5471 1003 5542 φύσεσι
1036 5470 1440 5541 γνωριζόμενον
1468 5469 1852 5538 ἀπαγγέλλων,

288 5565 404 5617 καὶ·
437 5560 1020 5636 λαοροκακουργοῦντα
1070 5561 1231 5614 αὐτὸν
1301 5560 1614 5631 ἀπελέγχει.
1684 5554 1861 5624 Οὗτος

288 5654 396 5724 γὰρ
428 5656 457 5707 ὁ
496 5655 619 5724 ὅρος
674 5652 973 5724 διαρρήδην
1006 5650 1103 5721 βοᾷ
1132 5649 1192 5702 τὺ
1223 5648 1449 5720 ἑδραίαν
1475 5649 1569 5704 καὶ
1594 5650 1856 5717 ἀνεκεροί-

288 5763 447 5814 τητον
483 5747 580 5813 τὴν
617 5744 849 5811 θατέροις
899 5741 1113 5811 φύσεως
1154 5741 1389 5808 ἰδιότητα
1420 5741 1523 5794 κάν
1566 5743 1632 5809 τῇ
1665 5740 1856 5793 ἐνώσει

295 5838 684 5909 μεμενηκέναι,
725 5835 864 5888 ὥστε
915 5834 1110 5906 ῥαδίως
1159 5830 1534 5900 διαγινώσκειν
1571 5830 1854 5897 δύνασθαι,

1956 4656 2119 4711 nobis
2151 4660 2430 4728 apparuit.
2475 4660 2725 4716 Perfecto
2775 4676 2908 4733 ergo
2954 4662 3271 4733 huiusmodi
3304 4669 3535 4718 senten-

1959 4747 2031 4802 tia
2082 4764 2180 4818 per
2232 4749 2376 4807 hanc
2435 4750 2866 4823 duplicationem
2914 4754 3188 4809 redditur.

2028 5014 2084 5069 Si
2125 5015 2250 5084 quis
2273 5029 2404 5069 vero
2443 5030 2636 5070 rursus
2667 5025 2892 5071 naturas
2922 5017 3268 5073 confundens
3296 5027 3352 5073 et
3379 5033 3535 5075 com-

1959 5104 2214 5164 misccns,
2245 5104 2750 5174 approbatquidcm
2779 5106 2921 5161 hanc
2945 5106 3347 5172 definitionem,
3377 5110 3534 5178 quasi

1959 5211 2082 5250 cum
2126 5196 2406 5265 impietate
2459 5196 2581 5265 eius
2621 5195 2785 5250 faciat
2832 5213 2896 5252 ac
2951 5199 3305 5266 consentiat;
3338 5200 3535 5271 adiun-

1959 5287 2171 5340 ctiones
2195 5299 2331 5355 quas
2358 5287 2513 5356 prius
2539 5286 2799 5351 diximus,
2823 5291 3057 5345 maxime
3086 5292 3308 5361 quidem
3334 5296 3532 5349 malam

1959 5386 2199 5430 mentem
2239 5378 2359 5446 eius
2409 5377 2730 5450 rctundunt,
2781 5380 2876 5434 sed
2924 5383 3096 5436 multo
3154 5385 3326 5455 magis
3354 5386 3534 5442 adhuc

1959 5468 2129 5522 altera
2179 5468 2451 5531 definitio,
2500 5484 2620 5536 qua:
2646 5469 2929 5525 Christum
2978 5472 3033 5527 in
3068 5473 3287 5530 duabus
3319 5478 3536 5533 naturis
3626 5518 3631 5524 ς

1959 5559 2207 5628 agnoscit
2241 5567 2296 5613 et
2338 5560 2653 5628 profitetur,
2689 5576 2928 5631 cumque
2961 5564 3200 5620 latenter
3235 5577 3289 5622 ct
3323 5584 3420 5636 per
3453 5567 3538 5623 in-

1960 5649 2130 5704 sidias
2160 5650 2349 5704 fallere
2378 5651 2677 5706 convincit.
2728 5652 2854 5708 Haec
2887 5656 3038 5710 enim
3070 5657 3318 5715 deﬁnitio
3344 5668 3536 5729 aperte

1960 5738 2159 5791 clamat
2192 5739 2583 5807 proprietatem
2626 5741 2913 5811 utriusque
2963 5754 3176 5802 natura:
3218 5745 3425 5801 ﬁrmam
3480 5759 3538 5799 et

1962 5830 2358 5885 immutabilem
2390 5832 2445 5885 in
2473 5830 2674 5888 unione
2702 5835 3000 5901 mansisse;
3034 5846 3093 5893 ut
3113 5837 3271 5894 facile
3297 5836 3534 5891 discerni
