3938 6148
395 349 411 408 Ι
433 349 526 411 {.33

1511 355 1901 415 TllEDDx’lRl
1944 356 2461 419 RlIAlTUENSIS

3523 352 3655 413 litiﬁ

390 463 587 533 possit,
610 461 739 531 quid
765 462 1046 531 proprium
1074 462 1273 515 habeat
1298 467 1726 532 unumquodque
1760 480 1964 517 cocun-
1996 476 2014 522 ι

2152 466 2282 519 ἴδιον
2326 468 2556 520 ἑκάστου
2603 466 2708 519 τῶν
2761 466 3148 527 συνελθόντων,
3180 464 3281 518 καὶ
3336 463 3397 514 τί
3430 461 3542 513 τῶν
3584 462 3658 513 οἱ·

392 557 549 619 tiutn,
604 564 660 608 et
702 555 831 623 quid
872 555 1155 623 proprium
1201 557 1572 610 communicet
1633 558 1961 611 alterutrum

392 664 516 702 cum
568 663 638 703 eo
684 647 828 717 quod
874 662 1060 701 secum
1100 649 1464 717 compositum
1512 656 1567 701 et
1610 650 1826 702 unitum
1857 657 1962 713 est,

392 749 447 793 et
477 739 609 809 quid
634 739 871 793 vicissim
907 738 975 792 ab
1005 754 1072 793 eo
1097 739 1345 808 recipiat.
1386 741 1497 794 Hoc
1530 749 1712 793 autem
1738 749 1821 793 est
1844 757 1970 810 pro-

395 830 575 899 prium
619 830 842 883 unionis
885 845 1073 883 revera
1129 830 1429 884 inconfusa:
1462 839 1516 883 et
1548 832 1876 900 purissimae,
1913 840 1970 885 ut

398 922 451 975 in
484 937 546 974 ea
574 931 874 975 cernantur
898 937 1019 989 quae
1044 931 1173 975 sunt
1214 924 1526 977 communia
1564 925 1848 978 ambarum
1878 940 1973 978 na-

400 1023 683 1078 turarum;
742 1021 799 1065 et
866 1012 1013 1081 quod
1078 1013 1360 1081 proprium
1436 1016 1706 1083 cujusque
1761 1031 1972 1068 earum.

401 1103 514 1159 Nisi
569 1103 716 1156 enim
769 1105 1005 1173 primum
1056 1105 1362 1174 proprietas
1410 1115 1797 1175 cognoscatur,
1830 1124 1971 1162 nun-

403 1213 567 1266 quam
614 1197 984 1251 communitas
1033 1207 1379 1265 agnoscetnr.
1423 1196 1710 1263 Quomodo
1741 1200 1888 1253 enim
1923 1199 1976 1252 in

406 1303 463 1341 re
493 1286 677 1354 aliqua
700 1287 792 1339 ﬁet
824 1288 1159 1351 communio,
1190 1287 1293 1342 nisi
1329 1288 1760 1358 unumquodque
1788 1304 1978 1343 eorum

406 1378 999 1448 quazcommunionem
1028 1378 1253 1441 habent,
1281 1381 1565 1449 proprium
1595 1381 1726 1450 quid
1753 1382 1985 1435 habeat?

409 1467 502 1521 Sic
522 1484 653 1537 ergo
688 1468 821 1520 mihi
845 1467 1135 1520 considera
1166 1486 1178 1520 :
1206 1467 1500 1537 Proprium
1547 1479 1631 1523 cst
1656 1479 1865 1525 naturre
1891 1470 1983 1524 Dei

410 1558 575 1612 Verbi
609 1573 731 1628 quae
764 1559 1062 1627 assumpsit
1100 1567 1351 1612 naturam
1408 1560 1725 1625 humanam,
1754 1576 1873 1615 esse
1897 1562 1985 1614 Fi-

413 1647 547 1701 lium
600 1647 738 1701 Dei:
780 1648 1065 1717 proprium
1106 1657 1318 1703 naturae
1369 1648 1621 1703 humana:
1673 1662 1986 1719 assumptre,

412 1753 534 1792 esse
569 1736 740 1791 ﬁlium
786 1738 1043 1792 hominis.
1096 1737 1188 1792 llis
1235 1737 1401 1808 igitur
1448 1740 1665 1794 naturis
1716 1741 1768 1794 in
1819 1736 1987 1795 unum

416 1831 741 1901 compositis
760 1841 829 1886 ‘ct
862 1834 1073 1887 ratione
1128 1834 1461 1905 cognitionis
1501 1845 1557 1890 et
1599 1837 1817 1892 nnionis
1851 1839 1992 1893 inter

417 1938 476 1978 se
522 1925 863 1978 coeuntibus
895 1965 908 1989 ,
981 1926 1241 1980 similiter
1279 1928 1685 1984 nominationes
1743 1931 1887 1984 inter
1934 1947 1992 1986 se

420 2023 639 2076 coeunt,
684 2021 740 2067 et
784 2014 1027 2068 vicissim
1058 2018 1563 2083 communicantur,
1617 2030 1675 2074 et
1717 2018 1853 2074 ﬁunt
1877 2036 1994 2075 am-

421 2107 504 2162 ba:
549 2122 695 2161 unus
742 2108 912 2162 Filius
961 2108 1055 2162 Dei
1107 2109 1267 2163 simul
1304 2118 1361 2163 et
1409 2111 1670 2177 hominis,
1702 2111 1755 2166 id
1789 2122 1872 2167 est
1901 2114 2028 2169 Dei'

424 2199 602 2254 Patris
633 2210 689 2254 et
738 2201 980 2269 Virginis
1021 2202 1233 2266 matris,
1278 2196 1344 2258 ut
1371 2203 1567 2258 beatus
1598 2205 1794 2259 Petrus
1819 2206 1996 2260 dixit:

426 2291 500 2347 Tu
534 2310 586 2346 es
619 2290 854 2347 Christus
898 2292 1064 2346 Filius
1099 2294 1190 2347 Dei
1218 2296 1319 2349 vivi
1354 2294 1367 2343 i
1395 2312 1409 2358 ;
1439 2305 1497 2349 et
1528 2295 1721 2351 beatus
1752 2298 1982 2351 Paulus:

427 2385 589 2448 Misit,
640 2385 839 2455 inquit,
899 2384 1092 2439 Filium
1150 2402 1302 2439 suum
1350 2386 1547 2455 factum
1592 2403 1657 2440 ea:
1691 2388 1911 2442 muliere
1954 2386 2003 2445 ³.

428 2476 688 2531 Doctrina
717 2475 885 2546 igitur
901 2476 1278 2531 ecclesiastica
1300 2477 1628 2546 reprehendi
1658 2494 1767 2532 non
1800 2488 2003 2548 potest,

430 2582 549 2635 qum
595 2582 719 2622 cum
765 2582 934 2620 unum
974 2566 1265 2620 Dominum
1296 2566 1481 2622 Iesum
1520 2567 1798 2635 Christum
1844 2569 2006 2624 simul

431 2660 603 2714 Deum
677 2668 734 2714 et
785 2659 1066 2714 hominem
1121 2659 1276 2721 dicit,
1328 2659 1466 2714 duas
1512 2668 1740 2714 naturas
1792 2659 1848 2713 in
1898 2675 2011 2714 uno

437 2752 669 2807 Domino
692 2752 819 2807 Jesu
848 2751 1072 2807 Christo
1095 2750 1385 2821 proﬁtetur
1411 2768 1423 2803 :
1459 2751 1605 2805 Deus
1634 2751 1780 2804 enim
1812 2767 2010 2829 nomen

439 2853 649 2899 natura:
684 2852 789 2908 est;
838 2857 893 2899 et
953 2844 1116 2898 homo
1159 2859 1359 2898 nomen
1412 2843 1545 2898 item
1602 2849 1839 2908 naturae;
1883 2843 2014 2911 quia

437 2948 572 3002 ergo
604 2932 750 2987 idem
778 2942 862 2987 est
891 2934 1036 2988 Deus
1064 2941 1119 2987 et
1151 2933 1338 2998 homo,
1378 2933 1584 2986 idcirco
1628 2932 1766 2986 duas
1792 2942 2018 2988 naturas

442 3041 613 3079 unum
660 3033 717 3078 et
756 3025 1009 3078 eumdem
1058 3023 1387 3077 conﬁtemur
1427 3023 1744 3077 Dominum.
1782 3024 2015 3089 Rursus,

2068 556 2229 608 κείων
2262 556 2497 609 ἕκαστον
2529 556 2778 626 ἀλλήλοις
2806 557 3064 627 παρέχον,
3092 556 3162 606 τὰ
3195 552 3359 621 παρὰ
3409 550 3509 603 τοῦ
3549 568 3659 603 σνν-

2070 646 2374 715 υφεστῶτος
2406 648 2498 701 καὶ
2531 648 2891 718 συγκειμένου
2924 648 3366 717 ἀντικομίζεται.
3402 645 3577 696 Τοῦτο
3605 643 3661 695 δὲ

2068 738 2489 809 διηρθρωμένης
2542 739 2714 804 όντως
2772 743 2865 794 καὶ
2919 740 3330 810 καθαρωτάτης
3386 735 3660 797 bit-35300;.

2072 832 2167 884 καὶ
2219 833 2286 885 τὰ
2336 832 2493 885 κοινὰ
2541 833 2636 885 τοῦ
2671 831 3108 903 συναμφοτέρου,
3146 833 3245 884 καὶ
3281 830 3353 883 τὰ
3399 829 3512 880 ἴδια
3544 829 3663 879 ἑκά-

2074 940 2205 975 στου
2236 923 2347 976 τῶν
2378 925 2741 994 συνημμένων
2767 924 3077 994 ἐμφαίνειν.
3113 924 3176 976 Εἰ
3204 922 3316 991 γὰρ
3352 920 3431 990 μὴ
3468 920 3665 987 ἰδιότης

2077 1016 2295 1086 πρῶτον
2325 1016 2618 1085 γνωσθείη,
2647 1017 2756 1068 οὐδ’
2784 1017 2848 1069 ἂν
2878 1018 2911 1085 ἡ
2959 1016 3208 1084 κοινότης
3243 1012 3664 1082 ἐπιγνωσθήσε-

2075 1126 2187 1163 ται,
2230 1108 2351 1172 Πῶς
2409 1108 2520 1180 γὰρ
2578 1110 2610 1179 ἡ
2663 1107 2719 1161 ἔν
2768 1126 2873 1161 τινι
2939 1108 3195 1159 κοινωνία
3227 1107 3564 1175 γενήσεται,
3598 1104 3669 1171 μὴ

2081 1200 2290 1268 ἔχοντος
2323 1201 2555 1254 ἑκάστου
2589 1200 2698 1252 τῶν
2731 1198 3128 1253 κοινωνούντων
3170 1197 3301 1249 ἴδιόν
3332 1213 3420 1261 τι;
3470 1194 3673 1246 Σκόπει

2080 1292 2137 1345 δὲ
2180 1292 2385 1354 οὓτως·
2423 1291 2586 1343 Ἶδιον
2625 1294 2723 1361 τῆς
2779 1291 3227 1361 προσλαϐομένης
3289 1285 3436 1339 Θεοῦ
3496 1284 3672 1349 Λόγον

2084 1382 2318 1449 φύσεως.
2370 1383 2429 1435 τὸ
2476 1379 2614 1436 εἶναι
2661 1382 2790 1435 Υἱὸν
2841 1382 2997 1435 Θεοῦ.
3055 1382 3215 1433 Ἰδιον
3260 1380 3364 1447 τῆς
3426 1375 3674 1445 προσλη-

2086 1471 2314 1541 φθείσης
2342 1470 2630 1543 ἀνθρώπου
2662 1470 2899 1539 φύσεως,
2931 1470 2991 1522 τὸ
3021 1465 3159 1521 εἶναι
3195 1467 3324 1521 Υἱὺν
3347 1465 3673 1534 ἀνθρώπου.

2087 1563 2444 1634 Κιρναμένων
2470 1558 2560 1616 οὖν
2589 1562 2699 1616 τῶν
2728 1561 2983 1615 τοιούτων
3019 1560 3253 1629 φύσεων,
3289 1561 3385 1612 καὶ
3436 1574 3681 1625 περιχω-

2092 1657 2300 1728 ρουσῶν
2331 1657 2410 1719 είς
2439 1656 2673 1725 ἀλλήλας
2720 1654 2799 1724 τῷ
2850 1654 2992 1723 λόγῳ
3023 1655 3120 1721 τῆς
3150 1651 3430 1720 συμφυΐας
3456 1648 3559 1700 καὶ
3586 1649 3683 1714 τῆς

2094 1750 2356 1813 ἐνὼσεως,
2392 1750 2686 1820 κιρνῶνται
2737 1750 2832 1801 καὶ
2877 1744 3280 1818 περιχωροῦσιν
3314 1744 3397 1804 εἰς
3428 1739 3684 1808 ἀλλήλας

2099 1844 2360 1907 ὡσαύτως
2403 1844 2497 1895 καὶ
2530 1842 2776 1913 κλήσεις,
2830 1842 2924 1893 καὶ
2968 1840 3178 1906 γίνεται
3224 1835 3545 1904 ἀμφότερα,
3608 1826 3688 1889 εἷς

2098 1937 2222 1999 Tib;
2247 1935 2381 1990 Θεοῦ
2398 1954 2457 1988 τε
2482 1934 2620 2005 ὁμοῦ
2642 1934 2735 1987 καὶ
2761 1932 3074 2004 ἀνθρώπου,
3105 1929 3248 1982 τοῦτ’
3275 1928 3391 1979 ἔστι
3418 1925 3518 1976 τοῦ
3545 1920 3688 1974 Θεοῦ

2098 2026 2313 2094 Πατρὸς
2356 2025 2452 2078 καὶ
2504 2025 2602 2092 τῆς
2656 2022 2934 2090 Παρθένου
2988 2019 3224 2088 μητρός·
3258 2012 3368 2070 οἷον
3394 2032 3413 2048 ⁶
3448 2014 3536 2068 Σὺ
3574 2008 3689 2067 eid

2098 2118 2352 2185 Χριστὸς
2378 2120 2411 2170 ό
2447 2116 2576 2179 Υἱὸς
2601 2115 2706 2169 τοῦ
2736 2115 2882 2169 Θεοῦ
2906 2112 3012 2167 τοῦ
3041 2110 3284 2175 ζῶντοςο
3308 2107 3402 2160 καί
3420 2123 3435 2136 ο
3494 2104 3693 2168 ἑξαπ-

2101 2211 2374 2265 ἐστειλεν
2395 2213 2426 2261 ό
2449 2209 2593 2273 Θεὸς
2622 2208 2728 2260 τὸν
2750 2206 2889 2259 Υἱόν
2914 2202 3101 2261 αὐτοῦ
3140 2202 3471 2269 γενόμενον
3489 2196 3566 2248 ἐκ
3588 2211 3695 2263 rue

2104 2304 2332 2365 ναικός.
2363 2302 2509 2370 Ἀρα
2544 2295 2637 2351 οῦν
2668 2295 2930 2367 ἀμεμφὴς
2956 2297 2984 2349 ὁ
3006 2290 3464 2361 ὲκκλησιαστιιώς
3489 2287 3694 2353 λόγος’

2104 2391 2189 2444 διὰ
2221 2392 2317 2459 μὲν
2345 2390 2438 2442 τοῦ
2471 2385 2610 2441 εἶναι
2662 2389 2758 2441 ἕνα
2788 2386 2989 2454 Κύριον
3037 2380 3245 2451 Ἰησοῦν
3288 2375 3527 2448 Χριστὸν
3556 2374 3697 2427 Θεόν

2106 2500 2165 2536 τε
2193 2482 2326 2550 ὁμοῦ
2374 2482 2464 2534 καὶ
2501 2480 2811 2549 ἄνορωπον,
2861 2479 2954 2530 δύο
2999 2476 3191 2545 φύσεις
3244 2472 3336 2525 τὸν
3379 2469 3547 2523 αὑτὸν
3597 2467 3699 2520 ἕνα

2111 2573 2313 2643 Κύριον
2359 2569 2563 2639 Ἰησοῦν
2599 2569 2832 2639 Χριστδν
2871 2563 3229 2633 ἀπαγγέλλων
3254 2578 3267 2591 ⁸
3292 2560 3505 2629 τὸγὰρ,
3532 2557 3697 2618 Θεὸς.

2112 2665 2324 2733 φύσεως
2353 2663 2544 2732 ὄνομα,
2573 2664 2667 2716 καὶ
2708 2661 2789 2717 τὸ.
2823 2660 3128 2729 ἅνθρωπος,
3164 2653 3426 2715 ὡσαύτως
3476 2650 3701 2719 φύσεως

2113 2757 2304 2824 ὄνομα.
2343 2755 2557 2822 Ἐπειδὴ
2589 2750 2683 2807 οῦν
2710 2756 2742 2806 ὁ
2768 2753 2929 2814 αὑτὸς
2949 2750 3080 2811 Θεός
3114 2750 3232 2802 ἐστι
3262 2745 3358 2799 καὶ
3384 2744 3702 2812 ἄνθρωπος·

2114 2848 2203 2902 διὰ
2226 2850 2382 2901 τοῦτο
2407 2849 2500 2900 δύο
2532 2848 2724 2915 φύσεις
2753 2840 2834 2908 εἷς
2858 2846 2886 2897 ό
2912 2842 3072 2904 αὑτὸς
3101 2840 3445 2911 ὁμολογεῖται⁵
3470 2836 3702 2903 Κύριος.

2119 2943 2289 2999 Πάλιν
2332 2942 2389 2996 δὲ
2435 2941 2522 2995 διὰ
2556 2941 2617 2994 τὸ
2660 2936 2801 2994 εἶναι
2852 2936 3014 2994 αὑτὸν
3052 2936 3148 2987 ἕνα
3191 2932 3327 2985 Υἱὺν
3352 2928 3446 2982 τοῦ
3468 2944 3527 2980 τε
3562 2924 3703 2978 Θεοῦ

2122 3038 2351 3108 Πατρὶς,
2392 3036 2483 3090 καὶ
2511 3036 2611 3102 τῆς
2653 3030 2931 3100 Παρθένου
2966 3025 3173 3097 μητρός
3198 3035 3214 3050 ⁸
3247 3023 3313 3076 τὸ
3340 3021 3399 3075 δὲ
3426 3020 3541 3082 υἱὸς
3581 3018 3703 3071 ὄνου

442 3114 573 3183 quia
611 3114 726 3183 ipse
771 3122 857 3167 est
902 3127 1045 3166 unus
1079 3111 1262 3200 .Filius
1313 3111 1404 3165 Dei
1460 3110 1641 3165 Patris
1686 3119 1737 3165 et
1782 3113 2014 3182 Virginis

2128 3149 2202 3200 μα
2232 3129 2579 3189 ὑποστάσεως
2612 3124 2849 3192 ὑπάρχει
2880 3116 3240 3189 σημαντικὸν,
3265 3113 3363 3167 καὶ
3381 3112 3443 3165 οὑ
3466 3108 3702 3178 φύπως.

444 3204 674 3265 matris,
712 3204 857 3259 ﬁlius
903 3188 1092 3257 autem
1152 3217 1352 3256 nomen
1396 3211 1482 3257 est
1530 3203 1863 3274 bypostasim
1912 3206 2025 3261 sive

447 3311 739 3368 personam
774 3294 1105 3364 signiﬁcans,
1140 3301 1196 3347 ct
1223 3309 1332 3347 non
1357 3304 1652 3361 naturam;
1686 3296 1894 3349 ideirco
1920 3313 2025 3351 una

450 3388 756 3458 Lypostasis
802 3395 1015 3441 natura:
1050 3385 1249 3441 divinae
1300 3394 1357 3442 et
1408 3384 1662 3442 humanae
1702 3385 1953 3442 Christus
1998 3404 2027 3445 a

449 3481 553 3551 piis
597 3481 931 3537 celebratur.

519 3570 767 3625 Ecclesia
805 3569 975 3639 igitur
1003 3582 1167 3621 unam
1202 3583 1497 3636 personam
1528 3577 1585 3624 et
1630 3569 1768 3624 duas
1801 3579 2030 3626 naturas

453 3661 765 3733 proﬁtendo
822 3661 1003 3715 media
1050 3660 1139 3714 via
1180 3661 1532 3731 ingreditur:
1582 3677 1763 3732 neque
1810 3674 2033 3733 propter

455 3752 715 3806 unionem
771 3750 1131 3805 Manichreum
1185 3752 1436 3821 sequitur
1500 3752 1639 3807 duas
1706 3762 1931 3808 naturas
1980 3756 2031 3809 in

456 3857 621 3898 unam
680 3841 978 3912 reﬁngens,
1026 3857 1206 3912 neque
1257 3852 1485 3913 prapter
1539 3844 1865 3898 divisionem
1902 3846 2035 3901 dua-

459 3949 580 3989 rum
621 3942 940 3988 naturarum
1010 3934 1314 3989 secundum
1368 3935 1753 4005 cogitationem
1805 3937 2033 3991 Paulum

459 4027 901 4081 Samosatensem
957 4034 1241 4089 sectatur,
1290 4041 1357 4080 ex
1412 4042 1518 4080 una
1571 4027 1847 4096 hypostasi
1901 4030 2034 4084 duas

459 4119 667 4175 iaciens
691 4136 705 4184 ;
740 4118 869 4187 quia
893 4133 1002 4171 non
1032 4116 1163 4171 facit
1191 4132 1635 4187 unamquamque
1656 4130 1906 4174 naturam
1942 4138 2039 4192 per

462 4227 533 4267 se
589 4200 924 4275 subsistere,
951 4210 1036 4265 vel
1098 4208 1427 4264 divisionem
1491 4210 1611 4265 sine
1663 4211 1892 4277 unione,
1948 4215 2036 4267 vel

463 4304 723 4358 unionem
769 4302 890 4356 sine
934 4301 1227 4356 divisione.
1261 4299 1370 4355 Sed
1419 4301 1581 4355 simul
1621 4301 1765 4355 inter
1801 4318 1858 4357 se
1905 4304 2043 4358 alte-

464 4410 584 4453 rum
614 4409 738 4449 cum
771 4394 983 4459 altero;
1016 4392 1171 4447 unite
1201 4392 1348 4446 enim
1376 4391 1593 4453 dividit,
1626 4409 1790 4446 unam
1819 4395 2039 4463 quidem

2128 3224 2223 3277 Διά
2251 3222 2409 3276 τοῦτο
2443 3222 2537 3273 καὶ
2579 3219 2676 3289 μία
2703 3215 3020 3277 ὑπόστασις,
3055 3209 3120 3264 τό
3167 3224 3232 3260 τε
3263 3207 3414 3259 Θεῐον
3443 3202 3578 3274 ὁμοῦ
3608 3202 3705 3252 καὶ

2127 3315 2466 3384 ἀνθρώπινον
2495 3314 2524 3365 ὁ
2562 3308 2794 3380 Χριστὸς
2835 3302 2990 3377 παρὰ
3036 3294 3567 3367 τῶνηεὺσεῆούντων
3617 3292 3705 3345 δο-

2084 3414 2089 3421 ’
2131 3408 2375 3477 ξάζεται.

2206 3565 2347 3620 Μίαν
2383 3559 2473 3617 οὗν
2512 3559 2810 3614 ὑπόστασιν
2841 3554 2935 3609 καὶ
2961 3552 3057 3608 δύο
3084 3550 3279 3621 φύσεις
3327 3543 3645 3619 πρεσϐεύων
3682 3543 3709 3594 ὁ

2132 3657 2288 3724 ὶνὶγος
2312 3655 2408 3723 τῆς
2449 3650 2802 3721 Ἐκκλησίας,
2844 3647 3017 3717 μέσην
3042 3642 3166 3696 τινὰ
3201 3641 3323 3694 ὁδὸν
3355 3636 3705 3724 πεπόρευται·

2134 3723 2257 3799 οὕτε
2290 3745 2376 3798 διὰ
2406 3745 2504 3811 τὴν
2552 3742 2747 3795 ἕνωσιν
2778 3737 3101 3806 Μανιχαῖος.
3132 3733 3229 3786 καὶ
3261 3732 3362 3792 τὰς
3393 3729 3583 3797 φύσεις
3616 3723 3711 3793 φύ-

2139 3854 2221 3889 σιν
2266 3834 2644 3892 ἀναπλάττων,
2670 3828 2794 3882 οὗτε
2836 3827 2925 3880 διὰ
2973 3824 3074 3891 τὴν
3122 3821 3417 3891 διαίρεσιν,
3461 3818 3561 3888 τὴν
3600 3816 3711 3869 κατ’

2139 3928 2380 3980 ἐπίνοιαν
2422 3925 2528 3977 τῶν
2585 3919 2884 3992 ἡνωμένων
2927 3916 3142 3985 φύσεων
3192 3909 3596 3972 Ιιαυλιανίζων,
3628 3905 3716 3958 καὶ⁵

2138 4020 2236 4091 τὴν
2260 4018 2557 4070 ὑπόστασιν
2585 4011 2915 4071 ὑποστάσεις
2945 4007 3115 4060 ποιῶν
3141 4021 3154 4034 ·
3193 4006 3278 4058 ὅτι
3312 4003 3393 4073 μὴ
3420 4001 3525 4055 ἀνὰ
3564 3999 3715 4068 μέρος

2140 4112 2196 4165 ἒν
2226 4112 2331 4163 τῶν
2360 4107 2637 4177 ὁποτέρων
2679 4106 2843 4163 ποιεῖ,
2876 4101 2909 4172 ἦ
2948 4098 3048 4169 τὴν
3090 4097 3360 4166 διαίρεσιν
3414 4094 3587 4165 χωρὶς
3627 4091 3719 4156 τῆς

2142 4204 2409 4267 ένώσεως,
2442 4200 2475 4271 ἢ
2514 4199 2610 4269 τὴν
2644 4197 2840 4250 ἕνωσιν
2875 4192 3046 4263 χωρὶς
3091 4189 3195 4257 τῆς
3238 4187 3587 4256 διαιρέσεως,
3617 4182 3719 4235 ἀλλ’

2143 4296 2257 4364 ἅμα
2287 4293 2381 4345 καὶ
2403 4291 2522 4343 κατ’
2555 4287 2823 4357 ἀλλήλων.
2862 4280 3186 4350 Ἦνωμένως
3210 4278 3323 4347 γὰρ
3347 4277 3575 4346 διαιρεῖ,
3605 4272 3724 4342 μίαν

2151 4388 2247 4457 μὲν
2280 4385 2578 4441 ὑπόστασιν
2604 4381 2799 4448 λέγων,
2841 4374 3033 4441 φύσεις
3063 4373 3117 4425 δὲ
3145 4370 3271 4423 δύο·
3307 4368 3404 4421 καὶ
3452 4369 3727 4435 διακεκρι-

465 4485 784 4557 hypostasin
826 4484 1039 4545 dicens,
1092 4490 1316 4536 naturas
1350 4497 1484 4536 vero
1534 4482 1717 4536 duas:
1767 4492 1822 4537 et
1868 4484 2014 4538 divis

2118 4491 2120 4507 ’
2151 4480 2325 4548 μένως
2363 4476 2647 4536 συνάπτει,
2680 4472 2772 4526 δύο
2808 4471 2907 4540 μὲν
2955 4467 3147 4534 φύσεις
3193 4465 3397 4531 λέγων,
3431 4461 3727 4513 ὑπόστασιν

465 4579 585 4633 unit
607 4595 621 4644 ;
645 4577 784 4631 duas
815 4575 1040 4645 quidem
1064 4585 1290 4629 naturas
1320 4572 1532 4631 dicens.
1554 4573 1873 4644 hypostasin
1908 4592 2042 4629 vero

466 4685 667 4733 unam;
709 4676 900 4722 contra
930 4674 1094 4734 atque
1130 4663 1185 4716 in
1217 4662 1489 4731 theologia
1523 4662 1811 4717 Trinitatis
1842 4679 2043 4717 secun-

467 4762 598 4817 dum
620 4759 945 4829 Gregorium
970 4756 1245 4827 Magnum.
1269 4754 1387 4809 Illic
1413 4754 1560 4809 enim
1584 4755 1678 4825 qui
1713 4754 1765 4809 in
1795 4757 2046 4825 personis

469 4853 690 4916 dividit,
727 4852 780 4905 in
818 4858 1017 4904 natura
1069 4848 1191 4902 unit
1231 4865 1243 4901 :
1289 4847 1377 4901 hic
1424 4856 1631 4909 autem,
1674 4847 1767 4916 qui
1832 4846 1887 4899 in
1946 4847 2047 4918 hy-

470 4944 678 5015 postasi
730 4942 873 5006 unit,
922 4942 977 4995 in
1029 4940 1243 4997 naturis
1285 4939 1502 4993 dividit.
1562 4939 1680 4995 lllic
1728 4939 1876 4994 enim
1922 4949 2051 4993 sunt

471 5035 791 5095 tliﬂ'erentes
841 5032 1066 5103 quidem
1118 5032 1462 5101 hypostases,
1496 5038 1691 5086 natura
1743 5044 1877 5084 vero
1908 5046 2048 5083 una:

473 5128 563 5182 hic
596 5134 806 5179 naturae
848 5122 1070 5193 quidem
1110 5121 1363 5185 diversae,
1403 5121 1716 5193 hyposlasis
1754 5136 1886 5175 vero
1922 5138 2050 5176 una.

476 5218 530 5273 Si
576 5217 700 5287 quis
729 5216 896 5289 igitur
921 5214 1225 5269 secundum
1256 5223 1495 5269 mentem
1533 5214 1792 5273 Ecclesia:
1830 5215 2053 5283 accipit,

477 5311 623 5379 quod
674 5310 911 5364 dicimus
963 5323 1126 5362 unam
1176 5306 1344 5362 Verbi
1388 5315 1641 5364 naturam
1692 5305 2055 5370 incarnatam,

480 5400 712 5469 accipiat
761 5400 892 5455 ilcm
924 5399 1181 5461 libenter,
1208 5397 1353 5467 quod
1394 5397 1630 5453 dicimus
1667 5395 1803 5449 duas
1834 5405 2059 5449 naturas

479 5493 917 5549 substantialiter
939 5492 991 5544 in
1025 5490 1245 5545 Christo
1279 5489 1478 5543 unitas.
1502 5488 1557 5543 Si
1586 5487 1732 5541 enim
1769 5487 1833 5540 ad
1871 5495 2059 5541 osten-

484 5584 725 5643 dendum
764 5594 821 5637 et
852 5582 1267 5653 signiﬁcandum
1291 5582 1584 5635 humanam
1609 5589 1883 5644 naturam,
1910 5588 2060 5650 post-

560 5762 578 5821 ι
623 5764 814 5823 Matth.
850 5779 958 5826 1m,
995 5763 1073 5817 l6.
1156 5764 1176 5801 ιι
1216 5761 1392 5817 Galat.
1444 5779 1516 5826 vi,
1554 5762 1606 5819 4,

2146 4572 2201 4626 δὲ
2229 4572 2359 4640 μίαν
2379 4585 2392 4599 ·
2426 4567 2661 4639 ἔμπαλιν
2690 4565 2785 4617 ἐπὶ
2815 4564 2915 4632 τῆς
2940 4560 3221 4628 Θεολογίας
3253 4555 3401 4610 κατὰ
3436 4554 3531 4606 τὸν
3566 4551 3730 4620 μέγαν

2149 4662 2473 4732 Γρηγὸριον.
2519 4657 2667 4711 Ἑκεῖ
2698 4656 2797 4726 μὲν
2822 4655 2928 4726 γὰρ
2955 4655 3077 4715 ταῖς
3114 4649 3459 4703 ὑποστάσεσι
3488 4640 3729 4710 διαιρῶν,

2152 4754 2261 4807 ἑνοῖ
2292 4755 2366 4821 τῇο
2408 4752 2603 4819 φύσει·
2650 4746 2899 4801 ἐντεῦθεν
2935 4746 2991 4797 δὲ
3043 4746 3109 4814 τῇ
3171 4738 3478 4793 ὑποστάσει
3524 4733 3730 4795 ἑνίζων,

2152 4846 2415 4915 διακρίνει
2450 4846 2567 4906 ταῖς
2607 4842 2854 4911 φύσεσιν.
2896 4840 3045 4891 Ἐκεῖ
3103 4837 3202 4905 μὲν
3251 4832 3364 4899 γὰρ
3412 4827 3733 4884 ὑποστάσεις

2140 4937 2421 5006 διάφοροι,
2471 4936 2633 5005 φύσις
2681 4933 2737 4986 δὲ
2778 4934 2811 5002 ἡ
2860 4932 3001 5001 αὐτή
3026 4946 3039 4959 '
3072 4927 3308 4981 ἐνταῦθα
3333 4926 3391 4979 δὲ
3424 4923 3616 4991 φύσεις
3646 4919 3735 4985 μὲν

2152 5030 2419 5097 διάφοροι,
2452 5027 2749 5089 ὑπόστασις
2780 5024 2836 5077 δὲ
2867 5024 2901 5093 ἡ
2931 5022 3093 5090 αὐτή.
3130 5020 3194 5072 El’
3224 5035 3308 5080 τις
3348 5012 3445 5069 οὖν
3477 5013 3621 5067 κατὰ
3651 5010 3736 5061 τὸν

2156 5120 2280 5175 νοῦν
2316 5121 2412 5190 τῆς
2460 5119 2786 5187 Ἐκκλησίας
2809 5116 3147 5185 ἐκλαμϐάνει
3187 5114 3271 5177 τὸ,
3308 5112 3441 5182 μίαν
3481 5109 3577 5164 τοῦ
3611 5102 3733 5158 Θεώ

2158 5215 2334 5281 Λόγου
2366 5212 2526 5279 φύσιν
2557 5209 3010 5281 σεσαρκωμένην,
3040 5205 3327 5267 ἀσπασίως
3359 5196 3735 5263 καταὰξάσθω

2160 5302 2254 5355 καὶ
2286 5301 2344 5354 τὸ
2370 5301 2462 5355 δύο
2498 5302 2689 5369 φύσεις
2718 5297 2991 5359 οὑσιωδῶς
3020 5294 3313 5365 ἡνωμένας
3347 5291 3535 5360 λέγειν
3570 5293 3628 5343 ὲν
3664 5284 3734 5353 τῷ

2161 5393 2403 5464 Χριστῷ.
2443 5394 2503 5446 Εἰ
2548 5393 2656 5462 γὰρ
2691 5393 2783 5443 ἐπὶ
2823 5388 3168 5460 παραστάσει
3209 5386 3305 5437 καὶ
3351 5382 3606 5454 σημασξᾳ
3646 5379 3736 5445 τῆς

2163 5485 2511 5554 ἀνθρωπίνης
2545 5484 2782 5553 φύσεως,
2829 5480 2966 5552 μετὰ
2993 5477 3055 5532 τὸ
3083 5479 3259 5530 εἰπεῖν
3299 5476 3434 5544 μίαν
3463 5472 3626 5532 φύσιν
3647 5465 3732 5520 τοῦ

2165 5577 2297 5630 Θεοῦ
2352 5578 2548 5645 Λόγον,
2602 5576 2794 5645 ἐπάγει
2841 5574 2921 5640 τὸ,
2954 5570 3391 5645 σεσαρκωμένην
3424 5584 3438 5599 '
3460 5563 3573 5622 ‘clw
3607 5564 3736 5632 λόγῳ
