3938 6148
215 415 349 479 1497

1435 419 1532 478 DE
1569 420 2157 481 lNCARNATlONE.

3326 414 3464 480 ’1498

207 529 392 582 λοιτέδν
425 527 715 582 ἀναδύεται
745 527 806 580 τὸ
834 525 926 579 δύο
955 527 1146 595 φύσεις
1187 528 1487 599 ὁμολογεῖν,
1525 531 1654 600 μίαν
1685 533 1781 601 μὲν

1888 549 2047 599 quam
2099 533 2241 587 dixit
2297 547 2462 586 unam
2523 539 2776 585 naturam
2827 531 2922 585 Dei
2970 528 3160 593 Verbi,
3218 530 3462 600 adjungtt

204 623 308 691 τὴν
335 621 430 674 τοῦ
469 621 604 674 Θεοῦ
636 621 830 686 Λόγου,
878 620 1073 690 ἑτέραν
1103 619 1158 673 δὲ
1188 621 1285 690 τὴν
1315 622 1684 692 ἀνθρωπίνην,
1716 625 1781 694 ἢν

205 713 368 776 αὐτὸς
398 712 488 766 διὰ
532 712 628 780 τῆς
681 711 1112 782 σεσαρκωμένης
1162 711 1362 774 λέξεως
1415 713 1782 784 ἀπαγγέλλειν

204 803 632 874 διισχυρίζεται;
666 801 701 856 ἃ
729 801 838 873 γὰρ
865 803 1118 872 ὁμολογεί
1146 802 1242 856 καὶ
1288 803 1610 874 ἀριθμείτω,
1645 804 1782 858 κατὰ

203 895 296 948 τὸν
340 895 517 966 μέγαν
561 893 860 957 Βασίλειον.
895 894 956 944 ΕΞ
1005 893 1060 946 δὲ
1104 895 1344 948 αἰτιᾶται
1378 895 1469 948 τὸν
1500 894 1594 948 δύο
1625 893 1783 965 ἀιιθ-

208 987 332 1054 μὴν,
367 985 444 1048 ὡς
473 983 786 1054 διχαστικὸν
814 1000 936 1036 τινα
965 984 1060 1036 καὶ
1084 984 1434 1056 διαιρετικὸν,
1469 986 1784 1052 γινωσκέτω

210 1077 288 1149 μὴ
317 1076 539 1147 εὔλογον
585 1072 725 1130 εἶναι
772 1077 873 1146 τὴν
917 1074 1174 1146 τοιαύτην
1207 1075 1561 1151 παραίτησιν.
1590 1077 1654 1128 Εἰ
1687 1076 1783 1143 μὲι.⁷

207 1170 336 1242 γὰρ,
361 1169 438 1232 ὡς
460 1168 556 1221 καὶ
583 1167 838 1238 ἀνωτέρω
857 1156 1276 1238 εἴρηται,είίτὼν
1293 1167 1320 1218 ὁ
1335 1168 1460 1238 ὄρος
1485 1164 1577 1218 δύο
1595 1165 1786 1233 φύσεις

205 1261 393 1323 ἁπλῶς
417 1262 476 1314 ὲν
507 1257 586 1330 τῷ
637 1257 858 1328 Χριστῷ
911 1256 1229 1326 γινώσκειν,
1263 1257 1358 1310 καὶ
1399 1257 1565 1328 μηδὲν
1597 1257 1785 1328 ἓτερον

207 1352 646 1423 προσεπιφέρων,
701 1350 1012 1413 ἀπεσιώπα,
1051 1347 1238 1418 χώραν
1279 1349 1410 1412 ἴσως
1460 1347 1631 1402 ἐδίδου
1665 1351 1786 1408 ταῖς

204 1443 486 1506 τοιαύταις
523 1441 803 1510 ὑποψίαις,
836 1439 910 1503 ὡς
963 1440 1146 1510 μήπου
1202 1438 1300 1509 τὴν
1345 1436 1544 1491 ἑαυτοῦ
1580 1437 1786 1491 ἔννοιαν

204 1535 420 1607 τρανῶς
438 1534 822 1606 παραστήσας.
855 1533 1001 1594 ὅπως
1025 1523 1144 1584 οίδει⁴
1166 1531 1268 1594 τάς
1285 1529 1542 1594 τοιαύτας
1567 1530 1660 1584 δύο
1680 1529 1784 1598 φύ-

207 1643 322 1688 σεις
361 1623 506 1695 ἔχειν
537 1623 674 1695 πρδς
713 1621 931 1684 ἑαυτάς.
969 1621 1104 1674 tatas
1130 1619 1325 1686 ἐπάγει
1349 1620 1444 1682 τὸ,
1475 1618 1783 1689 ἡνωμένος,

206 1719 302 1771 καὶ
337 1715 478 1787 πρὸς
511 1713 723 1777 τούτοις
754 1713 852 1782 τὴν
892 1712 1020 1782 μίαν
1053 1709 1313 1781 κηρύττει
1344 1707 1664 1770 ὑπόστασιν,
1693 1707 1784 1758 ού-

204 1810 262 1862 δὲ
293 1807 531 1862 ἐθέλον-εί
571 1823 678 1859 τινι
735 1803 1101 1872 συκοφαντίας
1142 1801 1305 1854 τόπον
1336 1799 1656 1880 παρέχεται.
1691 1798 1788 1850 Δέ-

205 1903 418 1955 δεικται
450 1895 545 1953 οὖν
593 1899 657 1952 ὲκ
693 1897 913 1960 παντὸς,
958 1897 1038 1948 δτι
1071 1882 1264 1948 ταυτὸν
1307 1891 1637 1963 ἀμφοτέροις
1669 1891 1782 1952 τοῖς
1815 1887 1853 1940 Β

205 1995 453 2064 ὁρισμοῖς
495 1989 706 2053 τούτοις
747 1988 808 2042 τὸ
837 1986 1104 2056 βούλημα,
1139 1984 1230 2037 καὶ⁸
1258 1973 1497 2056 biit-apo;
1541 1980 1636 2035 τοῦ
1669 1979 1782 2033 ἐτέ-

210 2100 304 2150 ρου
339 2077 734 2152 ἑρμηνευτικδς
766 2077 966 2146 μᾶλλον
993 2075 1088 2128 καὶ
1115 2067 1215 2126 οὐκ
1242 2071 1487 2134 ἐναντίος
1519 2070 1778 2140 ὑπάρχει.

207 2175 317 2226 Καὶ
348 2172 520 2226 ταῦτα
554 2171 653 2242 μὲν
681 2169 756 2233 ὡς
787 2169 846 2222 ὲν
877 2164 1299 2238 προεισαγωγῆς
1342 2162 1471 2217 εῖδει
1518 2160 1784 2231 λελέχθω-

206 2281 306 2318 σαν
331 2282 444 2318 νυν.

280 2447 344 2500 Ὃ
375 2445 419 2498 6.
468 2438 560 2498 οὖν
587 2444 617 2496 ὁ
647 2442 806 2510 λόγος
847 2440 1074 2513 ᾦρμητο
1117 2435 1506 2508 διηγήσασθαι,
1554 2436 1638 2488 ὅτι
1679 2435 1781 2505 τῆς

217 2533 546 2606 Ἑκκλησίας
575 2530 988 2604 παρωσαμένης
1013 2529 1110 2591 τὰς
1141 2528 1226 2596 ἐφ’
1277 2527 1516 2598 ἑκάτερα
1549 2525 1780 2597 τροπὰς,

206 2633 376 2701 μέσην
404 2647 462 2684 τε
497 2629 589 2684 καὶ
608 2626 982 2698 ἀληθεστάτην
1011 2621 1318 2694 τεμνούσης
1345 2622 1463 2676 ὀδόν
1487 2638 1500 2650 °
1543 2621 1782 2692 Σευῆρὸς

207 2741 286 2786 τις
315 2725 383 2794 τῇ
403 2723 508 2774 τῶν
532 2723 590 2774 ὲν
622 2717 924 2788 Ἀντιοχείᾳ
946 2715 1212 2787 προεδρίᾳ
1231 2713 1422 2768 ἑαυτὸν
1447 2711 1779 2784 είσωθήσας,

202 2813 301 2884 τὴν
331 2813 526 2882 ἑτέραν
573 2809 682 2863 τῶν
722 2807 1038 2879 ὁμομοίρων
1069 2805 1297 2872 τούτων,
1335 2807 1484 2860 τοῦτ’
1535 2806 1650 2860 ἔστι
1681 2807 1781 2878 τὴν

205 2905 344 2959 κατὰ
375 2905 588 2974 Μάνην,
631 2901 1010 2970 Ἀπολινάριόν
1057 2917 1118 2953 τε
1155 2901 1248 2954 καὶ
1280 2900 1550 2971 Εὑτυχέα,
1583 2900 1783 2954 διεκδι-

203 3001 320 3050 κεῖν
357 2997 640 3066 ἐπειρᾶτο,
688 2992 874 3048 κυκῶν
925 2993 1023 3061 ὅση
1071 2991 1298 3063 δύναμις
1336 2991 1484 3062 αὐτῷ
1535 2991 1636 3062 τὴν
1681 2994 1780 3062 τῆς

215 3088 541 3156 Ἐκκλησίας
563 3085 829 3156 εἰρήνην.·
855 3083 1098 3146 Ἑλαθεὶς
1129 3083 1188 3138 δὲ
1223 3085 1320 3152 τῆς
1356 3082 1673 3154 Ἀντιοχέων
1705 3082 1780 3146 ὥς

1888 624 2265 690 incarnatam;
2312 639 2482 694 quare
2532 633 2720 693 postea
2765 632 2982 678 recusat
3028 621 3277 676 conﬁteri
3326 621 3464 677 duas

1887 725 2136 780 naturas,
2184 733 2350 770 unam
2389 717 2614 786 quidem
2655 716 2751 771 Dei
2783 715 2977 778 Verbi,
3013 723 3072 768 et
3097 713 3326 768 alteram
3357 713 3460 766 hu-

1887 824 2125 870 manam,
2161 825 2323 878 quam
2357 809 2472 878 ipse
2513 807 2784 862 vocabulo
2821 803 3092 860 incarnati
3137 801 3368 857 allirmat
3403 817 3476 858 se.

1889 897 2180 970 proﬁteri?
2221 915 2344 968 qua:
2387 898 2534 952 enim
2580 896 2894 958 conﬁtetur,
2949 902 3229 956 numeret,
3286 901 3344 946 ut
3385 892 3464 946 ait

1887 1002 2116 1056 magnus
2156 987 2410 1041 Basilius.
2449 987 2506 1042 Si
2542 995 2724 1040 autem
2767 993 2990 1039 accusat
3035 983 3312 1036 binarium
3353 997 3463 1035 nu-

1887 1094 2100 1132 merum
2149 1085 2408 1148 tanquam
2469 1077 2806 1133 dividentem
2851 1084 2908 1130 et
2935 1075 3286 1144 partientem,
3327 1073 3464 1128 sciat

1887 1185 1999 1224 non
2037 1186 2160 1226 esse
2193 1171 2390 1225 rationi
2423 1177 2852 1225 conscntaneam
2896 1166 3213 1238 hujusmodi
3248 1180 3464 1233 recusa-

1890 1260 2117 1314 tionem.
2151 1260 2208 1316 Si
2245 1262 2416 1322 enim,
2453 1270 2514 1314 ut
2554 1259 2812 1330 superius
2833 1257 3042 1312 dictum
3073 1263 3178 1322 est,
3209 1254 3464 1309 deﬁnitio

1887 1366 2009 1419 qua:
2057 1350 2194 1404 dicit
2237 1351 2561 1421 simpliciter
2599 1349 2822 1420 agnosci
2859 1349 2913 1404 in
2943 1347 3163 1402 Christo
3197 1345 3334 1400 duas
3366 1361 3464 1399 na-

1889 1451 2064 1507 turas,
2105 1450 2160 1498 et
2197 1441 2336 1497 nihil
2379 1442 2538 1496 aliud
2569 1441 2892 1512 adjungens,
2934 1439 3198 1502 reticeat;
3230 1437 3463 1491 fortasse

1886 1534 2067 1588 locum
2110 1534 2328 1590 dederit
2379 1533 2695 1604 hujusmodi
2767 1529 3199 1600 suspicionibus,
3248 1537 3312 1582 ut
3365 1527 3461 1596 qui

1888 1640 1996 1678 non
2033 1624 2197 1694 plane
2234 1625 2567 1680 sententiam
2616 1639 2771 1679 suam
2826 1621 3144 1694 protulerit,
3185 1617 3464 1689 quomodo

1887 1713 2222 1786 intelligeret
2251 1715 2320 1770 ad
2361 1731 2419 1770 se
2449 1714 2685 1769 invicem
2715 1712 2942 1768 affectas
2972 1708 3291 1782 hujusmodi
3327 1707 3465 1762 duas

1889 1816 2132 1860 naturas.
2159 1807 2212 1862 Si
2238 1823 2372 1861 vero
2409 1807 2691 1877 adjungat,
2721 1805 2926 1866 unitas,
2945 1811 3002 1856 et
3039 1817 3202 1855 unam
3235 1807 3464 1869 praster-

1883 1915 1945 1952 ea
1979 1899 2299 1971 hypostasin
2371 1898 2653 1969 prardicet,
2689 1913 2758 1951 ne
2787 1895 2990 1950 volenti
3038 1893 3259 1962 quidem
3290 1890 3461 1944 ullum

1882 1991 2064 2046 locum
2095 1991 2187 2046 dat
2219 1991 2528 2046 calumniae.
2563 1991 3007 2044 Demonstratum
3039 1985 3204 2056 igitur
3236 1991 3321 2038 est
3347 1997 3465 2036 om-

1883 2083 2018 2137 nino
2072 2083 2330 2138 eumdem
2359 2096 2581 2137 sensum
2619 2095 2740 2134 esse
2781 2078 3073 2146 utriusque
3101 2074 3461 2140 deﬁnitionis,

1883 2183 1940 2229 et
1979 2174 2205 2228 alteram
2247 2189 2369 2228 esse
2414 2171 2646 2227 alterius
2674 2167 3218 2239 interpretationem,
3257 2173 3314 2220 et
3358 2164 3466 2218 mi-

1884 2265 2032 2320 nime
2106 2265 2464 2320 contrariam.
2546 2263 2614 2317 Et
2672 2261 2790 2316 iure
2857 2260 3126 2314 hactenus
3203 2265 3463 2326 tanquam

1886 2359 1940 2412 in
1989 2358 2230 2426 speciem
2285 2355 2704 2428 pmparationis
2737 2353 2885 2408 dicta
2933 2352 3046 2408 sint
3095 2365 3266 2404 nunc.

1953 2447 2107 2515 Quod
2135 2457 2320 2502 autem
2349 2461 2626 2518 coeperam
2653 2458 2952 2514 exponere,
2991 2440 3460 2512 quemadmodum

1884 2539 2127 2595 Ecclesia
2166 2540 2409 2610 explosis
2439 2535 2887 2594 aberrationibus
2914 2535 2968 2590 in
3013 2543 3305 2603 utramque
3339 2549 3464 2602 par-

1885 2641 1994 2688 tem
2042 2633 2188 2688 inter
2237 2648 2296 2688 se
2357 2631 2804 2688 dissentientium
2835 2669 2850 2695 ,
2908 2627 3090 2682 media
3139 2625 3243 2682 via.
3285 2641 3464 2695 caque

1883 2723 2194 2778 rectissima
2235 2722 2616 2794 ingrediatur;
2671 2721 2912 2778 Severus
2955 2718 3204 2789 quidam,
3250 2718 3344 2787 qui
3401 2733 3460 2773 se

1883 2816 1938 2871 iu
1957 2815 2336 2885 episcopatum
2361 2813 2621 2869 Ecclesiae
2647 2811 3040 2868 Antiochensis
3060 2810 3268 2872 intulit,
3299 2808 3461 2862 aliam

1881 2925 2046 2979 quam
2095 2909 2340 2978 ipsorum
2370 2907 2642 2963 sodalium
2683 2913 2912 2971 sectam,
2953 2904 3007 2959 id
3042 2913 3146 2970 est,
3179 2901 3465 2956 Manichazi

1881 3012 1939 3059 et
1983 3002 2312 3072 Apollinarii
2355 3009 2413 3058 et
2461 2999 2802 3072 Eutychetis,
2843 2996 3142 3053 defendere
3179 3008 3467 3064 aggressus

1882 3105 1986 3159 est,
2014 3095 2262 3160 turbans,
2291 3094 2469 3165 quoad
2494 3093 2696 3164 potuit,
2720 3101 2910 3163 pacem
2940 3089 3216 3144 Ecclesize.
3243 3087 3467 3158 Ejectus

204 3178 510 3246 στασιώδης
555 3175 650 3230 καὶ
691 3173 978 3246 ταραξίας,
1027 3177 1094 3246 τῇ
1149 3173 1542 3243 Ἀλεξανδρέων
1583 3174 1782 3242 κουφό-

1888 3202 2020 3240 vero
2065 3187 2134 3240 ab
2180 3185 2656 3240 Antiochensibus
2685 3191 2946 3252 tanquam
2985 3179 3248 3234 factiosus
3274 3187 3329 3234 et
3357 3186 3470 3231 lur-

209 3287 327 3339 ιητι
368 3267 630 3330 λαίλαπος
663 3266 756 3319 καὶ
799 3264 1030 3335 θυέλλης
1071 3265 1228 3334 δίκην
1259 3264 1583 3333 ἐνέσκηψεν,
1614 3263 1784 3316 Ἔνθα

204 3361 298 3414 καὶ
320 3359 514 3430 ἑτέρας
548 3357 860 3425 καταιγίδος
886 3356 1327 3426 ἀντιπνευσάσης
1353 3355 1522 3426 αὐτῷ,
1559 3355 1782 3426 ἡμερώο

209 3465 357 3531 τερος
398 3447 498 3516 μὲν
522 3448 616 3500 καὶ
638 3440 802 3519 ἦττον
824 3445 1070 3516 ζαλώδης
1105 3445 1180 3515 (9i
1212 3446 1376 3509 αὐτδς
1403 3445 1602 3499 ἑαυτοῦ
1629 3446 1778 3512 γίνε-

204 3559 293 3595 ται
315 3558 330 3573 ·
375 3543 425 3594 οἱ
454 3539 511 3593 δὲ
545 3541 640 3594 ὑπ’
673 3538 843 3593 αὑτοῦ
875 3539 1328 3609 κλυδωνιζόμενοι
1361 3541 1458 3593 καὶ
1487 3541 1785 3612 περιφερό-

205 3649 378 3704 μενοι,
426 3631 805 3701 διεσπάρησαν
850 3632 944 3684 ἀπ’
985 3630 1252 3701 ἀλλήλων,
1309 3632 1404 3684 καὶ
1449 3631 1784 3702 διῃρέθησαν

201 3729 464 3799 χειρόνως
501 3727 537 3798 ἦ
579 3727 864 3798 πρότερον.
911 3725 1236 3780 Διεσκέδασε
1267 3725 1375 3796 γὰρ
1415 3726 1616 3789 αὐτοὺς
1657 3726 1784 3778 Ἰουο

201 3819 408 3883 λιανὸς,
443 3819 732 3888 ὲπίχαρμα
761 3816 870 3869 τῶν
903 3815 1116 3888 ἐχθρῶν
1145 3815 1335 3880 αὐτοῦ,
1369 3815 1554 3880 καθὼς
1581 3817 1786 3888 γέγρα-

203 3929 354 3964 πται.
410 3909 702 3972 Ἰουλιανὸς
739 3909 796 3962 δὲ
839 3901 994 3971 οὗτος
1061 3908 1498 3979 Ἁλικαρνασσοῦ
1551 3909 1650 3980 μὲν
1686 3910 1784 3978 τῆς
1825 3962 1832 3969 ,

214 3997 402 4060 Ἀσίας
431 3996 730 4060 ἐπίσκοπος
759 3993 848 4068 ἦν,
878 3997 978 4066 τῆς
1015 3996 1071 4050 δὲ
1097 3998 1439 4070 Εὐτυχιανῆς
1473 3998 1786 4070 συμμορίας

202 4091 622 4162 προαγωνιστὴς
647 4089 1042 4160 ὲκθυμότατος,
1083 4091 1326 4162 Σευήρου
1373 4108 1438 4144 τε
1473 4091 1544 4144 τὰ
1591 4092 1785 4160 πρῶτα

203 4182 442 4255 συνήθης
475 4182 572 4236 καὶ
601 4181 776 4252 φίλος.
816 4182 1320 4254 συγκεκροτημένοι
1352 4201 1411 4237 τε
1441 4184 1612 4254 ἄμφω
1639 4165 1781 4237 κατά

198 4275 300 4344 τῆς
331 4273 630 4342 ἀληθείας·
695 4271 924 4343 ὕστερον
969 4272 1026 4326 δὲ
1085 4273 1421 4343 ἐμπεσόντος
1466 4275 1650 4338 αὐτοῖς
1687 4275 1782 4329 τοῦ

199 4365 448 4422 τοιούτου
479 4365 820 4434 ζητήματος,
853 4365 1086 4436 πότερον
1129 4365 1372 4434 φθαρτὸν
1409 4365 1572 4434 φύσει
1602 4365 1785 4435 λέγειν

197 4461 262 4514 τὸ
310 4459 471 4528 σῶμα
512 4457 608 4511 τοῦ
658 4459 864 4526 Κυρίου
911 4457 1066 4522 ποτὲ,
1113 4456 1148 4529 ἦ
1193 4458 1315 4512 οὐδέ
1363 4476 1530 4524 ποτε,
1569 4459 1685 4513 ἀλλ’
1725 4459 1785 4526 ἐξ

1887 3276 2171 3340 bulcnlus,
2212 3275 2378 3330 irruit
2415 3275 2590 3329 instar
2619 3273 2875 3343 procellae
2912 3279 2969 3325 et
3013 3269 3251 3324 turbinis
3295 3269 3350 3322 in
3390 3268 3468 3322 lc-

1889 3369 2112 3422 vitatcm
2150 3365 2647 3422 Alexandrinorum
2675 3368 2700 3428 ,'
2737 3362 2831 3417 ubi
2872 3361 2977 3424 alia
3007 3367 3336 3429 tempestate
3377 3373 3466 3413 re-

1886 3459 2054 3514 ﬂante
2097 3457 2440 3513 mansuetior
2477 3466 2535 3512 et
2571 3455 2754 3509 minus
2813 3451 3076 3508 turbidus
3119 3450 3298 3504 factus
3341 3456 3464 3511 est;

1885 3551 1984 3620 qui
2028 3558 2213 3605 autem
2247 3538 2316 3603 ab
2363 3564 2431 3605 eo
2475 3535 2992 3612 fuerant-ﬂuctibus
3034 3541 3225 3612 iactati
3264 3549 3322 3595 et
3354 3540 3466 3594 cir-

1887 3619 2146 3704 cumacti,
2179 3656 2210 3694 a
2240 3657 2298 3695 se
2324 3639 2457 3710 ipsis
2484 3638 2708 3693 fuerunt
2745 3633 2996 3700 dissecti,
3029 3619 3084 3687 et
3113 3631 3276 3688 divisi
3310 3631 3468 3702 pejus

1887 3749 2049 3804 quam
2105 3741 2288 3787 antea.
2343 3729 2616 3801 Dispersit
2661 3727 2812 3784 enim
2863 3742 2961 3782 eos
3010 3725 3283 3789 Julianus,
3324 3724 3468 3779 risus

1889 3823 2240 3880 inimicorum
2292 3837 2544 3885 suorum,
2593 3818 2966 3889 ut-scriptum
3023 3826 3128 3872 est.
3185 3817 3318 3872 Erat
3378 3815 3469 3870 hic

1886 3917 2138 3972 Julianus
2168 3915 2460 3985 episcopus
2506 3909 2877 3966 Halicarnassi
2925 3909 2982 3963 in
3011 3907 3160 3970 Asia,
3207 3905 3468 3961 defensor

1887 4006 2311 4062 ardentissimus
2354 4014 2523 4059 sectae
2563 3999 2910 4073 Eutychetis,
2979 3996 3138 4052 initio
3183 3995 3470 4050 lamiliaris

1887 4110 1944 4157 et
1991 4100 2205 4156 amicus
2258 4099 2448 4156 Severi
2493 4115 2506 4152 :
2545 4096 2710 4151 ambo
2740 4093 2891 4149 enim
2937 4099 3128 4148 contra
3178 4091 3469 4146 veritatem

1887 4192 2372 4262 conspiraverant,
2422 4198 2614 4260 postea
2661 4202 2797 4243 vero
2859 4185 3129 4241 dissidere
3181 4192 3472 4254 cceperunt

1877 4294 2008 4363 Zorta
2034 4286 2180 4342 inter
2205 4301 2300 4340 eos
2332 4281 2758 4353 disceptatione,
2790 4288 2975 4334 utrum
3000 4276 3297 4334 dicendum
3325 4284 3472 4331 esset

1886 4395 2090 4449 corpus
2129 4377 2337 4433 Christi
2387 4385 2586 4432 natura
2643 4373 2942 4446 aliquando
2991 4369 3352 4442 corruptibile
3395 4384 3471 4423 an

1885 4478 2190 4540 nunquam,
2241 4469 2337 4526 sed
2401 4469 2589 4540 potius
2643 4467 2712 4523 ab
2761 4468 2880 4537 ipsa
2937 4463 3142 4520 unione
3199 4461 3469 4518 sublatam

203 4550 370 4620 αὐτῆς
432 4551 532 4620 τῆς
603 4547 850 4612 ἐνὼσεως
907 4548 1294 4618 ἀπαρνηθῆναι
1365 4551 1464 4622 τῆς
1532 4551 1780 4623 φθαρτῆς

1888 4577 2008 4617 esse
2054 4560 2452 4632 proprietatem
2505 4567 2722 4614 natura:
2769 4555 3170 4626 corruptibilis,
3212 4562 3470 4622 tanquam

199 4639 418 4710 φύσεως
447 4640 510 4692 τὸ
537 4639 733 4710 ίδίωμα
757 4679 772 4705 ,
829 4639 909 4704 ὡς
936 4641 1064 4710 μιᾶς
1094 4640 1314 4710 φύσεως
1337 4643 1638 4712 γινομένων
1669 4643 1780 4698 τῶν

197 4735 315 4797 δύο,
381 4733 477 4787 καὶ
530 4736 631 4804 τῆς
685 4732 980 4796 οὐσιώδους
1021 4732 1288 4804 διαφορᾶς
1335 4735 1537 4806 ἀμφοῖν
1580 4737 1781 4808 μηκέτι

197 4825 634 4898 γινωσκομένης.
683 4825 780 4880 τοῦ
817 4825 876 4878 δὲ
913 4826 1226 4896 κρείττονός
1255 4843 1316 4882 τε
1343 4828 1438 4882 καὶ
1465 4827 1610 4882 θείου
1648 4830 1784 4900 μᾶλ-

195 4920 288 4972 λόν
331 4935 448 4980 πως
480 4917 870 4987 ἐκνικήσαντος
896 4917 1015 4988 ἃμα
1042 4921 1109 4988 τῇ
1147 4917 1336 4990 πρώτῃ
1365 4921 1651 4989 συναφείᾳ,
1690 4921 1784 4974 καὶ

197 5011 340 5081 πρὸς
379 5009 441 5061 τδ
487 5009 684 5062 ἑαυτοῦ
732 5009 930 5078 ίδίωμα
971 5009 1032 5063 τὸ
1057 5005 1221 5081 ἦττον
1261 5011 1320 5064 ἐν
1354 5011 1552 5084 ἀκαρεῖ
1574 5011 1782 5081 μεθαρ-

201 5101 475 5172 μόσαντός
495 5102 595 5171 τῆς
610 5100 732 5153 κατ’
761 5099 894 5154 αὐτὸ
917 5101 1157 5171 φυσικῆς
1186 5101 1469 5174 ἰδιότητος.
1500 5103 1695 5158 Κοινὸν
1727 5103 1783 5158 δὲ

197 5193 534 5266 ἀμφοτέροις
568 5192 841 5264 Ἰουλιανῷ
864 5195 960 5249 καὶ
981 5196 1119 5267 Σευή
1129 5213 1205 5268 ρῳ
1225 5198 1376 5250 τουτὶ
1400 5196 1461 5251 τὸ
1479 5197 1746 5268 ἀπόρημα
1764 5211 1780 5227 ”

199 5285 374 5356 ἄμφω
428 5285 538 5356 γὰρ
589 5287 688 5356 τῆς
729 5286 1066 5356 συγχυτικῆς
1115 5289 1464 5358 προεμάχουν
1511 5286 1779 5352 ὲνώσεως.

712 5395 868 5460 Δόξα
922 5397 1266 5452 Ἰουλιαγοῦ.

283 5507 575 5572 Ἰουλιανὸς
612 5507 744 5577 γοῦν
771 5507 950 5572 καλῶς
974 5510 1224 5577 ποι-ᾖτειν
1252 5509 1469 5581 διέγνω,
1497 5515 1546 5565 εί
1577 5513 1772 5568 παντάο

201 5617 368 5656 πασιν
393 5598 460 5662 ἐξ,
480 5599 724 5652 ἀπόπτου
767 5599 994 5670 χωρήσῃ
1030 5602 1172 5654 κατὰ
1203 5603 1300 5672 τῆς
1342 5603 1620 5674 ἀληθείας,
1684 5607 1778 5658 καὶ

205 5691 280 5763 μὴ
308 5689 489 5758 ἑαυτῷ
516 5708 573 5744 τε
597 5691 690 5744 καὶ
718 5689 891 5762 ταύτῃ
922 5689 1178 5761 πολέμιος
1274 5695 1368 5748 καὶ
1395 5695 1736 5767 ἀνάρμοστος
1761 5713 1775 5728 ο

1887 4650 2010 4705 duae
2046 4656 2259 4703 natura:
2301 4648 2460 4704 facta:
2488 4655 2678 4703 essent
2719 4662 2848 4710 una,
2893 4654 2953 4701 et
2997 4643 3307 4700 dill’erentia
3339 4642 3472 4696 sub-

1889 4741 2162 4797 stantialis
2213 4749 2428 4796 natura:
2473 4756 2584 4795 non
2635 4739 2873 4810 amplius
2915 4743 3266 4800 nosceretur,
3315 4735 3472 4806 quasi

1888 4830 2088 4886 melior
2115 4845 2264 4900 pars,
2297 4829 2352 4884 id
2406 4837 2491 4885 est
2519 4829 2728 4894 divina,
2764 4828 2926 4884 simul
2963 4841 3088 4882 cum
3123 4826 3243 4896 ipsa
3267 4825 3472 4880 unione

1854 4923 2136 4988 .vicisset,
2176 4931 2236 4978 et
2267 4922 2336 4978 ad
2367 4937 2522 4979 suam
2567 4921 2966 4993 proprietatem
3003 4919 3058 4974 in
3098 4927 3304 4990 puncto
3336 4928 3471 4973 tem-

1889 5013 2046 5082 poris
2076 5011 2348 5068 minorem
2375 5020 2589 5083 partem
2617 5027 2648 5067 a
2694 5013 2935 5068 naturali
2969 5013 3092 5085 ejus
3133 5011 3474 5084 proprietate

1891 5104 2287 5158 transtulisset.
2327 5103 2652 5160 Communis
2689 5114 2874 5160 autem
2923 5105 3238 5170 amborum,
3268 5104 3470 5160 Juliani

1889 5196 2105 5252 scilicet
2151 5205 2208 5251 et
2257 5195 2486 5261 Severi,
2553 5196 2673 5253 haec
2709 5197 3008 5253 dubitatio
3066 5208 3125 5254 et
3188 5197 3468 5268 quaestio:

1889 5289 2053 5345 ambo
2095 5289 2246 5346 enim
2289 5289 2553 5345 unionem
2594 5289 3026 5347 confundentem
3076 5288 3469 5346 defendebant.

2221 5403 2412 5474 Opinio
2439 5402 2650 5460 Iuliani
2696 5403 3102 5460 Halicarnasset'

1957 5516 2210 5574 Julianus
2241 5517 2410 5590 igitur
2433 5518 2666 5589 pulchre
2697 5533 2756 5574 se
2791 5519 3067 5575 facturum
3101 5518 3385 5591 cogitavit,
3421 5519 3470 5576 si

1887 5607 2104 5662 occulte
2143 5614 2201 5661 ct
2231 5605 2496 5662 insidiose
2548 5617 2739 5664 contra
2768 5608 3059 5664 veritatem
3091 5609 3314 5680 penitus
3343 5625 3464 5681 pros

1886 5698 2126 5764 cederet,
2175 5706 2368 5754 etnon
2397 5698 2683 5754 videretur
2730 5699 2836 5756 sibi
2880 5700 3194 5757 contrarius
3219 5712 3276 5757 et
3319 5717 3349 5756 a
3380 5715 3468 5756 ve-

273 5818 352 5892 (9)
396 5818 526 5874 Fed.
574 5820 712 5876 Mor.
770 5821 875 5891 leg.
911 5837 977 5876 ex
1025 5823 1148 5878 cod.
1201 5842 1302 5882 ms.
1365 5829 1426 5884 Ρ.
1485 5830 1563 5884 St.
1611 5826 1771 5902 ἦττον
1794 5830 2012 5900 ζαλιιζδη
2043 5833 2228 5889 mitior
2257 5842 2313 5890 et
2348 5835 2530 5892 minus
2565 5837 2914 5895 turbulentus
2937 5855 3100 5909 quam
3125 5849 3306 5896 antea.
