3938 6148
533 454 665 517 1439

1660 470 2053 531 THEODORI
2094 469 2618 531 RHAITUENSIS

3683 459 3797 527 15m

530 567 688 616 ritate
713 556 1044 635 discrepare.
1072 566 1415 627 Existimavit
1442 589 1572 646 ergo
1594 592 1937 647 consequens
1957 594 2088 639 esse.

2202 576 2495 630 ἀκόλουθον
2541 572 2680 630 εἶναι
2734 577 2964 646 νομίσας
3036 577 3115 647 τῷ
3165 578 3399 644 λέγοντι
3457 575 3597 644 μίαν
3634 578 3796 643 φύσιν,

528 663 588 707 ιιι
633 654 728 722 qui
788 672 952 710 unam
1004 669 1259 716 naturam
1295 663 1527 732 diceret,
1570 684 1681 723 non
1726 669 1933 725 faceret
1979 686 2100 726 eam

523 747 858 801 contrariam
891 750 997 805 sibi
1024 761 1080 806 et
1117 770 1148 808 a
1184 770 1243 810 se
1281 757 1718 829 discrepantem;
1754 765 1969 818 sublata
1999 780 2100 819 au-

508 840 634 889 'tem
658 837 1027 908 discrepantia
1051 884 1065 906 ,
1085 847 1422 914 sequebatur
1441 852 1613 922 magis
1641 854 1871 924 impium
1891 872 2033 917 esse.
2053 859 2097 912 si

526 924 985 997 diceretur,quod
1008 932 1254 991 deterius
1273 946 1378 1003 est,
1395 943 1611 1012 aggredi
1641 945 1707 999 ad
1728 950 2098 1018 praestantius,

529 1015 579 1068 id
597 1027 700 1080 est,
719 1022 1079 1090 corruptibile
1096 1025 1162 1079 ad
1183 1027 1615 1100 incorruptibile.
1632 1015 1757 1092 Hzec
1772 1053 1895 1093 cum
1916 1041 1995 1096 sic
2013 1015 2101 1098 se;

525 1121 649 1160 cum
668 1110 1030 1191 ratiocinatus
1043 1126 1212 1183 esset,
1230 1129 1287 1174 et
1303 1121 1441 1175 nihil
1463 1123 1612 1179 aliud
1631 1126 1737 1181 sibi
1756 1132 2097 1187 contrarium

522 1198 897 1267 praavidisset,
955 1203 1434 1278 incorruptibilem
1493 1229 1713 1285 semper
1763 1228 1820 1274 et
1874 1224 2100 1279 omnino

522 1285 738 1343 Domini
784 1307 1010 1349 carnem
1061 1297 1352 1369 imperiose
1407 1309 1805 1375 pronuntiavit.
1860 1311 2099 1370 Severus

518 1389 701 1458 autem
739 1400 849 1447 non
889 1390 1158 1457 probabat
1205 1395 1328 1457 ista.
1378 1409 1440 1452 ut
1469 1416 1590 1470 qua:
1628 1404 2007 1461 confusionem
2044 1417 2099 1463 ct

517 1476 962 1534 commistionem
988 1492 1308 1541 naturarum
1338 1490 1499 1559 plane
1529 1494 1885 1564 inducerent;
1918 1515 2097 1568 neque

519 1571 700 1633 tamen
748 1584 939 1637 pacem
987 1572 1168 1631 facere
1220 1579 1439 1635 volebat
1484 1599 1610 1638 cum
1659 1586 1928 1655 Ecclesia,
1977 1606 2099 1660 quae

517 1660 915 1717 convenienter
948 1664 1279 1726 diﬂ'erentia:
1327 1681 1384 1727 et
1418 1678 1850 1746 proprietatibus
1874 1694 2099 1740 naturas

519 1762 790 1815 numerat,
825 1755 880 1809 in
920 1758 1124 1826 quibus
1158 1762 1468 1822 differentia
1516 1772 1917 1840 proprietatum
1972 1794 2097 1832 cer-

518 1841 691 1904 nitur,
732 1852 788 1898 et
829 1861 1064 1915 quarum
1097 1863 1226 1907 sunt
1253 1858 1616 1926 proprietates
1644 1865 1941 1930 naturales,
1974 1884 2095 1938 qua:

517 1931 570 1984 in
597 1932 730 2002 ipsis
756 1938 970 1993 naturis
1005 1939 1230 2009 insunt;
1257 1954 1311 2000 ct
1328 1950 1588 2005 assentiri
1614 1952 1862 2011 audaciis
1890 1931 2094 2014 Iuliani

517 2024 811 2093 impudens
853 2039 910 2084 et
962 2034 1220 2101 petulans
1271 2052 1393 2093 esse
1420 2040 1826 2113 arbitrabatur;
1867 2057 1925 2103 et
1981 2066 2093 2105 non

514 2112 709 2169 minus
729 2132 853 2171 esse
885 2135 1046 2188 quam
1088 2124 1238 2179 nudo
1272 2128 1451 2198 capite
1484 2140 1538 2185 et
1570 2141 1762 2202 aperto
1790 2151 1887 2191 ore
1922 2137 2094 2207 pieta-

512 2213 620 2259 tem
668 2224 1003 2281 oppugnare.

1085 2346 1275 2420 Opinio
1325 2351 1525 2410 Severi.

581 2472 661 2527 Ex
691 2489 759 2530 eo
804 2484 1050 2548 tempore
1091 2481 1269 2540 factus
1299 2494 1385 2540 est
1427 2486 1666 2545 Severus
1695 2489 1800 2546 sibi
1850 2500 1908 2547 et
1935 2510 2090 2549 men-

508 2563 667 2619 dacio
708 2581 810 2622 suo
864 2573 1196 2640 contrarius,
1239 2585 1296 2632 et
1333 2594 1436 2634 nec
1482 2596 1552 2635 ex
1600 2589 1716 2637 toto
1767 2600 1954 2649 verax,
1989 2603 2092 2643 nec

506 2669 574 2708 ex
622 2664 737 2712 toto
790 2661 1046 2731 mendax,
1083 2666 1199 2730 sed,
1252 2677 1313 2722 ut
1340 2672 1413 2723 ita
1455 2671 1656 2737 dicam,
1702 2676 2089 2743 pseudalethes

510 2747 585 2816 (id
611 2756 706 2835 est,
739 2751 1060 2825 falsiverus),
1091 2758 1287 2815 similis
1318 2771 1529 2818 natura:
1562 2767 1899 2835 compositze,
1926 2785 2090 2838 quam

508 2840 842 2912 excogitavit
878 2864 891 2898 :
931 2846 1141 2905 idcirco
1175 2866 1362 2906 secum
1411 2865 1636 2926 pugnat,
1670 2866 1726 2913 et
1771 2860 2091 2917 inconstans

505 2938 638 2997 est,
686 2941 743 2988 et
808 2935 958 2992 fatue
1007 2947 1174 3010 atque
1247 2944 1523 3001 inerudite
1585 2950 1827 3004 medium
1883 2953 2090 3021 aliquid

512 3021 660 3075 inter
734 3026 1079 3083 mendacium
1152 3039 1209 3086 et
1294 3035 1581 3090 veritatem
1642 3043 1869 3108 quaerit;
1940 3044 2088 3112 quod

505 3117 719 3170 nullum
767 3128 872 3175 est.
906 3120 1026 3176 Non
1077 3125 1224 3178 enim
1255 3125 1491 3183 inveniri
1529 3146 1630 3186 nec
1662 3134 1961 3204 excogitari
1993 3152 2089 3206 po-

506 3212 613 3260 test
631 3207 836 3276 aliquid
859 3211 1081 3267 veritati
1101 3222 1156 3267 et
1176 3216 1465 3273 mendacio
1484 3220 1852 3292 interjectum.
1870 3227 2086 3282 Veritas
2114 3252 2159 3310 ρ

504 3297 652 3350 enim
679 3314 897 3370 semper
930 3303 1109 3358 media
1139 3315 1244 3369 est,
1274 3323 1379 3363 non
1410 3317 1743 3378 transversa,
1768 3326 1932 3385 atque
1963 3318 2087 3375 ideo

506 3385 661 3442 ﬁrma
704 3399 761 3444 et
806 3394 1052 3465 undique
1098 3396 1329 3467 aequalis
1377 3408 1434 3455 et
1481 3410 1631 3459 recta
1678 3424 1692 3458 :
1739 3405 1877 3461 nihil
1922 3408 2090 3479 igitur

503 3480 725 3550 recipit,
759 3484 908 3553 quod
934 3501 1055 3540 eam
1105 3489 1297 3545 reddat
1330 3492 1632 3562 obliquam,
1661 3504 1718 3551 et
1740 3511 1770 3551 e
1804 3512 1905 3552 suo
1934 3507 2080 3554 statu

502 3581 558 3625 et
611 3571 873 3628 ﬁrmitate
931 3577 1191 3646 expellat.
1249 3574 1514 3653 Coargtiit
1571 3591 1756 3638 autem
1810 3585 2084 3656 quidquid

503 3663 767 3719 insidiose
800 3666 868 3721 ad
910 3682 1033 3722 eam
1064 3670 1297 3733 accedit,
1329 3681 1385 3727 et
1435 3674 1680 3729 medium
1706 3678 1825 3747 ejus
1855 3688 2085 3747 quatere

502 3756 702 3810 nititur
738 3775 751 3811 :
781 3758 833 3811 id
859 3760 1007 3828 quod
1043 3760 1249 3817 Severo
1288 3764 1539 3820 evenisse
1584 3768 1912 3837 reperimus.
1943 3770 2086 3837 Quia

499 3846 670 3911 enim,
712 3854 772 3901 ut
796 3847 1057 3914 diximus,
1097 3854 1341 3908 medium
1379 3855 1585 3925 aliquid
1639 3873 1843 3913 novum
1881 3870 2086 3930 praeter

500 3937 788 3995 veritatem
826 3952 1058 3999 conatus
1088 3954 1173 4000 est
1203 3945 1473 4013 invenire,
1502 3950 1651 4019 quod
1689 3952 1939 4009 invenire
1973 3971 2085 4012 non

500 4029 698 4099 potuit.
740 4030 871 4086 fecit
901 4033 1038 4103 ipse.
1086 4033 1223 4091 Cum
1257 4039 1407 4093 enim
1441 4038 1679 4097 Severus
1709 4044 1825 4114 ipse
1870 4046 2084 4104 diceret

496 4133 616 4173 esse
652 4119 933 4177 Christum
978 4140 1142 4180 unam
1180 4135 1458 4196 naturam,
1510 4140 1567 4186 et
1606 4132 1979 4193 differentiam
2025 4138 2084 4195 in

496 4210 717 4269 Christo
765 4215 1070 4285 reciperet;
1115 4220 1367 4277 Julianus
1417 4240 1549 4281 vero
1596 4243 1762 4283 unam
1807 4239 2081 4297 naturam,

498 4303 642 4359 sicut
692 4305 950 4374 Severus,
982 4321 1235 4379 poneret,
1280 4314 1377 4369 sed
1421 4315 1789 4374 diﬁ‘erentiam
1817 4321 2079 4378 tolleret:

499 4394 730 4460 veritas,
759 4395 811 4451 id
828 4405 931 4462 est,
956 4401 1331 4459 ecclesiastica
1354 4404 1630 4471 doctrina,
1654 4423 1815 4465 suum
1838 4411 2082 4469 medium

499 4487 705 4558 ubique
727 4489 1068 4557 custodiens,
1094 4494 1292 4565 recipit
1311 4497 1534 4566 quidem
1558 4498 1951 4579 diﬁcrentiam,
1979 4504 2077 4560 sed

2205 668 2280 739 μὴ
2325 669 2463 737 πρὸς
2510 667 2709 739 ἑαυτὴν
2754 669 3001 723 ἐναντίαν
3049 671 3145 722 καὶ
3208 668 3646 737 διαφερομένην
3685 672 3802 720 ποτὶ

2202 759 2407 831 ταύτην
2460 764 2654 815 ποιεῖν.
2704 763 2980 831 Διαφορᾶς
3013 761 3070 814 δὲ
3103 762 3180 831 μὴ
3220 759 3407 831 οὔσης
3441 759 3799 829 ἀσεϐέστερον

2203 851 2391 917 φάναι,
2437 852 2500 904 τὺ
2537 854 2718 924 χεῖρον
2750 851 3029 923 μετελθεῖν
3056 852 3195 923 πρὸς
3226 853 3292 904 τὸ
3334 853 3627 922 κρεῖττον,
3670 847 3798 902 τοῦτ’

2201 938 2317 992 ἐστι
2354 940 2415 993 τὸ
2454 941 2697 1013 φθαρτὸν
2743 940 2879 1011 πρὸς
2936 940 2997 992 τὸ
3045 939 3354 1011 ἄφθαρτον.
3396 937 3599 990 Ταῦτα
3631 935 3797 988 συλλο-

2201 1032 2519 1101 γισάμενος,
2547 1032 2643 1085 καὶ
2684 1033 2808 1103 μηδ’
2846 1031 2918 1093 ὡς
2946 1032 3034 1083 ἒτε
3045 1048 3137 1102 ρον
3164 1030 3427 1085 ὲναντιού
3436 1047 3613 1099 μενον
3633 1028 3797 1095 ἑαυτῷ

2202 1122 2460 1192 προϊδὼν,
2518 1123 2798 1192 ἄφθαρτον
2833 1123 2921 1176 ἀεί
2950 1138 3010 1175 τε
3040 1122 3136 1176 καὶ
3169 1121 3317 1174 κατὰ
3348 1122 3549 1176 πάντα.
3591 1120 3695 1191 τὴν
3716 1120 3794 1173 τοῦ

2200 1212 2409 1284 Κυρίου
2464 1214 2645 1285 σάρκα
2676 1212 3100 1280 ὲξουσιαστικῶς
3138 1212 3506 1283 ἀπεφήνατο.
3567 1209 3794 1278 Σευῆρος

2198 1304 2257 1359 δὲ
2283 1305 2495 1370 τούτοις
2526 1306 2600 1377 μὴ
2624 1304 2876 1377 ἀρεσθεὶς
2908 1306 2982 1370 ὡς
3007 1304 3309 1375 διαρρήδην
3331 1303 3692 1375 κηρύττουσι
3710 1301 3793 1370 τὴν

2200 1398 2462 1469 ἀνάχυσιν
2501 1416 2558 1452 τε
2607 1399 2701 1452 καὶ
2751 1398 3051 1467 σύμφυσιν,
3094 1396 3221 1450 οὕτε
3270 1394 3628 1449 σπείσασθαι
3672 1393 3791 1461 πρὸς

2198 1487 2297 1559 τὴν
2340 1489 2671 1559 Ἐκκλησίαν
2699 1488 2974 1556 ὲὸούλετο,
2999 1488 3075 1551 ὡς
3106 1486 3426 1550 ἀκολούθως
3457 1488 3533 1557 τῇ
3562 1485 3795 1554 Stat-pop?

2198 1580 2293 1632 καὶ
2342 1582 2463 1643 ταῖς
2517 1580 2743 1650 ἰδιότησι
2790 1579 2885 1634 καὶ
2926 1580 3027 1643 τὰς
3075 1579 3268 1650 φύσεις
3326 1575 3790 1649 ἀπαριθμοῦσιν,

2188 1672 2327 1742 ’περὶ
2359 1669 2425 1734 ἃς
2461 1672 2494 1742 ἡ
2532 1672 2763 1743 διαφορά
2807 1671 3113 1741 θεωρεῖται,
3142 1672 3239 1724 καὶ
3266 1664 3343 1724 ὧν
3385 1671 3540 1724 είσιν
3576 1671 3638 1724 αἱ
3676 1669 3792 1722 ἰδιό-

2196 1779 2359 1833 τητες
2386 1764 2630 1832 φυσικῶς
2669 1765 2863 1828 αὑταῖς
2898 1764 3301 1834 ἐνυπάρχουσαι
3331 1781 3347 1799 ·
3371 1762 3477 1816 καὶ
3505 1763 3576 1816 τὺ
3603 1761 3789 1814 συνθέ-

2199 1853 2324 1907 σθαι
2363 1857 2483 1918 ταῖς
2543 1853 2831 1909 Ἰουλιανοῢ
2871 1856 3214 1925 τολμηρίαις,
3256 1855 3478 1917 ἀναιδὲς
3536 1856 3664 1924 ἅμα
3706 1857 3791 1908 καὶ

2197 1946 2465 2015 προπετὲς
2487 1946 2861 2016 ὑπελάμϐανε.
2903 1947 3003 2000 καὶ
3036 1947 3192 2000 οὐδὲν
3219 1946 3410 2016 ἓτερον
3440 1945 3474 2015 ἢ
3509 1950 3711 2016 γυμνῇ
3732 1950 3788 2016 τῇ

2197 2037 2428 2108 κεφαλῇ,
2459 2039 2552 2092 καὶ
2577 2038 3007 2111 ἀπερικαλύπτῳ
3031 2038 3107 2111 τῷ
3132 2039 3360 2109 στόματι
3393 2039 3674 2109 πολεμεῖν
3701 2040 3790 2110 τὴν

2195 2126 2498 2181 εὐσέϐειαν.

2742 2352 2897 2417 Δόξα
2940 2355 3228 2421 Σευῆρον.

2277 2481 2371 2533 Ἐκ
2419 2481 2610 2535 τούτου
2664 2483 2899 2554 Σευῆρος
2960 2484 3168 2552 γίνεται
3221 2484 3313 2538 καὶ
3374 2485 3565 2555 ἑαυτῷ
3596 2487 3699 2541 καὶ
3728 2490 3783 2557 τῇ

2193 2570 2425 2641 ἀληθείᾳ
2450 2574 2543 2626 καὶ
2580 2572 2656 2642 τῷ
2682 2574 2884 2641 γείτονι
2924 2573 3090 2629 αὑτοῦ
3118 2574 3302 2644 ψεύδει
3338 2576 3655 2641 ἀντίθετος,
3699 2581 3784 2631 καὶ

2192 2662 2316 2717 οὔτε
2343 2664 2480 2728 ὅλως
2500 2665 2708 2736 ἀληθὴς
2732 2663 2858 2719 οὔτε
2886 2666 3024 2730 ὅλως
3044 2667 3268 2737 ψευδὴς,
3301 2669 3419 2721 ἀλλ’
3453 2663 3575 2722 οἷον
3608 2672 3782 2724 εἰπεῖν

2190 2751 2553 2823 ψευδαληθὴς,
2593 2754 2778 2824 ὅμοιος
2801 2757 2870 2826 τῇ
2902 2756 2995 2809 ὑπ’
3040 2757 3206 2809 αὐτοῦ
3241 2757 3655 2828 ἐπι-νενοημένῃ
3688 2759 3781 2827 μιᾷ

2193 2842 2430 2913 συνθέτῳ
2454 2842 2634 2910 φύσει.
2665 2846 2764 2900 Διά
2800 2845 2959 2900 τοῦτο
2984 2848 3076 2901 καὶ
3117 2848 3252 2920 πρὸς
3292 2849 3492 2901 ἑαυτὸν
3527 2849 3779 2920 μάχιμος

2192 2935 2288 2989 καὶ
2322 2935 2710 3007 ἀπαλίμὸολος,
2738 2937 2963 3007 ἠλιθίως
2998 2939 3169 3002 ὅντως
3208 2940 3303 2993 καὶ
3343 2939 3585 3009 ἀμαθῶς
3618 2942 3778 3013 μέσον

2190 3044 2244 3080 τι
2289 3027 2475 3097 χρῆμα
2520 3026 2750 3097 ψεύδους
2782 3029 2886 3082 καὶ
2941 3029 3200 3099 ἀληθείας
3248 3030 3455 3101 ζητῶν,
3494 3031 3643 3102 ὅπερ
3685 3032 3778 3083 οὐκ

2192 3116 2326 3171 ἐστι.
2378 3116 2672 3188 Μεσότητα
2732 3121 2843 3191 γὰρ
2889 3119 3145 3190 ἀληθείας
3206 3121 3305 3174 καὶ
3364 3121 3607 3191 ψεύδους
3655 3123 3775 3176 οὕτε

2190 3209 2392 3279 εὑρεῖν,
2430 3206 2554 3260 οὔτε
2580 3209 2867 3278 ἐπινοῆσαι
2899 3211 3124 3264 δυνατόν
3149 3226 3164 3239 ⁵
3209 3213 3242 3280 ὴ
3274 3211 3376 3280 μὲν
3410 3212 3522 3282 γὰρ
3549 3213 3772 3283 ἀλήθεια

2198 3301 2339 3371 μέση
2386 3302 2476 3356 ἀεὶ
2512 3300 2607 3354 καὶ
2638 3301 3068 3373 ἀπαρὲγκλιτος,
3118 3303 3214 3356 καὶ
3243 3303 3335 3357 διὰ
3375 3303 3539 3357 τοῦτο
3588 3305 3771 3375 ἐδραέα

2192 3390 2287 3444 καὶ
2325 3389 2613 3463 πάντοθεν
2642 3389 2730 3460 ἴση
2779 3391 2875 3442 καὶ
2918 3390 3205 3454 εὐθύτονος
3228 3408 3242 3422 ·
3294 3392 3359 3444 οὐ
3408 3394 3767 3463 παραδέχεται

2190 3478 2286 3536 οὖν
2325 3482 2514 3553 ἕτερόν
2553 3461 2614 3535 τί
2654 3481 2715 3535 τὸ
2765 3482 3057 3553 ὲγκάρσιον
3090 3481 3259 3553 αὐτὴν
3299 3461 3655 3550 ἀποτελοῦν(
3679 3484 3768 3535 καὶ

2189 3572 2425 3639 ἑξωθοῦν
2478 3575 2576 3644 τῆς
2648 3573 2859 3636 οἰκείας
2920 3573 3169 3637 στάσεως
3237 3572 3337 3628 καὶ
3392 3576 3762 3645 μονιμότητος,

2188 3664 2464 3730 ἑκτοξεύει
2507 3665 2565 3718 δὲ
2621 3666 2731 3719 πᾶν
2774 3665 2835 3717 τὸ
2863 3663 3169 3727 ἐπιϐούλως
3193 3664 3334 3735 αὐτὶ
3366 3665 3762 3736 προσπελάζον,

2188 3757 2285 3812 καὶ
2321 3758 2384 3811 τὸ
2418 3757 2583 3827 μέσον
2612 3756 2785 3827 αὐτῆς
2812 3756 3155 3811 διασαλεύειν
3188 3757 3565 3828 πειρώμενον.
3596 3757 3761 3826 Ὀπρ

2188 3851 2285 3904 καὶ
2341 3850 2578 3921 Σευῆρον
2638 3849 2730 3902 ὑπ’
2787 3850 2957 3919 αὐτῆς
3024 3848 3342 3903 πεπονθότα
3420 3850 3756 3922 εὑρίσκομεν.

2200 3941 2418 4011 Ἐπειδὴ
2451 3942 2582 4013 γὰρ,
2613 3941 2690 4005 ὡς
2734 3940 2963 4011 ἔφαμεν,
2993 3940 3183 3995 καινόν
3211 3957 3267 3993 τι
3294 3940 3465 4011 μέσον
3497 3941 3649 4014 παρά
3674 3940 3759 4008 τὴν

2188 4031 2449 4102 ἀλήθειαν
2493 4032 2675 4102 εὑρεῖν
2724 4031 3073 4103 ἐπεχείρησε,
3138 4030 3509 4100 πλαγιασθὲν,
3552 4033 3628 4095 ὡς
3673 4032 3756 4084 οὐκ

2188 4122 2334 4190 ἔγνω
2367 4122 2541 4192 μέσην
2571 4120 2766 4176 ἑαυτοῦ
2795 4121 2889 4177 καὶ
2912 4121 3007 4177 τοῦ
3027 4122 3311 4192 ὁμοφύλου
3340 4124 3495 4194 αὑτῷ
3523 4125 3753 4195 ψεύδους,

2187 4214 2457 4286 πεποίηκε
2506 4213 2732 4284 ταύτην.
2778 4213 2954 4268 Αὑτοῦ
2995 4214 3106 4285 γὰρ
3148 4215 3395 4288 Σευήρου
3437 4217 3571 4287 μίαν
3612 4216 3751 4287 φύσιν

2185 4305 2439 4375 λέγοντος
2471 4300 2612 4360 εἶναι
2650 4307 2744 4360 τὸν
2772 4305 3036 4378 Χριστὸν,
3082 4308 3177 4360 καὶ
3224 4307 3327 4378 τὴν
3363 4308 3635 4381 διαφορὰν
3668 4308 3749 4374 τῆν
3814 4363 3823 4375 1

2185 4396 2244 4450 ὲν
2281 4396 2360 4469 τῷ
2412 4396 2638 4468 Χριστῷ
2684 4397 3009 4469 δεχομένουθ
3067 4397 3362 4453 Ἰουλιανοῦ
3392 4399 3453 4452 δὲ
3496 4401 3626 4471 μίαν
3668 4398 3748 4469 μὲν

2186 4489 2331 4543 κατὰ
2370 4491 2610 4561 Σευῆρον
2650 4490 2903 4559 λέγοντος
2939 4489 3122 4560 φύσιν,
3159 4490 3522 4561 ἀναιροῦντος
3570 4493 3628 4546 δὲ
3666 4490 3747 4561 τὴν

499 4590 610 4630 non
658 4576 802 4632 sicut
833 4579 1106 4647 Severus;
1138 4598 1248 4636 non
1283 4585 1432 4639 enim
1464 4588 1619 4642 novit
1645 4576 1886 4660 unquam
1914 4608 2082 4648 unam

2192 4577 2483 4651 διαφοράν·
2522 4580 2557 4649 ἡ
2600 4578 2849 4650 ἀλήθεια,
2888 4579 3033 4645 ⁴εοῦτ’
3070 4578 3220 4633 ἔστιν
3254 4582 3284 4634 ό
3315 4579 3745 4652 ἑκκλησιαστιιδς

497 4678 752 4723 naturam
811 4670 915 4725 sibi
969 4674 1336 4742 contrariam;
1371 4676 1510 4733 duas
1547 4680 1695 4734 enim
1745 4689 1974 4738 naturas
2025 4684 2083 4739 in

496 4757 719 4813 Christo
759 4774 883 4813 cum
924 4772 1207 4830 agnoscat,
1266 4763 1612 4822 divinitatem
1645 4768 1861 4825 scilicet
1892 4781 1948 4826 et
1979 4772 2082 4826 hu-

499 4848 839 4914 manitatem,
865 4850 1061 4906 harum
1092 4854 1258 4909 etiam
1289 4855 1436 4911 inter
1466 4872 1524 4912 se
1549 4858 1920 4916 diﬂ'erentiam
1956 4878 2083 4933 per—

498 4940 689 5009 spicue
718 4945 1130 5014 contemplatur
1159 4963 1172 4999 :
1200 4963 1305 5002 nec
1338 4949 1487 5004 enim
1515 4958 1600 5006 est
1643 4951 1786 5007 idem
1817 4953 2081 5010 divinitas

497 5039 551 5084 et
580 5031 897 5089 humanitas
933 5052 947 5089 :
985 5039 1204 5093 tametsi
1236 5055 1385 5094 unus
1408 5048 1491 5097 est
1518 5042 1775 5098 Christus
1800 5044 1855 5098 in
1884 5045 2076 5099 amba-

496 5122 601 5176 bus
623 5124 863 5191 naturis;
889 5134 943 5179 ct
969 5126 1116 5182 idem
1146 5138 1231 5183 est
1249 5131 1425 5185 amba:
1455 5141 1668 5188 natura:
1690 5150 1705 5187 :
1729 5149 1851 5188 nam
1888 5150 2081 5205 quam-

501 5211 579 5265 vis
603 5213 778 5268 amba:
799 5222 1009 5270 naturae
1034 5226 1163 5272 sunt
1187 5226 1378 5283 tinum,
1405 5237 1515 5276 non
1543 5231 1722 5277 tamen
1750 5232 1880 5278 sunt
1908 5236 2079 5280 unum

500 5309 717 5366 natura,
768 5305 866 5360 sed
898 5322 1069 5363 unum
1119 5325 1415 5366 concursu.
1461 5313 1551 5369 Sic
1590 5314 1833 5368 Ecclesia
1874 5316 2079 5384 praedi-

498 5402 607 5459 cat,
651 5411 774 5465 quae
822 5415 932 5454 non
975 5402 1172 5472 recipit
1206 5404 1578 5460 dill'erentiam
1613 5421 1682 5461 eo
1735 5407 1919 5471 modo,
1968 5425 2079 5479 quo

500 5482 739 5541 Severus
788 5506 801 5540 :
851 5490 947 5544 sed
993 5492 1297 5548 secundum
1350 5496 1621 5552 rationem
1672 5506 1729 5552 et
1768 5497 2076 5553 doctrinam

502 5587 653 5628 suam
703 5577 853 5632 illam
902 5598 1011 5636 non
1058 5583 1258 5653 rejicit,
1310 5592 1369 5638 ut
1412 5585 1592 5655 rejicit
1637 5588 1891 5642 Julianus
1925 5588 2076 5643 lluli-
2130 5619 2137 5627 -

502 5678 859 5734 raruasscus;
892 5672 995 5724 scit
1019 5673 1164 5727 enim
1192 5675 1553 5743 assumpsisse
1575 5677 1818 5731 Verbum
1853 5694 2075 5734 carnem

508 5766 689 5806 veram
720 5764 774 5808 et
798 5759 1038 5814 animam
1075 5762 1494 5831 intelligentem,
1530 5782 1654 5819 cum
1685 5768 1800 5821 suis
1834 5770 2079 5836 proprie-

508 5846 759 5902 tatibus:
809 5851 910 5904 scit
960 5852 1088 5906 item
1144 5854 1359 5907 unitum
1408 5871 1529 5910 esse
1583 5859 1931 5926 corruptibili
1979 5860 2079 5914 im-

2182 4668 2362 4738 λόγος,
2394 4669 2494 4742 τὴν
2527 4670 2803 4741 μεσότητα
2847 4672 3014 4743 ἑαυτῇ
3060 4672 3344 4742 πανταχοῦ
3403 4673 3738 4739 διασώζουσι.

2182 4758 2403 4831 δέχεται
2460 4759 2561 4831 μὲν
2608 4760 2709 4831 τὴν
2740 4760 3028 4831 διαφορὰν,
3074 4761 3136 4813 οὐ
3195 4761 3342 4814 κατά
3382 4763 3622 4832 Σευῆρον
3659 4759 3735 4812 δέ’

2193 4852 2321 4906 οὐδὲ
2346 4851 2455 4922 γὰρ
2485 4846 2595 4905 οἶδέ
2633 4867 2764 4905 ποτε
2814 4851 2942 4921 μίαν
2973 4849 3136 4919 φύσιν
3161 4851 3332 4921 ἑαυτῇ
3362 4852 3627 4906 ἐναντίαν.
3655 4847 3737 4902 Δύο

2183 4940 2295 5011 γὰρ
2329 4940 2520 5011 φύσεις
2545 4942 2602 4994 ὲν
2630 4937 2710 5010 τῷ
2752 4937 2972 5011 Χριστῷ
3003 4936 3377 5007 γινώσκουσα,
3414 4940 3641 5010 θεότητα
3665 4938 3739 4992 καὶ

2183 5032 2600 5103 ἀνθρωπότητα,
2626 5030 2834 5085 τούτων
2866 5031 2962 5084 καὶ
2989 5030 3254 5101 διαφορὰν
3276 5034 3377 5104 τὴν
3399 5032 3534 5104 πρὸς
3562 5031 3737 5102 ἄλληλα

2180 5124 2654 5195 τηλαυγεστάτην·
2677 5122 2890 5193 θεωρεῖ.
2942 5123 3018 5177 Οὐ
3064 5123 3175 5195 γὰρ
3213 5125 3411 5179 ταυτὸν
3447 5125 3633 5196 θεότης
3662 5123 3736 5175 καὶ

2181 5214 2558 5285 ἀνθρωπότης,
2586 5216 2636 5267 εἰ
2665 5214 2761 5268 καὶ
2790 5208 2871 5277 εἷς
2906 5215 2936 5267 ό
2973 5214 3211 5285 Χριστὸς
3247 5216 3279 5269 ό
3323 5217 3383 5268 ὲν
3425 5214 3734 5287 ἀμφοτέραις

2184 5309 2471 5378 ὑπάρχων,
2509 5307 2605 5360 καὶ
2634 5306 2945 5378 ἀμφότερον
2965 5321 2979 5337 ·
3028 5308 3079 5360 εί
3111 5307 3220 5379 γὰρ
3261 5308 3358 5363 καὶ
3387 5308 3449 5362 τὸ
3483 5303 3731 5376 συναμᾳί·

2180 5417 2339 5471 τερον
2372 5398 2450 5464 ἓν,
2483 5397 2596 5452 ἀλλ’
2634 5399 2696 5451 οὐ
2734 5400 2800 5469 τῇ
2837 5396 3016 5467 φύσει,
3070 5401 3139 5471 τῇ
3168 5400 3226 5452 δὲ
3257 5400 3480 5470 συνόδῳ.
3512 5402 3539 5453 ό
3566 5396 3731 5460 ἐκκλη-

2183 5491 2464 5556 σιαστικὸς
2508 5490 2686 5562 κῆρυξ
2716 5490 2982 5561 ἀριδήλως
3012 5490 3129 5561 βοᾷ.
3183 5491 3277 5563 Μὴ
3314 5491 3577 5562 δεχομένη
3620 5488 3668 5542 δὲ
3698 5486 3724 5554 ἡ

2196 5582 2497 5651 Ἐκκλησία
2524 5582 2667 5636 κατὰ
2698 5582 2935 5651 Σευῆρον
2976 5579 3073 5651 τὴν
3104 5581 3406 5652 διαφοράν⁹
3451 5581 3581 5635 ἀλλά
3612 5573 3724 5630 κστᾶ

2168 5676 2274 5727 ’τὸν
2343 5676 2543 5744 ἑαυτῆς
2595 5673 2753 5741 λόγον
2800 5672 2911 5727 ⁴οὐκ
2969 5671 3341 5725 ἀποὸἀλλεται
3381 5672 3579 5740 ταύτην
3626 5660 3721 5719 καθ’

2182 5766 2479 5835 ὁμοιότητα
2513 5765 2608 5818 τοῦ
2667 5763 3157 5834 Ἀλικαρνασσέως.
3207 5765 3399 5835 Σάρκα
3439 5758 3719 5833 γὰρ’ἁὶηθῆ

2185 5861 2278 5912 καὶ
2307 5859 2486 5928 ψυχήν
2518 5857 2710 5928 νοεράν
2749 5856 2886 5928 μετὰ
2924 5856 3030 5909 τῶν
3055 5856 3273 5909 οἰκείων
3299 5856 3597 5926 ἰδιωμάτων
3616 5850 3715 5904 ἀνα·

3881 5956 3898 5987 1
