3938 6148
196 491 332 557 1501

1466 497 1564 557 DE
1609 493 2196 558 lNCARNATIONE.

3301 479 3452 566 1502

188 612 424 667 λαϐόντα
475 610 566 664 τὸν
599 609 769 678 Λόγον
804 611 1092 666 ἐπίσταται
1113 629 1126 642 ⁸
1149 601 1273 667 ’καὶ
1309 615 1508 669 ὲνωθὲν
1539 612 1645 669 οἶδε
1695 614 1772 685 τῷ

1878 617 2128 678 mortale,
2174 625 2236 672 ut
2279 626 2408 672 ante
2450 624 2786 673 memoratus
2826 617 3451 691 Gregorius'fheotogus

188 703 540 774 φθαρτῷ“τὸ
581 701 873 762 ἀθάνατον,
929 702 1006 767 ὡς
1057 707 1086 758 ὁ
1140 705 1458 777 προλεχθεὶς
1509 705 1774 776 Θεολὸγος

189 794 494 863 Γρηγὸριος
540 791 666 870 tum.

263 883 391 954 Ἀρ⁹
426 879 542 949 οὖν,
579 885 720 954 ὅπερ
755 884 1039 957 ἐλέγομεν,
1066 886 1206 958 μέση
1237 886 1552 958 μεμένηκεν
1589 888 1770 958 ἀμφο-

189 975 368 1046 τέρων
396 975 490 1028 καὶ
519 975 774 1046 ἀκίνητος
799 977 834 1049 ἡ
863 977 1114 1048 ἀλήθεια,
1145 977 1558 1051 ἁποόαλλομένη
1594 979 1694 1051 μὲν
1710 981 1772 1034 τὸ

188 1068 372 1136 λέγειν
418 1069 558 1124 κατὰ
618 1069 858 1142 Σευῆρον
918 1071 1049 1140 μίαν
1105 1071 1269 1140 φύσιν
1327 1073 1419 1126 καὶ
1472 1073 1768 1144 διαφοράν·

191 1159 520 1230 αἰνίγματος
547 1159 656 1232 γὰρ
681 1163 774 1215 καὶ
805 1164 1204 1234 τερατομυθίας
1230 1165 1384 1218 οὐδὲν
1408 1160 1571 1238 ἦττον
1593 1166 1772 1236 διενή-

191 1269 317 1322 νοχε
369 1250 550 1305 τοῦτο.
611 1252 734 1315 Πῶς
793 1255 904 1324 γὰρ
937 1255 970 1325 ἠ
1011 1253 1150 1326 αὑτὴ
1183 1257 1346 1325 φύσις
1387 1255 1482 1310 δύο
1518 1257 1673 1308 ἔσται
1705 1257 1773 1310 τὰ

157 1343 451 1409 ’ἐναντίω
509 1341 628 1407 πῶς
685 1343 743 1397 δὲ
792 1346 886 1398 καί
945 1347 1310 1417 ὕποσεήσεται
1358 1347 1481 1400 κατ’
1531 1347 1664 1400 αὐτὸ
1712 1346 1773 1400 τὸ

191 1436 497 1509 πεφυκέναι
558 1435 939 1508 πολεμουμένη
1014 1437 1105 1506 ὑφ’
1161 1437 1385 1507 ἑαυτῆς,
1448 1437 1542 1491 καὶ
1603 1437 1774 1506 αὐτὴν

193 1528 550 1596 πο).εμοῦσα;
587 1528 697 1582 Καὶ
748 1531 806 1582 ἐν
853 1528 1030 1600 τούτῳ
1065 1529 1120 1582 δὲ
1171 1530 1311 1583 κατὰ
1340 1530 1532 1600 καιρὸν
1562 1545 1772 1598 μνημο-

189 1621 407 1676 νευτέον
437 1619 531 1672 τοῦ
560 1621 765 1690 Κυρίου
799 1621 1052 1690 βοῶντος,
1099 1621 1180 1675 ὅτι
1208 1623 1358 1674 πᾶσα
1383 1620 1584 1691 οίκῖαῆ
1617 1619 1774 1688 βασι-

191 1711 310 1764 λεία
335 1711 458 1766 καθ’
489 1712 690 1782 ἑαυτὴν
717 1712 1060 1782 μερισθεῖσα,
1099 1713 1159 1765 οὐ
1188 1713 1538 1784 σταθήσεται.
1584 1710 1646 1765 Εἰ
1678 1707 1770 1764 οῦν

193 1803 316 1857 κατ’
360 1803 524 1856 αὐτὸν
557 1805 591 1874 ἡ
631 1803 732 1872 μία
782 1803 944 1872 φύσις
977 1804 1242 1876 ἐμερίσθη
1276 1806 1360 1874 ἐφ’
1403 1805 1621 1876 ἑαυτὴν.
1653 1804 1772 1867 πῶς

197 1893 522 1965 σταθήσεται
563 1895 596 1964 ὴ
634 1893 841 1964 ταύτης
875 1893 1108 1964 ῦπαρξις
1135 1911 1149 1959 ;
1179 1896 1297 1967 Ἀρ⁹
1341 1891 1434 1949 οῦν
1479 1895 1624 1949 κατὰ
1673 1893 1772 1958 τὰς

193 1987 382 2048 κιινὰς
408 1985 618 2048 ἐννοίας
639 1985 782 2038 κατά
809 2002 867 2038 τε
898 1975 1060 2039 αῦθν
1095 1987 1186 2039 τὸν
1219 1985 1312 2040 τοῦ
1353 1987 1559 2056 Κυρίου
1591 1985 1769 2054 λόγον,

196 2076 254 2132 εὖ
281 2094 344 2146 γε
378 2075 546 2129 ποιῶν
577 2079 606 2129 ὁ
635 2075 731 2144 τῆς
757 2077 1084 2147 Ἐκκλησίας
1113 2077 1292 2146 λόγος,
1323 2079 1383 2131 οὗ
1405 2078 1772 2148 παραδέχεται

197 2170 325 2240 μίαν
385 2168 548 2236 φύσιν
584 2167 719 2238 πρὸς
765 2167 963 2239 ἑαυτὴν
1009 2168 1431 2241 διαφερομένην,
1490 2169 1585 2223 καὶ
1632 2169 1770 2239 αὐτῇ

194 2261 466 2326 ἐναντίαν,
510 2262 651 2314 κατᾶ
678 2259 780 2332 τὴν
811 2259 905 2313 τοῦ
939 2262 1181 2330 Σευήρου
1213 2261 1445 2316 ἄστατον
1475 2261 1570 2314 καὶ
1607 2277 1774 2330 μαχι-

198 2354 450 2425 μωτάτην
484 2353 750 2407 ἐπίνοιαν.
807 2352 966 2407 Ἀλλὰ
1000 2352 1106 2424 μὴν
1149 2353 1270 2406 οὐδὲ
1305 2353 1446 2406 κατὰ
1491 2351 1774 2406 Ὶουλιανὸν

196 2446 508 2499 παντάπασι
561 2445 659 2514 τὴν
709 2443 973 2514 διαφορὰν
1021 2444 1388 2500 ἀποϐάλλεται
1431 2445 1463 2516 ή
1509 2443 1605 2498 τοῦ
1637 2440 1772 2496 Θεοῦ

206 2534 526 2605 Ἐκκλησία.
590 2535 654 2588 Εἰ
703 2534 812 2604 γὰρ
863 2535 961 2604 μία
999 2535 1098 2604 μὲν
1141 2535 1304 2604 φύσις
1337 2537 1459 2589 κατ’
1503 2537 1709 2588 ἐκεῖνον
1745 2537 1774 2587 ὁ

195 2627 450 2697 Χριστὸς,
469 2625 565 2679 καὶ
579 2625 845 2699 διαφορὰν
865 2624 1096 2696 οὐσιὼδη
1129 2625 1204 2696 μὴ
1235 2625 1360 2679 καθ’
1388 2625 1566 2680 ὁτιοῦν
1597 2643 1776 2696 παρα-

195 2716 463 2778 δέδεκται,
498 2713 556 2767 ἓν
605 2714 712 2766 τῶν
745 2715 1021 2786 ὁποτέρων
1057 2715 1270 2785 ἀνάγκη
1329 2714 1546 2780 πάντως
1581 2714 1775 2784 ὁμολοο

195 2809 314 2877 γεῖν
343 2807 434 2860 τὸν
464 2807 637 2860 ταῦτα
667 2807 1157 2879 διισχυριζόμενον,
1211 2809 1242 2879 ἢ
1287 2809 1573 2881 ἄνθρωπον
1621 2807 1774 2876 ψιλὸν

195 2894 338 2952 εἶναι
369 2898 460 2952 τὸν
496 2897 720 2969 Κύριον,
751 2899 844 2950 καὶ
869 2897 938 2950 τὰ
979 2897 1250 2969 λεγόμενα
1291 2902 1376 2953 ἐπ’
1409 2899 1597 2966 αὑτοῦ,
1625 2901 1776 2953 θείαν

193 2989 424 3060 δύναμιν
479 2989 671 3059 ἑτέραν
722 2990 850 3059 παρ’
889 2989 1051 3043 αὑτὸν
1107 2987 1312 3056 οὖσαν,
1371 2993 1465 3044 καὶ
1519 2993 1578 3044 ὲν
1625 2991 1776 3062 αὐτῷ

195 3077 382 3146 οὖσαν,
415 3083 508 3134 καὶ
555 3081 885 3152 ἐνεργοῦσαν
919 3081 1266 3152 πεπρᾶχθαι·
1313 3083 1346 3155 ἢ
1392 3083 1526 3136 Θεὸν
1570 3083 1778 3153 γυμνὸν

197 3173 292 3226 καὶ
323 3171 398 3243 μὴ
436 3172 898 3243 ὲνηνθρωττηκὸτα
937 3169 1080 3226 εἶναι
1127 3173 1218 3226 τὸν
1257 3175 1516 3244 Χριστὸν.
1570 3177 1664 3229 καὶ
1706 3175 1776 3230 τὰ

196 3263 464 3332 λεγόμενα
497 3262 584 3314 ἐπ’
628 3262 792 3314 αὐτοῦ
835 3261 1172 3330 ἀνθρώπινα.
1218 3261 1294 3333 μὴ
1336 3263 1411 3327 ὡς
1459 3263 1770 3338 ἄνθρωπον,
1800 3293 1846 3350 C

197 3353 311 3410 ἀλλ’
364 3353 439 3416 ὡς
501 3353 634 3406 Θεὸν
675 3351 846 3406 ταῦτα
898 3351 1117 3417 παθεῖν,
1161 3354 1241 3416 είς
1285 3353 1386 3424 τὴν
1422 3354 1552 3422 μίαν
1607 3355 1774 3408 αὑτοῦ

198 3444 361 3516 φύσιν
405 3443 576 3499 ταῦτα
607 3443 1042 3514 ἀναδεχόμενον·
1101 3445 1134 3515 ἢ
1167 3447 1216 3498 εί
1274 3444 1410 3515 μηδὲ
1448 3443 1508 3499 ἓν
1546 3445 1773 3510 τούτων,

199 3535 492 3608 φαντασίαι
512 3535 620 3588 τινὶ
651 3533 749 3586 καὶ
785 3535 970 3605 ἀπάτῃ
1003 3533 1184 3602 λέγειν
1229 3535 1361 3604 περὶ
1393 3535 1558 3589 αὐτοῦ
1585 3535 1775 3606 δεδρα-

197 3627 352 3682 κέναι
381 3625 526 3697 ἆπερ
557 3625 708 3696 ἔδρα,
733 3625 853 3696 ἦτοι
877 3625 945 3678 τὰ
969 3624 1110 3688 θεῖα,
1129 3626 1250 3696 ἦτοι
1279 3627 1348 3680 τὰ
1372 3625 1712 3696 ἀνθρώπινα,
1741 3627 1775 3698 ἢ

197 3720 259 3773 τὺ
303 3717 566 3790 παράπαν
613 3716 784 3787 ψευδῆ
840 3711 980 3770 εῖναι
1025 3717 1127 3788 τὴν
1187 3717 1314 3788 περὶ
1381 3717 1547 3771 αὐτοῦ
1595 3719 1777 3772 πᾶσαν

197 3807 561 3880 εὐαγγελικὴν
609 3808 874 3880 ἱστορίαν,
930 3809 1026 3862 καὶ
1073 3809 1251 3879 μάτην
1287 3809 1604 3864 ἀπατᾶσθαι
1647 3811 1778 3875 τοὺς

197 3903 585 3974 Χριστιανοὺς,
612 3900 706 3954 καὶ
739 3899 906 3972 κενὴν
941 3902 1222 3972 μακαρίαν
1249 3896 1409 3966 εἶναι,
1443 3901 1503 3954 τὸ
1527 3901 1590 3970 δὴ
1621 3901 1777 3970 λεγό-

203 4008 384 4062 μενον,
415 3989 512 4058 τὴν
529 3990 610 4053 είς
625 3989 862 4058 Χριστὸν
893 3989 1108 4043 ἐλπίδα.
1138 3989 1344 4058 Καιρὸς
1380 3987 1439 4042 δὲ
1469 3989 1655 4042 λοιπὸν
1684 3991 1778 4044 καὶ

197 4083 259 4136 τὸ
286 4081 383 4136 τοῦ
419 4079 744 4133 ’Δποστὸλου
785 4077 988 4148 λέγειν,
1032 4079 1226 4132 Κενὸν
1250 4078 1360 4149 ἄρα
1399 4079 1466 4133 τὸ
1503 4078 1780 4150 κήρυγμα

197 4171 388 4244 ἡμῶν.
438 4171 859 4240 Εὐρισκόμεθα
891 4169 967 4224 δέ
1009 4169 1109 4224 καὶ
1141 4168 1632 4240 ψευδομάρτυρες
1672 4171 1780 4226 τοῦ

199 4263 373 4328 Θεοῦ,
413 4262 505 4318 ὅτι
539 4260 1235 4332 ψευδοεμαρτυρήσαμεν
1273 4259 1426 4315 κατὰ
1457 4261 1566 4316 τοῦ
1602 4261 1776 4330 Θεοῦ,

197 4357 288 4416 ὅτι
315 4354 514 4426 ἤγειρε
539 4354 644 4408 τὸν
669 4353 948 4423 Χριστὸν,
967 4351 1041 4406 ὃν
1071 4354 1183 4408 οὐκ
1207 4352 1427 4424 ἤγειρε.

269 4443 588 4514 Ματαιότης
615 4443 784 4506 ὅντως
815 4442 866 4496 oi
889 4442 1122 4497 τοιοῦτοι
1149 4443 1522 4515 συλλογισμοὶ,
1553 4445 1651 4498 καὶ
1680 4444 1781 4516 τῆς

197 4537 436 4600 πίστεως
489 4533 770 4606 ἀνατροπὴ
816 4532 959 4587 κατὰ
988 4532 1080 4587 τὸν
1117 4533 1384 4604 Θεολόγον
1440 4535 1768 4608 Γρηγὸριον,

1870 708 2028 763 dixit.

1941 891 2116 946 Media
2151 892 2320 963 igitur
2347 893 2548 948 mansit
2579 891 2724 947 inter
2756 899 3076 960 utrumque,
3129 900 3190 944 ut
3219 891 3446 947 diceba-

1871 997 2015 1046 mus,
2056 982 2281 1038 immota
2322 983 2553 1051 veritas,
2603 998 2726 1053 quae
2764 981 2978 1052 respuit
3025 981 3176 1051 quod
3209 982 3448 1038 Severus

1871 1075 1946 1130 ait
1977 1089 2102 1130 esse
2141 1090 2304 1129 unam
2342 1082 2595 1130 naturam
2635 1086 2691 1128 et
2713 1073 3082 1128 diﬁ‘erentiam
3112 1089 3126 1127 :
3162 1088 3273 1127 non
3297 1073 3446 1127 enim

1871 1166 2060 1221 diﬂ'ert
2120 1167 2226 1222 hoc
2282 1167 2352 1220 ab
2401 1167 2691 1236 aanigmate
2737 1173 2795 1219 et
2841 1174 3110 1219 monstro.
3158 1163 3450 1230 Quomodo

1870 1257 2018 1310 enim
2063 1257 2254 1311 eadem
2294 1265 2492 1310 natura
2537 1255 2648 1310 erit
2677 1255 2788 1309 duo
2819 1255 3095 1310 contraria
3117 1254 3142 1306 ’ἶ
3171 1255 3450 1324 quomodo

1871 1347 2158 1419 subsistet,
2207 1347 2252 1400 si
2305 1347 2358 1400 ei
2417 1346 2643 1400 insitum
2687 1353 2792 1410 est,
2851 1355 2913 1400 ut
2959 1345 3068 1400 sibi
3120 1362 3151 1400 a
3193 1362 3250 1401 se
3303 1346 3449 1401 eirea

1872 1435 2019 1491 idem
2064 1435 2268 1489 bellum
2301 1433 2604 1488 inferatur?
2648 1435 2824 1489 Etiam
2871 1435 2966 1489 hic
3005 1443 3316 1504 Opportune
3361 1449 3450 1490 re-

1871 1528 2476 1600 colendum'memoria
2523 1534 2608 1583 est
2648 1527 2795 1598 quod
2842 1527 3108 1583 Dominus
3152 1527 3250 1593 ait,
3302 1527 3448 1596 quod

1871 1619 2052 1673 omnis
2087 1617 2285 1673 domus
2311 1618 2400 1672 vel
2431 1633 2658 1688 regnum
2691 1619 2747 1672 in
2799 1618 3043 1688 seipsum
3079 1617 3314 1672 divisum
3341 1632 3449 1672 non

1872 1709 2042 1765 stabit
2079 1708 2124 1764 ι.
2165 1708 2222 1764 Si
2264 1725 2417 1779 ergo,
2448 1717 2508 1764 ut
2543 1709 2646 1764 iste
2679 1716 2857 1779 putat,
2890 1725 2998 1763 una
3025 1717 3223 1764 natura
3253 1707 3449 1778 partita

1870 1803 2034 1856 estin
2066 1815 2126 1857 se
2161 1803 2356 1872 ipsam,
2395 1801 2672 1873 quomodo
2705 1800 3014 1856 substantia
3042 1801 3160 1871 ejus
3192 1799 3453 1855 exsistet?

1875 1893 2018 1963 Ergo
2049 1891 2354 1948 secundum
2381 1907 2727 1948 communem
2753 1907 2997 1955 sensum,
3041 1899 3099 1946 et
3147 1891 3452 1946 secundum

1877 1985 2055 2054 ipsum
2105 1984 2334 2038 verbum
2386 1983 2625 2048 Domini,
2659 1991 2806 2037 recte
2851 1981 2983 2037 facit
3029 1982 3294 2048 Ecclesia,
3331 1997 3452 2052 quae

1873 2091 1984 2129 non
2035 2075 2234 2146 recipit
2283 2089 2448 2130 unam
2503 2083 2756 2129 naturam
2806 2089 2995 2128 secum
3027 2079 3358 2144 pugnantem
3388 2088 3452 2127 ac

1872 2167 1976 2221 sibi
2037 2167 2390 2229 contrariam.
2435 2165 2744 2222 secundum
2791 2165 3184 2235 cogitationem
3239 2163 3450 2228 Severi,

1871 2259 2254 2314 inconstantiae
2302 2273 2367 2312 ac
2405 2256 2781 2328 repugnantia;
2811 2255 3052 2326 plenam,
3077 2269 3257 2324 neque
3296 2252 3450 2308 diﬂ'e-

1875 2351 2106 2406 rentiam
2133 2349 2354 2419 penitus
2379 2348 2527 2419 ejicit
2552 2346 2859 2402 secundum
2883 2345 3186 2400 Julianum.
3217 2343 3274 2398 Si
3303 2344 3452 2400 enim

1871 2443 2125 2499 Christus
2157 2449 2244 2497 est
2267 2441 2570 2496 secundum
2611 2441 2772 2523 illum
2796 2455 2904 2492 una
2941 2446 3163 2504 natura,
3197 2445 3254 2492 et
3291 2436 3452 2492 diﬂ'e-

1875 2534 2106 2590 rentiam
2163 2533 2580 2588 substantialem
2629 2547 2740 2586 non
2799 2531 2853 2584 in
2904 2531 3156 2602 quolibet
3216 2530 3454 2599 recipit;

1873 2627 2202 2681 alterutrum
2229 2638 2455 2679 necesse
2473 2629 2557 2677 est
2583 2620 2933 2684 confiteatur,
2955 2621 3048 2690 qui
3075 2621 3181 2675 hoc
3199 2621 3453 2682 allirmat,

1873 2727 1970 2774 aut
2005 2717 2298 2772 Dominum
2339 2730 2463 2770 esse
2506 2713 2788 2768 hominem
2840 2721 3086 2778 tantum;
3133 2721 3190 2767 et
3245 2711 3454 2776 divina,

1873 2828 1996 2882 quae
2042 2811 2112 2866 de
2149 2826 2216 2866 eo
2259 2809 2542 2873 dicuntur,
2587 2821 2697 2860 non
2733 2815 2993 2878 tanquam
3030 2806 3150 2874 ejus
3186 2805 3281 2875 qui
3311 2813 3458 2860 esset

1858 2906 2043 2968 ‘Deus,
2088 2901 2322 2958 dicenda
2389 2915 2534 2964 esse,
2607 2897 2704 2952 sed
2760 2896 3068 2952 secundum
3127 2905 3456 2967 potestatem

1875 2995 2118 3052 divinam
2177 3007 2300 3062 quae
2345 2999 2495 3047 esset
2545 2989 2654 3044 alia
2705 2998 2906 3059 praeter
2955 3004 3107 3050 eum,
3155 2996 3212 3043 et
3271 2989 3329 3043 in
3390 3004 3458 3043 eo

1877 3086 2219 3152 operaretur,
2252 3079 2394 3132 facta
2436 3093 2564 3132 esse
2596 3094 2610 3130 :
2638 3086 2735 3131 aut
2770 3077 2938 3131 Deum
2993 3085 3228 3142 tantum,
3261 3088 3318 3132 et
3344 3094 3455 3133 non

1876 3187 1999 3229 esse
2039 3169 2321 3225 Christum
2361 3167 2563 3222 factum
2600 3167 2917 3233 hominem;
2969 3175 3027 3221 et
3062 3167 3302 3223 humana
3336 3184 3460 3238 quae

1877 3265 1946 3320 de
1995 3281 2063 3320 eo
2113 3265 2397 3326 dicuntur,
2432 3279 2542 3316 non
2593 3271 2657 3317 ut
2685 3263 2990 3327 hominem,
3042 3263 3139 3316 sed
3188 3272 3247 3317 ut
3285 3262 3458 3318 Deum

1877 3355 1968 3410 illa
2019 3371 2242 3426 passum
2280 3370 2404 3410 esse
2450 3354 2506 3408 in
2556 3369 2662 3408 una
2701 3369 2801 3408 sua
2842 3363 3039 3408 natura
3077 3371 3090 3407 :
3127 3362 3221 3408 aut
3247 3355 3292 3410 si
3325 3371 3462 3410 neu-

1875 3455 2022 3501 trum
2048 3445 2297 3517 _horum.
2338 3458 2568 3499 necesse
2597 3444 2720 3500 .erit
2767 3435 2956 3499 dicere
3011 3444 3080 3499 de
3133 3445 3272 3514 ipso,
3323 3445 3460 3500 falsa

1877 3539 2080 3608 specie,
2133 3550 2190 3594 et
2234 3546 2296 3592 ut
2345 3543 2572 3606 apparet
2619 3543 2856 3601 tantum,
2919 3534 3120 3592 fecisse
3159 3552 3283 3606 qua:
3327 3535 3462 3592 fecit

1876 3629 2082 3695 divina,
2119 3629 2236 3684 sive
2267 3631 2508 3683 humana
2543 3645 2556 3680 ε
2587 3635 2683 3681 aut
2709 3641 2939 3696 prorsus
2963 3626 3157 3680 falsam
3192 3641 3314 3681 esse
3345 3641 3464 3682 om-

1876 3737 2003 3777 nem
2033 3720 2322 3776 historiam
2355 3719 2728 3790 evangelicam
2747 3761 2761 3783 ,
2796 3726 2853 3774 et
2881 3717 3087 3774 frustra
3117 3717 3462 3774 Christianos

1877 3813 2013 3880 falli,
2060 3827 2369 3882 vanamque
2430 3825 2574 3878 esse,
2618 3819 2684 3865 ut
2732 3809 2870 3864 alias
2908 3809 3134 3876 dicitur,
3189 3825 3345 3880 spem
3405 3811 3461 3864 in

1876 3906 2180 3964 Christum.
2213 3903 2284 3960 Ut
2306 3906 2416 3974 jam
2448 3902 2774 3973 tempestive
2814 3901 2934 3957 dici.
2956 3903 3152 3973 possit,
3205 3901 3352 3972 quod
3385 3903 3464 3956 ait

1878 3997 2125 4053 Paulus:
2159 3996 2346 4051 Inanis
2396 4010 2530 4066 ergo
2584 4001 2660 4049 est
2705 4003 2890 4048 nostra
2926 3994 3273 4064 pradicatio;
3311 4011 3463 4063 repe-

1879 4089 2052 4142 rimur
2091 4095 2269 4141 autem
2317 4085 2444 4158 falsi
2505 4093 2661 4142 testes
2718 4084 2838 4150 Dei,
2877 4087 3003 4156 quia
3052 4084 3250 4155 falsum
3316 4085 3462 4138 testi-

1879 4180 2116 4234 monium
2149 4187 2336 4232 contra
2359 4177 2527 4244 Deum
2560 4176 2813 4242 diximus,
2839 4176 2981 4248 quod
3012 4175 3284 4231 suscitavit
3309 4175 3435 4230 Chri

1878 4280 2042 4337 stum,
2091 4287 2247 4343 quem
2291 4286 2396 4324 non
2423 4271 2699 4324 suscitavit
2729 4280 2796 4326 ω.

1951 4447 2114 4502 Vanas
2144 4462 2337 4502 revera
2384 4456 2514 4504 sunt
2555 4447 2874 4518 huiusmodi
2923 4447 3460 4518 argumentationes,

1879 4546 1938 4594 et
1963 4538 2182 4594 eversio
2231 4537 2382 4600 fidei.
2415 4547 2477 4594 ut
2515 4540 2594 4595 ait
2623 4539 2924 4611 Gregorius
2953 4539 3287 4612 Theologus.
3329 4539 3460 4596 Om-

209 4627 518 4690 Ἐκπαντὺς
541 4625 635 4680 οὖν
663 4624 1038 4681 ἀποδέδεικται
1069 4625 1490 4698 κεκαθαρμένην
1519 4629 1774 4700 ἀντιρῤή-

1880 4627 2014 4682 nino
2067 4626 2237 4698 igitur
2285 4627 2727 4684 demonstratum
2774 4639 2859 4685 est
2910 4629 3080 4684 solam
3131 4630 3478 4690 sententiam,

203 4739 342 4786 σεως
361 4721 604 4790 ἁπάσης,
635 4719 732 4773 καὶ
754 4718 1143 4788 ἀνεξέλεγκτον
1171 4715 1334 4786 εἶναι,
1361 4719 1455 4774 καὶ
1485 4719 1654 4790 μόνην
1681 4720 1776 4774 ἐπὶ

198 4813 298 4883 τῆς
315 4809 573 4878 ἀληθείας
599 4809 826 4864 ἑστάναι
874 4807 974 4880 τὴν
1002 4807 1162 4874 δόξαν
1194 4809 1295 4879 τῆς
1325 4809 1489 4879 ἁγίας
1516 4811 1609 4864 τοῦ
1639 4809 1775 4864 Θεοῦ

199 4903 296 4956 καὶ
315 4898 614 4970 καθολικῆς
663 4898 1012 4969 Ἐκκλησίας.
1058 4899 1228 4954 Ὅταν
1265 4896 1371 4970 μὶν
1401 4901 1508 4970 γὰρ
1530 4901 1621 4954 τὸν
1647 4901 1777 4972 τρό-

200 5011 303 5050 πον
331 4992 458 5048 καθ⁹
490 4993 550 5046 ὃν
575 4991 803 5062 γέγονεν
834 4993 868 5063 ἡ
895 4993 961 5046 ἐκ
991 4991 1149 5056 θείας
1195 4992 1610 5064 φιλανθρωπίας
1642 4993 1776 5064 πρὸς

201 5088 350 5158 ἡμᾶς
387 5084 796 5154 συγκατάσασις
845 5082 1104 5154 ϐούληται
1147 5085 1444 5155 παριστᾷν,
1495 5085 1594 5156 τὴν
1646 5085 1777 5155 μίαν

199 5175 294 5230 τοῦ
321 5175 456 5228 Θεοῦ
488 5174 665 5243 Λόγου
702 5173 865 5244 φύσιν
911 5175 1344 5247 σεσαρκωμένην
1380 5175 1737 5244 ὁμολογοῦσιν
1759 5191 1775 5207 °

197 5265 276 5328 ὼς
299 5265 396 5320 ἅτε
424 5263 520 5318 τοῦ
535 5263 710 5332 Λόγου
733 5263 972 5335 ὰνάρχου
993 5281 1052 5318 τε
1083 5265 1237 5329 ὄντος
1273 5266 1370 5320 καὶ¹
1399 5265 1586 5330 ἀϊδίως
1615 5267 1673 5318 ὲν
1700 5265 1780 5336 τῷ

201 5354 399 5425 Ilath,
432 5356 490 5408 ὲν
520 5355 732 5426 ὑστέρῳ
751 5355 810 5408 δὲ
837 5355 908 5410 δι’
937 5357 1086 5427 ἡμᾶς
1113 5357 1208 5410 καὶ
1240 5357 1341 5427 τὴν
1360 5357 1636 5428 ἡμετέραν
1671 5375 1778 5410 σω-

199 5445 396 5520 τηρίαν
424 5447 964 5520 ὲνανθρωπήσαντος,
1022 5449 1116 5503 καὶ
1142 5449 1488 5518 σπέρματος
1523 5449 1781 5520 ’Δϐραὰμ

199 5539 660 5608 ἐπιλαϐομένου,
724 5542 820 5594 καὶ
853 5541 995 5595 κατὰ
1043 5543 1224 5596 πάντα
1261 5544 1395 5612 ἡμῖν
1419 5540 1779 5611 ὁμοιωθέντος

201 5631 324 5701 δίχα
351 5631 520 5701 μόνης
543 5631 838 5702 ἁμαρτίας.
877 5632 1049 5686 Ὅταν
1092 5633 1150 5684 δὲ
1179 5634 1249 5687 τὰ
1275 5634 1332 5685 ἐν
1362 5627 1444 5696 οἷς
1469 5634 1498 5686 ὁ
1522 5631 1775 5702 Χριστὸς,

207 5721 239 5796 ἦ
266 5723 358 5776 καὶ
386 5722 486 5775 ὅσα
529 5724 556 5776 ὁ
590 5723 844 5792 Χριστὸς,
880 5721 1135 5793 βούληται
1165 5721 1413 5794 θεωρεῖν,
1461 5721 1554 5776 δύο
1585 5721 1779 5790 φύσεις

170 5877 178 5882 “
282 5871 527 5945 ῌιειιιὴ.
582 5890 682 5939 xu,
725 5873 813 5929 25.
887 5886 926 5914 ω
972 5874 990 5928 l
1037 5872 1164 5929 Cor.
1217 5890 1304 5938 xv,
1368 5875 1455 5942 li,
1530 5875 1610 5929 I5.

1880 4727 2083 4774 sancta
2111 4728 2168 4774 et
2219 4719 2509 4776 catholicae
2552 4720 2655 4776 Dei
2691 4701 2958 4777 Ecclesia:
2993 4725 3200 4776 'veram
3242 4731 3465 4786 esse,et

1881 4809 2021 4864 nihil
2049 4809 2361 4866 contradici
2404 4825 2602 4880 posse,
2657 4825 2837 4882 neque
2869 4825 3034 4881 posse
3058 4825 3186 4866 eam
3217 4811 3462 4886 coargui.

1879 4903 2018 4958 Cum
2051 4902 2200 4959 enim
2228 4901 2526 4958 ostendere
2549 4902 2690 4968 vult,
2721 4902 3003 4973 quomodo
3028 4918 3098 4958 ex
3125 4901 3313 4958 divina
3333 4918 3464 4974 erga

1881 4994 2137 5050 homines
2186 4993 2457 5048 charitate
2505 4992 2749 5048 Verbum
2798 4993 2896 5048 Dei
2950 4992 3020 5048 ad
3077 4995 3465 5050 assumendam

1882 5101 2104 5142 carnem
2126 5084 2288 5140 nobis
2317 5084 2796 5149 condescenderit,
2826 5099 2993 5139 unam
3018 5092 3275 5140 naturam
3301 5085 3466 5141 Verbi

1879 5177 1975 5232 Dei
2005 5177 2303 5232 conﬁtetur
2351 5176 2730 5242 incarnatam;
2787 5175 2938 5245 quod
2971 5191 3039 5230 ex
3069 5176 3377 5231 aeternitate
3411 5188 3469 5232 et

1878 5269 1998 5324 sine
2031 5267 2303 5338 principio
2333 5277 2453 5324 erat
2485 5269 2541 5322 in
2567 5268 2682 5322 Deo
2699 5267 2865 5322 Patre
2897 5283 2913 5333 ;
2943 5273 3002 5322 et
3024 5275 3218 5337 postea
3242 5275 3469 5338 propter

1879 5375 1983 5412 nos
2013 5368 2070 5412 et
2091 5367 2317 5428 propter
2343 5359 2578 5414 salutem
2611 5365 2882 5421 nostram,
2903 5359 3110 5413 factum
3141 5357 3248 5412 fuit
3277 5357 3465 5425 homo,

1879 5456 1938 5502 et
1979 5463 2157 5501 semen
2196 5448 2470 5502 Abraham
2501 5448 2853 5518 apprehendit
2877 5457 2930 5512 ι’,
2957 5455 3016 5503 et
3041 5463 3142 5518 per
3175 5449 3359 5504 omnia
3384 5449 3468 5504 fa-

1882 5547 2008 5592 ctus
2067 5545 2154 5590 est
2210 5537 2412 5592 similis
2462 5538 2627 5592 nobis
2683 5546 2916 5608 excepto
2988 5539 3109 5594 solo
3169 5551 3396 5610 peccato
3419 5550 3468 5596 °.

1883 5625 2114 5694 Quando
2149 5637 2332 5682 autem
2363 5628 2566 5684 docere
2610 5629 2730 5684 vult
2757 5629 2848 5685 illa
2881 5629 2936 5684 in
2970 5631 3176 5700 quibus
3214 5631 3466 5690 Christus

1887 5717 2264 5782 consistit,.ct
2293 5735 2416 5790 qtae
2467 5718 2723 5776 Christus
2769 5721 2888 5774 vult
2942 5736 3044 5779 nos
3079 5724 3464 5797 contemplari.
3549 5749 3559 5759 -

1690 5880 1717 5908 ¹¹
1777 5873 1940 5927 llebr.
1994 5889 2054 5938 ll,
2099 5873 2182 5927 Ui.
2268 5879 2292 5908 °
2329 5873 2496 5931 Hebr.
2535 5889 2611 5942 tv,
2671 5876 2751 5930 l5.
